3142 5356
677 315 764 376 Anno
786 328 880 393 1394.

253 529 331 590 Item
356 529 506 611 Mateyka
531 529 647 591 mulier
671 528 781 591 relicta
805 525 959 609 Jaltetych
986 525 1130 586 vendidit
1154 523 1293 587 fundum
1317 543 1412 585 suum

151 636 261 720 Mylre,
283 648 428 718 tempore
454 635 530 696 dicti
555 635 651 698 Petri.

257 741 334 803 ltem
352 739 501 802 dedimus
518 741 625 803 literas
638 753 761 802 nostras
775 738 917 820 Georgio
934 737 1000 801 filio
1018 738 1184 820 Pangracii
1204 757 1301 820 super
1318 756 1417 799 unam

151 863 270 913 terram
294 847 448 909 arabilem
472 860 503 909 et
527 845 670 909 fenetum
703 847 787 909 iuxta
813 846 1050 909 continenciam
1082 845 1264 907 testamenti
1288 844 1418 906 Nicolai

149 955 264 1039 judicis
288 953 463 1038 Dolasych‚
486 967 633 1034 tempore
657 953 733 1016 dicti
760 954 854 1017 Petri.

255 1061 334 1124 Item
359 1061 459 1122 Antol
483 1059 567 1122 filius
591 1061 705 1145 Kyrini
730 1060 877 1122 vendidit
910 1059 1037 1120 vineam
1062 1077 1153 1120 suam
1179 1057 1324 1140 Georgio
1350 1056 1420 1119 filio

150 1168 236 1247 lvan,
260 1181 405 1249 tempore
431 1165 507 1228 dicti
532 1166 629 1230 Petri.

257 1275 335 1337 ltem
360 1273 491 1335 domina
519 1273 627 1355 Marge
653 1291 783 1335 consors
805 1273 888 1334 Petri
905 1272 1019 1355 judicis
1043 1271 1240 1334 condonavit
1263 1270 1420 1353 (hlortum

151 1401 245 1443 suum
271 1381 377 1442 eidem
404 1380 509 1458 Petro,
534 1392 680 1461 tempore
704 1378 861 1442 eiusdem.

257 1486 336 1548 ltem
361 1487 439 1546 emit
464 1501 571 1547 nostra
604 1485 819 1547 communitas
853 1506 950 1546 unam
974 1486 1103 1546 vineam
1137 1485 1284 1546 aKatha
1308 1485 1422 1547 relicta

153 1593 306 1671 Hernich,
330 1607 476 1674 tempore
501 1591 578 1652 dicti
597 1591 693 1672 Petri,
717 1605 747 1653 et
769 1612 895 1674 semper
919 1593 957 1653 de
976 1591 1089 1653 eadem
1113 1606 1238 1653 sextum
1263 1592 1421 1654 eubulum

154 1701 277 1761 dabunt
300 1699 439 1760 cultores
463 1697 608 1759 eiusdem
638 1712 745 1759 nostre
770 1699 1005 1760 communitati.

261 1805 338 1867 Item
365 1805 513 1867 dedimus
529 1826 585 1888 per
610 1806 743 1867 modum
762 1805 972 1867 exhibicionis
997 1806 1131 1867 domino
1150 1806 1243 1867 Petro
1261 1806 1423 1868 moderno

158 1910 256 1991 judici
281 1911 388 1972 literas
420 1926 543 1972 nostras
571 1912 806 1973 exhibicionem
841 1928 957 1973 rectam
983 1913 1133 1973 habendo
1158 1932 1253 1993 super
1279 1913 1422 1993 quadam

157 2017 377 2100 expedicione,
400 2031 545 2099 tempore
571 2017 727 2080 eiusdem.

261 2123 338 2184 ltem
364 2123 512 2185 dedimus
536 2124 645 2186 literas
669 2140 792 2186 nostras
817 2125 917 2185 Paulo
936 2124 1074 2186 Phranin
1100 2140 1131 2188 et
1152 2126 1255 2187 Frane
1281 2125 1424 2187 consorti

160 2249 216 2291 sue
240 2248 336 2311 super
354 2229 527 2310 nonaginta
545 2244 684 2310 quatuor
707 2229 776 2292 flor.
801 2232 868 2292 auri
893 2250 988 2313 super
1005 2233 1144 2309 Petrum,
1163 2232 1229 2293 luri
1247 2245 1278 2293 et
1296 2233 1424 2316 Myltus,

157 2349 303 2418 ternpore
329 2335 403 2396 dicti
429 2336 523 2397 Petri.

264 2440 343 2502 ltem
360 2440 509 2503 dedimus
532 2441 640 2504 literas
657 2442 871 2524 expeditorias
891 2457 1001 2505 contra
1020 2444 1122 2525 Cigan
1149 2443 1280 2504 domine
1298 2444 1422 2524 Marga-

158 2546 246 2609 rethe
271 2547 412 2609 consorti
438 2547 593 2609 lobannis
625 2547 681 2609 filii
715 2548 804 2609 Pauli
837 2549 973 2610 condam
999 2549 1114 2628 judicis
1145 2565 1177 2612 et
1202 2549 1362 2634 Mychaeli
1389 2568 1424 2610 ac

159 2653 331 2715 Leonardo
356 2652 429 2714 filiis
453 2654 609 2733 eiusdem,
632 2669 777 2736 tempore
803 2655 878 2716 dicti
905 2656 999 2717 Petri.

265 2760 343 2822 ltem
369 2760 516 2820 dedimus
550 2762 657 2823 literas
687 2760 829 2842 Georgio
861 2761 965 2841 jurato
990 2762 1057 2823 tilio
1092 2762 1178 2823 Kuse
1203 2782 1298 2844 super
1322 2781 1424 2824 unum

160 2865 295 2928 lundum
322 2866 361 2927 ad
388 2865 559 2928 laesionem
587 2868 670 2928 Petri
688 2868 834 2948 gardiani
860 2883 890 2928 ct
911 2867 1040 2946 Budi10,
1064 2882 1208 2950 ternpore
1234 2868 1309 2929 dicti
1328 2868 1423 2931 Petri.

266 2973 344 3033 ltem
369 2974 444 3054 quia
471 2974 623 3034 Micusius
655 2974 798 3035 literatus
827 2975 964 3056 plurima
997 2975 1167 3055 nephanda
1192 2973 1273 3036 facta
1298 2995 1425 3058 semper

164 3079 358 3161 perpetravit
376 3094 406 3141 et
430 3094 476 3139 est
494 3080 707 3141 sentenciatus
732 3081 771 3142 de
788 3081 888 3142 nostri
906 3081 1014 3142 medio
1040 3097 1070 3141 et
1087 3081 1319 3143 communitate
1336 3081 1425 3163 quod

163 3187 188 3247 si
214 3187 246 3246 in
271 3185 430 3247 territorio
455 3200 564 3248 nostro
581 3187 798 3268 apprehensus
816 3185 911 3248 suerit
933 3201 1008 3248 tunc
1026 3188 1091 3269 ipse
1110 3188 1237 3269 capitali
1262 3189 1425 3250 sentencia

163 3292 323 3374 puniatur,
356 3305 387 3353 et
417 3311 512 3374 super
544 3292 603 3353 hoc
628 3293 717 3354 litere
751 3307 858 3354 nostre
886 3308 960 3353 sunt
992 3308 1138 3355 emanate
1170 3308 1316 3376 tempore
1350 3294 1424 3356 dicti

163 3398 246 3459 Petri
271 3397 349 3459 etsi
375 3398 447 3479 quis
471 3398 576 3479 ipsum
602 3399 632 3459 in
659 3399 758 3461 domo
783 3400 955 3460 servaverit
983 3418 1042 3480 pto
1067 3398 1189 3460 infideli
1214 3400 1309 3460 nobis
1333 3419 1425 3482 repu-

163 3504 293 3569 tabitur.

270 3610 346 3672 Item
372 3610 523 3672 dominus
540 3610 701 3672 lohannes
726 3609 810 3672 filius
835 3611 912 3672 Bole
938 3611 1026 3672 dedit
1052 3610 1194 3691 Georgio
1219 3612 1426 3673 concambia·

163 3716 236 3780 liter
261 3717 394 3778 domum
420 3717 582 3798 quandam
608 3737 662 3798 per
686 3717 790 3798 ipsum
816 3733 968 3799 emptam,
992 3733 1137 3798 tempore
1162 3717 1239 3778 dicti
1264 3717 1361 3781 Petri.

271 3822 348 3884 Item
374 3843 547 3884 econverso
572 3824 675 3885 dictus
701 3822 861 3904 Georgius
893 3870 925 3886 ..
955 3844 1028 3885 curn
1055 3822 1255 3903 Margarethe
1280 3839 1427 3886 consorte

172 3948 227 3990 sua
253 3943 283 3989 et
307 3929 442 3990 Nicolao
467 3977 499 3993 ..
526 3930 683 3992 dederunt
700 3931 798 3991 modo
816 3932 971 4012 premisso
998 3951 1093 3991 unam
1112 3930 1274 4012 quandam
1293 3931 1428 3992 domum

170 4033 324 4117 ipsorum.
347 4039 495 4114 (exesum),
