3156 5364
685 337 772 395 Anno
795 331 888 414 1384.
1403 355 1419 415 5

264 549 342 610 Item
353 548 484 609 Markus
497 545 582 608 filius
595 544 722 609 Miltech
740 544 795 607 filii
812 547 973 608 Leonardi
987 548 1142 629 quasdam
1156 549 1295 625 vineam,
1305 561 1420 607 terram

152 656 308 718 arabilem
333 669 364 715 et
388 652 485 714 fenile
510 651 634 714 Simoni
659 651 726 714 lilio
751 651 944 736 Chepernye
978 653 1100 716 remisit
1124 666 1154 715 et
1178 651 1361 733 resignavit.

261 760 338 821 Item
364 759 497 820 domina
526 757 726 839 Margaretha
760 758 838 820 olim
864 778 995 821 consors
1027 759 1151 821 Lucasii
1176 757 1233 820 lilii
1260 756 1421 840 Monyech

157 868 289 930 terciam
313 879 434 948 partem
453 864 621 926 cuiusdam
645 864 738 926 vinee
762 884 888 926 necnon
907 884 1007 926 unum
1033 864 1185 946 (hlortum
1211 864 1332 926 ibidem
1356 864 1419 925 exi·

154 987 290 1036 stentem
315 967 438 1053 prefato
464 970 601 1031 Lucasio
626 970 885 1032 testimentaliter
908 972 1037 1052 legavit.

264 1079 343 1140 Item
369 1076 553 1138 Anthonius
577 1075 662 1137 filius
680 1076 833 1159 Stephani
859 1078 937 1139 emit
961 1098 1062 1139 unum
1088 1075 1225 1138 fundum
1249 1097 1266 1138 a
1291 1077 1420 1138 Thoma

157 1186 224 1248 filio
249 1184 389 1262 Andree,
414 1183 469 1264 qui
495 1181 614 1244 fundus
644 1183 776 1245 domine
800 1188 894 1245 Anne
927 1183 1034 1246 relicte
1060 1183 1218 1246 Chwethlr
1243 1181 1420 1264 prefuisset.

260 1291 339 1353 Item
373 1289 535 1351 Johannes
567 1288 651 1350 iilius
677 1289 767 1350 Pauli
806 1303 836 1351 et
869 1289 1000 1351 domina
1026 1309 1156 1351 consors
1187 1309 1243 1350 sua
1276 1303 1422 1351 emerunt

158 1417 257 1459 unum
289 1395 436 1473 fundum,
470 1415 567 1456 unam
592 1408 738 1476 quartam
760 1395 792 1456 in
824 1415 857 1457 se
889 1396 1119 1474 continentem,
1144 1416 1162 1457 a
1186 1395 1328 1480 Symone
1352 1393 1420 1456 lilio

160 1503 361 1586 Chepernye.

265 1611 341 1671 Item
368 1608 549 1690 Stephanus
573 1607 658 1669 filius
684 1608 773 1669 Pauli
800 1622 830 1670 et
854 1608 986 1669 domina
1012 1608 1117 1670 Iwana
1141 1627 1272 1670 consors
1294 1627 1350 1668 sua
1374 1605 1419 1668 l·

161 1731 270 1778 cerunt
301 1715 536 1793 ordinaciones,
568 1728 602 1775 ut
627 1715 682 1797 qui
708 1715 851 1796 ipsorum
876 1716 966 1797 prius
997 1716 1179 1794 moriretur,
1203 1714 1297 1777 huius
1321 1714 1421 1797 partis

161 1823 377 1904 possessiones
401 1822 433 1883 in
458 1835 581 1903 partem
605 1821 807 1903 superstitem
837 1820 1059 1884 devolvantur.

265 1930 341 1990 Item
354 1930 465 1990 Petrus
475 1927 560 1989 filius
570 1927 706 1989 Mathias
716 1929 793 1989 emit
803 1948 902 1989 unum
914 1926 1076 1989 lunduma
1092 1927 1255 2010 Stephano
1267 1927 1420 1990 salivena.

266 2037 341 2098 Item
377 2036 488 2096 Petrus
518 2035 675 2117 gladypar
706 2036 836 2097 terciam
869 2050 991 2118 partem
1023 2035 1190 2096 cuiusdam
1222 2035 1326 2113 vinee,
1356 2053 1419 2115 que

158 2142 283 2204 Nicolai
309 2142 384 2203 dicti
410 2142 582 2223 Hlebopelr
614 2140 832 2222 prefuisset,a
862 2142 957 2203 nobis
980 2141 1126 2219 redemit,
1158 2155 1189 2202 et
1212 2140 1292 2201 duas
1316 2153 1420 2222 partes

155 2249 301 2311 eiusdem
325 2249 457 2309 domina
482 2246 648 2309 EIIzabeth
674 2267 804 2309 consors
827 2267 882 2308 sua
907 2248 967 2310 sibi
992 2247 1184 2330 propinavit.

266 2355 343 2416 Item
368 2355 521 2416 Nicolaus
546 2352 632 2416 filius
659 2355 769 2415 Wonk
804 2354 882 2414 emit
906 2373 1007 2415 unum
1032 2353 1169 2415 fundum
1192 2373 1210 2414 a
1235 2351 1419 2434 Gr(egorio)

155 2461 301 2523 Voschar
321 2477 352 2523 et
377 2461 505 2523 Gerdalr
531 2463 570 2521 de
596 2461 682 2539 Bria,
707 2461 762 2542 qui
785 2459 903 2521 fundus
927 2460 1033 2522 Vrane
1056 2474 1088 2521 et
1111 2460 1195 2522 Petri
1228 2456 1286 2520 lilii
1311 2457 1418 2520 Mathe

153 2566 337 2650 prefuisset.

266 2675 343 2735 Item
370 2673 534 2755 Stephano
564 2673 649 2735 dicto
684 2672 867 2735 Bradchech
900 2672 1073 2755 quemdam
1106 2670 1254 2751 fundum,
1285 2671 1341 2753 qui
1365 2671 1416 2731 Io·

152 2782 274 2845 hannis
296 2783 462 2865 presbiteri
495 2781 782 2844 vicearchidiaconi
807 2782 846 2842 de
876 2781 1015 2843 Goricha
1040 2780 1218 2864 prefuisset,
1243 2800 1300 2863 pro
1325 2779 1418 2841 dacio

152 2890 247 2972 quod
266 2890 333 2971 ipse
350 2889 388 2949 de
407 2889 521 2950 eodem
541 2889 705 2971 persolvit,
729 2889 968 2966 commisimus;
996 2908 1093 2950 unam
1111 2888 1212 2950 eciam
1229 2887 1416 2971 particulam

153 2997 197 3058 de
223 2997 339 3057 eodem
364 2995 465 3056 lundo
490 3014 570 3057 uxor
593 3016 649 3057 sua
674 2996 732 3057 sibi
761 2996 1025 3058 testamentaliter
1048 2995 1175 3077 legavit.

265 3102 343 3163 Item
378 3100 554 3182 Gregorius
586 3101 670 3163 lilius
702 3101 830 3163 Chernlr
863 3102 941 3162 emit
972 3120 1068 3163 unam
1100 3101 1226 3162 vineam
1258 3099 1417 3162 alaltech

165 3228 317 3291 arcupare
342 3207 409 3269 filio
435 3208 538 3270 Esaw.

268 3315 344 3375 Item
369 3313 552 3375 Mawricius
576 3312 659 3376 lilius
693 3314 816 3375 Nicolai
843 3327 970 3376 centum
1003 3312 1071 3378 flor.
1096 3314 1164 3375 auri
1189 3312 1288 3375 modo
1313 3325 1344 3372 et
1367 3331 1417 3372 or-

160 3420 235 3482 dine
261 3421 292 3481 in
318 3420 418 3482 literis
442 3421 558 3481 nostris
582 3420 742 3481 declarato
767 3421 959 3502 deputasset.

267 3527 344 3587 Item
378 3524 538 3608 Georgius
570 3539 670 3588 sartor
706 3525 790 3587 lilius
823 3526 971 3607 Gregorii
1006 3526 1269 3589 testamentaliter
1300 3526 1419 3607 legavit

162 3631 298 3693 fundum
322 3651 417 3692 suum
443 3632 643 3713 Margarethe
667 3632 758 3693 uxori
784 3649 814 3693 et
838 3633 952 3694 Vrsule
977 3632 1042 3694 filie
1066 3651 1206 3693 suarum.

267 3738 344 3800 Item
370 3737 499 3821 Gyanin
525 3739 594 3800 Bon
619 3738 740 3819 juratus
764 3754 794 3800 et
814 3739 975 3800 Johannes
999 3738 1084 3800 filius
1108 3738 1234 3800 Mikech
1259 3758 1330 3800 cum
1349 3739 1418 3821 qui·

164 3845 299 3906 busdam
324 3845 425 3907 vineis
449 3864 561 3906 eorum
586 3845 668 3906 inter
691 3864 724 3905 se
748 3846 972 3906 concambium
999 3844 1152 3907 lecerunt.

267 3951 344 4012 Item
370 3952 522 4012 Nicolaus
539 3950 623 4011 lilius
648 3952 730 4011 Petri
755 3952 794 4012 de
812 3952 968 4036 Zauersya
993 3967 1121 4014 centum
1147 3952 1215 4015 flor.
1234 3954 1301 4013 auri
1320 3953 1419 4014 modo

162 4073 191 4119 et
214 4057 328 4119 ordine
346 4057 377 4118 in
396 4056 494 4118 literis
520 4058 634 4118 nostris
659 4057 830 4136 declarato,
854 4058 929 4118 Ewe
954 4058 1138 4120 subaratrici
1163 4078 1218 4118 sue
1243 4059 1418 4140 deputavit.

268 4163 345 4224 Item
372 4163 535 4224 Iohannes
560 4164 703 4224 literatus
734 4163 818 4224 lilius
842 4163 989 4243 Gregorii
1015 4165 1092 4225 emit
1116 4184 1217 4225 unum
1242 4164 1378 4226 fundum
1402 4186 1419 4225 a

163 4270 307 4331 Iohanne
333 4269 448 4330 Wasas
472 4268 539 4330 filio
564 4270 673 4331 Marci.

268 4376 344 4438 Item
372 4376 487 4437 Worih
513 4375 598 4436 lilius
616 4376 770 4437 Hermani
795 4378 913 4458 recepit
937 4398 952 4437 a
972 4376 1114 4458 Georgio
1139 4377 1233 4440 fratre
1257 4399 1315 4439 suo
1332 4399 1420 4440 sexa·

162 4484 248 4564 ginta
275 4501 408 4559 marcas,
433 4502 512 4563 quas
537 4483 676 4544 consorti
703 4484 800 4564 ipsius
836 4482 968 4563 Georgii
1002 4484 1166 4545 restituere
1190 4485 1419 4565 assumpsIsset.

268 4589 345 4651 Item
381 4588 580 4669 Margaretha
623 4589 756 4666 mulier,
788 4590 896 4650 relicta
929 4590 1053 4650 Nicolai
1088 4590 1164 4652 dicti
1205 4591 1419 4672 Kunspergar,

162 4697 307 4779 le(ga)vit
338 4697 601 4758 testamentaliter
633 4716 731 4756 unum
759 4695 893 4756 fundum
926 4715 1019 4757 suum
1052 4697 1251 4779 Margarethe
1281 4697 1420 4763 consorti

163 4804 292 4870 Martini
317 4803 374 4865 lilii
399 4804 515 4866 Drusin
542 4818 572 4866 et
595 4804 700 4867 eidem
726 4803 874 4867 Martino.
