3142 5356
553 453 817 528 Anno1495.—
840 463 889 509 12.
913 450 993 511 maai.

146 665 269 748 Gaspar
293 663 433 727 eundem
451 664 621 725 Albertum
647 664 749 745 capite
767 662 903 724 detineri
922 659 1058 739 fecisset,
1084 676 1115 724 et
1132 661 1210 724 dum
1236 681 1330 723 causa
1347 680 1411 744 pre·

149 772 232 834 dicta
258 791 366 834 coram
391 771 484 833 nobis
508 772 761 852 proponebatur,
775 768 900 851 Gaspar
916 767 1058 851 prelatus
1082 769 1221 830 eundem
1246 768 1413 831 Albertum

145 878 318 940 honoravit
342 898 398 961 per
414 877 538 959 hecque
563 877 701 938 liberum
719 876 757 937 de
776 876 1002 959 proposicione
1026 896 1082 937 sua
1100 877 1290 953 extremuit,
1308 890 1415 938 contra

151 986 251 1067 ipsius
274 985 399 1047 Alberti
425 1004 556 1046 uxorem
589 985 755 1047 dumtaxat
779 1003 869 1045 suam
902 983 1164 1065 proposicionem
1190 1002 1300 1044 coram
1327 982 1420 1044 nobis

148 1092 328 1171 refferebat,
354 1091 426 1153 ideo
459 1091 527 1174 ipse
549 1090 672 1172 Gaspar
703 1090 850 1151 similiter
882 1092 914 1151 in
943 1089 1096 1169 homagio
1128 1089 1202 1150 vivo
1228 1088 1337 1150 eidem
1363 1089 1419 1150 Al·

149 1201 240 1261 berto
265 1199 430 1260 convictus
447 1212 503 1275 est,
528 1217 568 1260 ex
592 1217 657 1279 quo
675 1197 814 1258 eundem
840 1197 1009 1257 Albertum
1027 1196 1129 1277 capite
1148 1215 1207 1257 suo
1233 1196 1417 1257 detinuerat

147 1319 179 1366 et
211 1306 347 1387 probare
379 1324 444 1365 non
476 1318 601 1385 poterat
632 1303 818 1365 huiusmodi
852 1303 1022 1384 capitalem
1054 1322 1144 1364 suam
1178 1302 1420 1380 detencionem‚

147 1431 244 1492 quem
270 1430 376 1472 coram
401 1410 506 1487 nobis,
530 1423 564 1471 ut
588 1410 781 1491 premissum
806 1424 864 1487 est,
882 1409 920 1469 de
946 1429 1002 1470 sua
1027 1409 1254 1491 proposicione
1280 1409 1421 1471 liberum

148 1517 341 1592 extramisit;
366 1516 420 1577 ubi
447 1515 587 1597 prefatus
613 1515 737 1597 Gaspar
762 1516 801 1578 de
827 1515 1013 1577 huiusmodi
1035 1515 1156 1597 judicio
1181 1516 1348 1577 seniorum
1374 1516 1421 1596 ju·

147 1623 256 1685 dicum
281 1636 450 1684 contentus
474 1636 530 1700 est,
555 1623 660 1684 solum
685 1623 717 1682 in
744 1621 827 1683 lacto
846 1622 987 1702 homagii
1013 1622 1077 1682 vivi
1094 1621 1271 1703 appellavit
1295 1621 1336 1682 ad
1354 1640 1421 1683 ma·

147 1731 283 1812 gistrum
307 1729 590 1805 thawernicorum‚
616 1730 748 1811 ipseque
783 1730 883 1790 eciam
910 1730 1061 1790 Albertus
1093 1729 1124 1789 in
1150 1748 1287 1810 persona
1312 1730 1423 1790 uxoris

147 1836 259 1898 suein
293 1834 376 1897 lacto
400 1835 571 1916 juramenti
604 1835 780 1918 appellavit
811 1835 959 1897 similiter
991 1854 1118 1896 causam
1156 1835 1194 1895 ad
1229 1835 1419 1915 magistrum

148 1943 431 2005 thawernicorum.

147 2194 244 2267 Faria
275 2200 380 2268 tercia
411 2200 563 2286 proxima
593 2208 669 2285 post
708 2197 827 2268 festum
858 2195 1093 2286 Apparicionis
1122 2194 1211 2268 beati
1240 2198 1418 2268 Michaelis

679 2323 884 2410 archangeli.

691 2495 754 2565 (12.
778 2494 871 2570 attuit).

257 2652 362 2713 Causa
387 2652 470 2713 inter
495 2653 710 2714 Laurencium
736 2654 854 2734 Sporar
879 2668 912 2714 ut
930 2668 1070 2714 actorem
1097 2673 1132 2714 ac
1158 2653 1302 2714 livanum
1331 2656 1421 2717 insti·

145 2773 253 2819 torem
278 2772 309 2819 et
332 2758 475 2820 relictam
501 2759 629 2836 Jelicza‚
655 2760 768 2820 citacio
796 2759 946 2821 secunda.

256 2899 332 2960 Item
359 2900 390 2960 in
408 2920 502 2961 eausa
520 2901 634 2962 Vrsule
659 2900 722 2961 filie
748 2902 885 2962 condam
906 2901 1060 2983 Stephani
1079 2901 1119 2962 de
1138 2902 1252 2963 Nouak
1272 2903 1303 2962 in
1324 2904 1421 2984 perti-

150 3006 272 3067 nenciis
297 3007 456 3067 Zamahor
480 3022 590 3069 contra
616 3006 794 3087 Georgium
812 3007 913 3068 filium
934 3008 1043 3069 Jacobi
1069 3008 1147 3069 civis
1164 3008 1203 3070 de
1231 3009 1421 3090 Bohgason-

150 3112 234 3174 lalva
259 3113 291 3173 in
317 3114 471 3175 comitatu
498 3114 666 3175 Bachiensi
694 3115 725 3174 in
755 3113 838 3175 lacto
872 3115 1063 3175 violacionis
1086 3135 1142 3176 seu
1168 3116 1300 3196 rabptus
1325 3137 1422 3199 super

151 3220 287 3281 eandem
305 3220 454 3280 Vrsulam
480 3220 620 3301 puellam
636 3219 727 3298 lacte,
745 3221 820 3301 quia
839 3221 905 3302 ipse
921 3220 1081 3300 Georgius
1098 3221 1234 3282 existens
1252 3221 1284 3282 in
1303 3242 1421 3305 campo

150 3326 181 3387 in
205 3325 366 3386 territorio
391 3325 473 3386 dicte
506 3327 642 3386 civitatis
675 3327 775 3407 ipsam
808 3326 956 3387 Vrsulam
991 3341 1211 3389 transeuntem
1244 3347 1301 3408 per
1334 3329 1419 3390 viam

149 3432 310 3514 publicam
342 3432 447 3513 rapuit
479 3446 605 3493 etcum
639 3435 837 3493 vascimento
862 3434 974 3506 limen,
1003 3434 1090 3514 quod
1120 3454 1216 3516 super
1248 3455 1281 3494 se
1307 3435 1421 3498 habuit

151 3538 261 3601 eadem
289 3539 413 3616 Vrsula,
438 3553 532 3619 caput
558 3553 589 3599 et
613 3539 719 3599 colum
746 3539 857 3618 ligavit
881 3555 912 3599 et
937 3541 1073 3602 involvit
1097 3542 1207 3622 sicque
1232 3541 1273 3601 ad
1299 3556 1417 3604 terram

151 3645 284 3727 projecit
309 3658 340 3705 et
363 3644 497 3704 violavit
521 3645 754 3726 potencialiter,
778 3647 866 3726 quod
892 3647 958 3727 ipse
977 3648 1097 3728 pluries
1122 3648 1256 3728 juridice
1282 3649 1417 3712 interro·

148 3766 240 3832 gatus
263 3771 328 3812 non
361 3752 500 3830 negavit,
525 3766 632 3812 tamen
664 3752 743 3812 dixit
775 3753 862 3832 quod
895 3754 961 3834 ipsa
997 3755 1167 3834 pecuniam
1200 3756 1365 3836 petivisset
1389 3773 1419 3819 et

149 3857 216 3939 ipae
241 3857 380 3918 dedisset
405 3857 433 3918 ei
460 3877 560 3918 unum
585 3872 743 3936 ottonem,
767 3859 834 3940 ipsa
858 3874 966 3920 autem
984 3860 1099 3922 Vrsula
1124 3861 1208 3922 istud
1233 3878 1418 3925 constanter

149 3965 287 4044 negavit,
312 3964 400 4046 quod
425 3965 493 4046 ipsa
519 3984 576 4024 nec
600 3966 712 4046 petivit
737 3985 795 4026 nec
820 3967 945 4046 rogavit
978 3987 1082 4048 neque
1107 3969 1244 4051 recepit,
1271 3970 1346 4032 ideo
1371 3971 1418 4051 ju·

150 4070 207 4131 rati
232 4069 507 4148 adjudicaverunt,
541 4072 627 4152 quod
663 4070 784 4153 prelata
818 4071 931 4133 Vrsula
964 4074 1132 4137 terciamet
1163 4076 1280 4138 debeat
1312 4077 1418 4159 jurare

149 4195 244 4257 super
267 4191 361 4256 caput
387 4176 460 4236 dicti
488 4176 619 4257 Georgii
646 4179 727 4239 circa
752 4179 911 4256 eculeum,
944 4180 1032 4260 quod
1059 4180 1126 4262 ipsa
1152 4181 1266 4242 Vrsula
1291 4182 1416 4244 nullam

151 4281 318 4362 pecuniam
344 4282 456 4360 petivit
480 4284 519 4343 ab
545 4303 583 4343 eo
617 4304 720 4365 neque
746 4286 876 4366 recepit,
909 4286 964 4346 sed
990 4287 1056 4367 ipse
1082 4286 1167 4348 idem
1193 4302 1239 4349 est
1264 4289 1319 4370 qui
1345 4309 1417 4351 eam

152 4387 373 4468 potencialiter
397 4389 502 4470 rapuit
527 4404 557 4450 et
574 4391 718 4467 violavit,
744 4391 964 4472 conjuratores
987 4412 1065 4454 vero
1088 4413 1144 4455 sue
1169 4408 1242 4475 post
1273 4414 1344 4455 eam
1370 4394 1419 4475 ju·

151 4494 275 4570 tabunt,
300 4494 388 4575 quod
414 4496 480 4576 ipsa
506 4496 586 4575 juste
610 4496 734 4575 juravit,
749 4511 779 4559 et
800 4514 968 4579 postquam
996 4501 1109 4561 eadem
1135 4501 1250 4562 Vrsula
1266 4501 1307 4562 ita
1332 4501 1417 4581 jura·

150 4601 230 4661 verit
254 4600 339 4661 dicto
373 4600 515 4683 Georgio
538 4604 658 4664 ibidem
695 4605 778 4665 circa
811 4606 958 4666 eculeum
992 4620 1087 4686 caput
1116 4607 1352 4688 amputabitur;
1389 4624 1421 4671 et

149 4705 280 4768 tandem
305 4708 482 4768 secundum
515 4709 793 4787 adjudicacionem
825 4711 1001 4789 juratorum
1035 4708 1156 4792 prefata
1180 4712 1296 4774 Vrsula
1321 4733 1420 4796 super

151 4812 272 4874 dictum
291 4812 468 4894 Georgium
486 4814 617 4875 terciase
642 4816 767 4893 juravit,
784 4830 856 4897 post
870 4815 1054 4877 huiusmodi
1073 4815 1289 4897 juramentum
1315 4832 1421 4883 tortor

150 4918 211 4981 sibi
237 4933 331 5001 caput
359 4920 546 5002 amputavit.
