3142 5356
513 1551 643 1652 (Anno
669 1549 827 1640 Domini
854 1547 1040 1650 Mum.)

548 1893 612 1970 (24.
629 1895 780 1969 junuarii,
803 1912 874 1953 ann.
900 1893 1003 1968 1519).

704 2049 856 2127 (Scheria).

252 2193 373 2254 Notum
399 2194 440 2254 sit
463 2193 615 2254 omnibus
639 2205 803 2274 presentes
834 2192 949 2252 visuris
973 2191 1112 2272 qualiter
1135 2211 1195 2252 nos
1219 2188 1413 2273 infrascripti

147 2313 178 2360 et
201 2300 359 2361 nominati
383 2300 493 2360 arbitri
518 2319 604 2360 anno
630 2298 762 2361 Domini
797 2320 889 2378 ¹5¹0·
913 2295 992 2359 feria
1010 2296 1150 2358 secunda
1175 2297 1321 2379 proxima
1340 2310 1413 2358 ante

147 2403 264 2468 festum
289 2406 519 2468 Conversionis
543 2407 627 2468 beati
658 2405 749 2467 Pauli
782 2405 932 2486 apostoli,
957 2404 1112 2486 preteriti,
1145 2404 1184 2465 de
1209 2403 1356 2464 unanimi
1383 2416 1415 2464 et

148 2513 216 2594 pari
241 2531 354 2574 eorum
378 2512 544 2573 voluntate
569 2514 651 2573 inter
675 2511 876 2572 Bernardum
896 2511 1007 2571 ltalum
1034 2511 1073 2572 de
1099 2509 1254 2572 Camellis
1278 2509 1414 2571 Floren-

148 2618 264 2695 tinum,
288 2618 454 2679 concivem
473 2633 629 2696 nostrum,
647 2631 679 2679 et
695 2617 862 2678 dominam
888 2617 1085 2678 Dorotheum
1104 2617 1247 2677 relictam
1273 2617 1414 2677 condam

150 2724 302 2805 Stephani
327 2724 443 2785 literati
468 2725 606 2785 condam
638 2725 786 2785 similiter
819 2724 961 2784 concivis
992 2725 1102 2802 nostri,
1135 2723 1263 2785 racione
1288 2736 1320 2784 et
1344 2742 1415 2804 pre·

149 2846 236 2892 textu
260 2831 424 2892 cuiusdam
452 2830 622 2892 filiacionis
645 2851 701 2892 seu
737 2831 927 2912 adopcionis
962 2831 1043 2891 inter
1068 2831 1198 2892 eosdem
1224 2830 1313 2911 prius
1338 2849 1416 2890 con·

149 2937 239 2998 tracti
271 2951 302 2997 et
333 2937 453 2998 mutuis
484 2951 553 2998 tum
583 2937 682 2999 debiti
715 2957 772 3018 per
809 2937 949 2998 eundem
984 2937 1181 2998 Bernardum
1215 2956 1272 3017 pro
1297 2936 1416 2997 marito

150 3043 233 3104 dicte
258 3043 389 3104 domine
414 3043 576 3105 Dorothee
601 3045 779 3121 solucione,
800 3058 935 3124 tumque
960 3043 1001 3103 ad
1026 3042 1161 3104 eandem
1187 3042 1356 3103 dominam
1382 3043 1416 3103 in

151 3149 375 3230 quinquennio
400 3150 546 3231 expensis
569 3147 659 3212 factis
683 3165 714 3212 et
737 3149 855 3210 habitis
886 3150 985 3211 talem
1011 3149 1228 3211 arbitrativam
1254 3147 1416 3210 delibera·

151 3256 276 3317 cionem
301 3252 482 3318 fecerimus.

258 3361 333 3423 Item
359 3363 475 3443 primo,
501 3382 550 3423 res
574 3383 629 3444 per
654 3362 808 3444 prefatam
836 3363 1001 3424 dominam
1033 3361 1229 3423 Dorotheum
1254 3361 1417 3442 assignate

151 3470 191 3530 ad
216 3488 329 3529 manus
353 3469 502 3549 prelibati
529 3470 679 3530 Bernardi
706 3470 745 3530 de
775 3490 934 3531 consensu
967 3485 997 3530 et
1022 3469 1223 3550 beneplacito
1247 3468 1333 3529 dicte
1358 3470 1417 3530 do·

152 3575 238 3636 mine
255 3574 418 3636 Dorothee
436 3589 466 3635 et
490 3589 592 3636 taxate
611 3589 641 3638 et
658 3577 834 3638 existimate
852 3576 981 3638 fuerunt
999 3577 1029 3636 in
1048 3577 1157 3637 valore
1182 3573 1249 3636 flor.
1268 3575 1417 3657 quinque

152 3696 182 3742 et
206 3680 383 3741 solidorum
408 3682 570 3762 sexaginta
595 3682 743 3745 duorum.

258 3787 304 3848 De
328 3787 403 3848 hinc
428 3807 610 3869 processum
637 3804 683 3850 est
707 3790 746 3850 ad
772 3792 934 3850 racionem
969 3789 1150 3851 faciendam
1174 3803 1205 3848 et
1228 3787 1417 3870 ponendam

153 3893 192 3954 de
217 3893 342 3972 debitis,
368 3914 431 3975 que
450 3895 556 3956 debita
582 3895 722 3977 prefatus
739 3896 921 3957 Bernardus
939 3898 971 3957 in
989 3911 1106 3958 sortem
1132 3910 1162 3957 et
1186 3895 1226 3956 ad
1251 3895 1419 3958 racionem

152 3999 273 4082 prefate
297 4002 429 4063 domine
455 4001 618 4062 Dorothee
643 4002 807 4082 persolvit,
840 4022 979 4082 quorum
1004 4025 1129 4065 summa
1154 4004 1193 4063 de
1218 4002 1420 4066 admissione

153 4107 236 4168 dicte
260 4108 392 4170 domine
417 4121 464 4171 est
481 4123 642 4190 comperta
661 4107 730 4169 flor.
749 4109 961 4190 quadraginta
989 4125 1123 4191 septem,
1149 4110 1188 4171 de
1214 4129 1280 4192 quo
1304 4111 1420 4173 debito

153 4215 243 4276 totali
261 4213 373 4296 prefati
391 4216 544 4277 Bernardi
570 4212 716 4277 defalcati
742 4231 815 4276 sunt
833 4216 879 4277 illi
904 4216 974 4281 flor.
998 4219 1141 4299 quinque
1159 4233 1190 4280 et
1213 4217 1310 4279 solidi
1328 4238 1417 4281 sexa·

153 4321 240 4402 ginta
265 4321 340 4399 duo,
366 4340 447 4402 quos
471 4321 557 4382 idem
582 4323 742 4384 asserebat
766 4322 805 4383 ad
832 4323 949 4384 dictam
980 4324 1146 4384 dominam
1171 4324 1363 4406 percepisse,
1388 4340 1421 4387 et

153 4428 198 4488 sic
221 4426 283 4488 hiis
306 4426 422 4488 habitis
453 4441 548 4488 restat
580 4427 700 4509 prefata
733 4429 865 4490 domina
899 4431 929 4490 in
963 4430 1073 4492 debito
1108 4430 1176 4492 flor.
1201 4431 1420 4511 quadraginta

155 4534 249 4596 unius
273 4547 304 4594 et
327 4533 506 4594 solidorum
531 4535 660 4614 triginta
686 4550 770 4598 octo.

260 4639 414 4703 Ultimate
440 4640 554 4720 partim
579 4641 737 4721 peticione
763 4642 868 4702 habita
895 4641 1008 4723 partim
1034 4661 1090 4722 per
1122 4661 1181 4703 nos
1204 4642 1341 4703 arbitros
1367 4663 1420 4705 ex·

155 4766 252 4828 pense
279 4747 310 4808 in
325 4745 550 4827 quinquennio
568 4746 734 4823 calculare,
753 4763 915 4829 comperte
936 4763 965 4808 et
980 4749 1150 4809 adinvente
1169 4763 1241 4809 sunt
1265 4763 1296 4809 et
1314 4748 1420 4811 deter-

155 4853 274 4915 minate
292 4854 323 4914 in
349 4852 420 4915 flor.
439 4852 601 4930 undecim,
614 4869 644 4914 et
661 4855 704 4915 sic
724 4855 836 4935 positis
851 4855 968 4916 debitis
986 4870 1016 4916 et
1033 4855 1180 4936 expensis
1195 4855 1313 4937 pariter
1330 4875 1420 4918 com·

154 4973 243 5042 perta
256 4975 303 5022 est
315 4958 435 5043 prefata
454 4958 587 5020 domina
604 4959 636 5019 in
653 4974 720 5021 toto
739 4960 875 5021 debitrix
894 4962 925 5022 in
940 4961 1009 5023 flor.
1027 4961 1261 5043 quinquaginta
1278 4961 1420 5029 duobus.
