3142 5356
456 1389 584 1489 (Anno
612 1386 768 1474 Domini
795 1386 1101 1487 dccccxxxi.)

148 1725 185 1800 ln
216 1728 360 1800 nomine
391 1725 545 1800 Domini.
576 1724 703 1801 Amen.
740 1727 844 1802 Anno
874 1725 1083 1802 Natiuitatis
1114 1728 1275 1803 eiusdem
1304 1728 1415 1803 mille-

146 1850 237 1924 simo
268 1849 624 1948 quadringentesimo
660 1850 845 1925 tricesimo
885 1851 1009 1950 primo,
1047 1852 1081 1925 in
1118 1851 1216 1927 festo
1256 1850 1415 1928 Conver-

148 1973 260 2046 sionis
280 1973 377 2047 beati
408 1972 507 2047 Pauli
533 1975 704 2072 apostoli,
734 1999 883 2074 presens
910 1977 1098 2050 laternum
1131 1983 1293 2050 nostrum
1319 1999 1414 2051 com·

148 2118 252 2169 mune
277 2105 336 2170 est
356 2097 596 2195 conscriptum
624 2106 789 2197 tempore
819 2099 965 2173 secundi
989 2098 1170 2197 judicatus
1191 2101 1254 2174 viri
1275 2099 1415 2198 providi

147 2229 186 2294 et
207 2221 457 2320 circumspecti
478 2221 648 2296 Anthonii
668 2221 798 2320 judicis
822 2221 880 2297 filii
901 2223 1073 2323 Appardi,
1103 2248 1211 2323 super
1239 2224 1415 2322 registra-

147 2344 251 2419 cione
281 2369 344 2418 seu
379 2346 662 2444 consiguacione
695 2346 877 2421 literarum
907 2354 1111 2422 nostrorum
1144 2347 1417 2448 privilegialium

147 2491 257 2568 super
285 2470 579 2567 possessionibus
606 2471 761 2545 civitatis
791 2469 1114 2569 Montisgrecensis
1136 2480 1175 2546 et
1203 2470 1280 2545 eius
1313 2470 1414 2545 terri·

147 2593 231 2666 torii
251 2593 526 2692 privilegialiter
546 2618 611 2692 pro
637 2604 741 2693 parte
770 2595 896 2669 civium
922 2600 960 2669 et
983 2594 1224 2670 habitatorum
1255 2593 1415 2669 eiusdem

146 2716 302 2790 civitatis
342 2717 517 2792 conlectis
556 2725 594 2791 et
632 2718 808 2792 emanatis
847 2741 913 2817 pro
951 2719 1077 2792 maiori
1126 2717 1340 2796 certitudine
1379 2726 1417 2791 et

581 2840 723 2939 refugio
763 2841 981 2916 eorumdem.

658 3070 720 3145 (25.
736 3070 897 3146 januarii).

253 3208 330 3269 Item
357 3208 512 3268 medietas
545 3208 672 3287 domus,
703 3207 806 3287 fundi,
841 3209 948 3270 celarii
973 3222 1004 3269 et
1028 3208 1251 3271 hedificiorum
1285 3210 1317 3270 in
1343 3209 1415 3270 vico

147 3328 257 3375 nostro
290 3315 438 3375 exteriori
471 3334 527 3375 sen
561 3315 665 3395 platea
698 3314 969 3392 Theothonicali‚
1001 3334 1086 3376 nunc
1121 3316 1202 3376 inter
1235 3314 1354 3377 fundos
1385 3329 1416 3377 et

149 3420 265 3480 domos
290 3420 430 3480 virorum
457 3421 666 3502 providorum
692 3420 821 3481 Thome
850 3421 967 3482 sutoris
990 3421 1100 3502 generi
1126 3420 1262 3482 condam
1289 3420 1414 3482 Nicoloi

150 3525 327 3607 Horwoya‚
353 3526 392 3586 ab
417 3546 479 3587 una
513 3539 612 3608 parte,
644 3526 804 3607 siquidem
831 3529 870 3587 ab
902 3527 1000 3588 altera
1026 3527 1154 3588 Martini
1181 3526 1335 3609 sagiparis
1361 3526 1414 3587 ha·

149 3631 214 3692 bite
239 3645 270 3692 et
295 3631 469 3708 existentis,
495 3651 591 3693 unam
624 3632 775 3694 videlicet
803 3645 950 3713 quartam
986 3647 1016 3693 et
1041 3648 1187 3695 octavam
1212 3632 1299 3693 curie
1325 3632 1356 3693 in
1381 3651 1415 3693 se

149 3738 329 3815 continens,
356 3758 427 3798 cum
453 3740 517 3799 suis
553 3739 758 3820 pertinenciis
784 3739 950 3800 Mathkoni
980 3741 1078 3801 sutori
1104 3759 1145 3802 ex
1169 3737 1339 3801 sufficienti
1366 3739 1414 3800 sui

150 3844 422 3924 comprobacione
449 3859 494 3905 est
518 3845 623 3906 eidem
657 3845 830 3908 literatorie
864 3859 1062 3927 perpetuata,
1094 3846 1180 3906 salva
1206 3845 1267 3907 alia
1294 3845 1414 3907 directa

150 3964 182 4011 et
206 3951 312 4031 equali
340 3952 512 4012 medietate
540 3951 683 4012 eiusdem
702 3953 818 4013 domus
836 3964 866 4012 et
884 3950 974 4011 fundi
999 3966 1094 4033 atque
1120 3952 1226 4013 celarii
1251 3965 1282 4012 et
1303 3950 1413 4011 hedifi-

151 4056 274 4117 ciorum
301 4076 397 4117 unam
424 4072 569 4137 quartam
595 4059 680 4118 curie
706 4059 736 4117 in
762 4078 794 4118 se
819 4057 985 4134 retinente,
1020 4077 1092 4118 curn
1116 4057 1180 4118 suis
1204 4056 1410 4139 pertinenciis

150 4160 260 4222 liberis
284 4180 339 4222 seu
364 4164 601 4224 successoribus
627 4162 755 4244 Matbye
788 4162 955 4243 presbiteri
988 4162 1088 4223 libera
1113 4182 1298 4244 semperne
1324 4163 1412 4224 illesa

149 4282 344 4329 remanente.

255 4374 331 4436 ltem
357 4375 506 4455 magister
524 4375 686 4436 lohannes
710 4375 853 4436 literatus
869 4375 1017 4437 officialis
1047 4375 1211 4436 reverendi
1232 4377 1263 4436 in
1282 4374 1413 4437 Christo

149 4480 247 4564 patris
270 4481 394 4542 domini
421 4482 575 4543 Johannis
599 4483 740 4564 episcopi
759 4483 974 4563 zagrabiensis
996 4496 1066 4559 etc,
1091 4481 1255 4562 quandam
1280 4482 1413 4543 domum

148 4606 238 4647 suam
264 4601 421 4649 muratam
447 4588 543 4648 simul
562 4608 632 4648 curn
660 4585 760 4649 londo
785 4603 815 4650 et
840 4588 995 4650 hedificiis
1014 4588 1045 4648 in
1070 4586 1154 4648 dicta
1178 4587 1305 4649 civitate
1331 4589 1412 4650 inter

148 4692 265 4754 domos
289 4707 320 4756 et
343 4693 460 4755 fundos
478 4694 642 4755 Benedicti
669 4695 794 4775 pridem
813 4695 917 4774 jurati,
942 4693 1082 4755 concivis
1111 4694 1210 4755 nostri
1236 4692 1292 4754 lilii
1312 4695 1412 4756 Bene·

149 4797 236 4876 dicti,
254 4799 293 4860 ab
313 4818 376 4861 una
393 4813 492 4881 parte,
506 4801 545 4860 ab
563 4801 660 4861 altera
680 4819 755 4861 vero
772 4800 947 4861 liberorum
966 4820 1022 4860 seu
1035 4818 1253 4860 successorum
1274 4799 1412 4860 condam
