3156 5364
687 362 773 417 Anno
796 356 888 436 1438.
1358 378 1416 440 3²¹

265 572 341 633 ltem
367 572 558 633 Dominicus
583 551 722 652 frenipar
756 570 841 632 filius
866 571 1018 652 Stephani
1044 571 1206 652 quandam
1232 573 1420 654 particulam

152 694 236 740 terre
262 698 318 739 sue
336 679 467 739 arabilis
492 679 523 739 in
542 697 656 759 campo
683 692 713 738 et
729 677 889 738 territorio
907 679 1044 738 civitatis
1068 677 1099 738 in
1120 679 1207 757 Krog
1225 678 1306 738 inter
1323 678 1420 739 aliam

154 783 301 845 eiusdem
325 797 408 845 terre
442 783 644 866 particulam,
668 803 766 864 quam
799 783 884 845 idem
919 784 1109 845 Dominicus
1142 783 1281 865 frenipar
1305 804 1363 867 pro
1389 805 1421 845 se

153 905 356 968 reservasset,
374 905 405 951 et
430 891 511 952 inter
528 891 691 972 quandam
714 891 902 971 particulam
921 891 1064 952 eiusdem
1089 905 1181 969 terre,
1198 910 1295 972 quam
1321 889 1421 953 Geor·

152 997 227 1077 gius
253 995 396 1059 Croacus
429 994 514 1058 filius
545 995 673 1057 Andree
708 998 747 1057 ab
780 997 894 1058 eodem
921 997 1094 1058 Dominico
1127 998 1305 1079 emptionis
1328 998 1422 1059 titulo

154 1104 335 1165 dinoscitur
358 1103 522 1185 possidere
547 1102 701 1181 habitam,
718 1123 772 1163 sex
796 1123 869 1164 cum
888 1103 994 1164 media
1019 1103 1120 1164 dietas
1144 1103 1176 1164 in
1201 1123 1234 1164 se
1251 1104 1417 1165 continen-

153 1225 231 1286 tem,
263 1208 424 1271 Clementi
454 1207 605 1291 frenipari
629 1207 696 1269 filio
722 1209 818 1269 Blasii
850 1228 970 1290 genero
1002 1228 1060 1269 suo
1092 1209 1238 1271 vendidit
1261 1223 1417 1291 perpetuo

154 1315 383 1398 possidendam
408 1329 438 1376 et
462 1314 634 1396 superinde
659 1328 705 1375 est
728 1314 818 1376 litera
843 1316 901 1375 sub
927 1314 1078 1397 pendenti
1104 1315 1210 1395 sigillo
1235 1315 1416 1377 communi-

154 1421 230 1484 tatis
254 1437 411 1482 emanata.

260 1527 338 1588 ltem
364 1527 519 1588 medietas
536 1527 703 1587 cuiusdam
722 1527 849 1605 domus,
874 1525 966 1587 fundi
991 1549 1028 1588 ac
1045 1525 1268 1589 hedificiorum
1294 1528 1325 1587 in
1343 1530 1414 1589 vico

155 1632 256 1714 ipsius
272 1632 409 1694 civitatis
428 1633 577 1694 exteriori
594 1652 650 1693 seu
667 1632 771 1713 platea
790 1632 1041 1694 Theuthonicali
1061 1634 1142 1694 inter
1159 1633 1284 1711 domos,
1303 1631 1421 1694 fundos

154 1754 186 1799 et
211 1737 357 1800 hedificia
385 1739 481 1799 Blasii
507 1737 654 1820 pellificis
679 1760 696 1799 a
720 1754 807 1820 parte
837 1740 1090 1820 septemtrionali
1117 1754 1147 1801 et
1172 1760 1189 1800 a
1215 1755 1302 1822 parte
1328 1740 1421 1800 meri-

154 1845 278 1906 dionali
304 1844 452 1926 Gregorii
477 1846 594 1906 sutoris
612 1845 730 1923 habite,
751 1866 846 1906 unam
874 1845 1022 1907 videlicet
1047 1861 1193 1927 quartam
1218 1861 1249 1908 et
1273 1861 1420 1908 octavam

154 1952 243 2012 curie
267 1953 300 2012 in
325 1971 357 2011 se
383 1951 562 2029 continens,
593 1971 649 2032 per
678 1952 903 2012 vendicionem
931 1952 1150 2013 Bartholomei
1183 1952 1341 2013 sellatoris
1365 1950 1422 2013 filii

156 2057 249 2118 Pauli
276 2056 437 2118 Clementi
463 2055 614 2138 irenipari
640 2055 707 2117 filio
725 2057 822 2118 Blasii
848 2071 882 2118 ut
907 2077 992 2117 novo
1017 2058 1141 2118 concivi
1168 2071 1276 2117 nostro
1301 2071 1347 2118 est
1363 2058 1422 2117 sub

156 2163 310 2246 pendenti
336 2163 444 2244 sigillo
468 2163 709 2224 communitatis
733 2178 919 2245 perpetuata
946 2178 976 2224 ct
1001 2163 1199 2225 confirmata.

266 2269 342 2329 ltem
378 2268 477 2329 Elena
509 2268 574 2330 filia
607 2268 697 2329 Pauli
727 2269 783 2330 filii
818 2269 900 2330 lwan
933 2272 1063 2330 terciam
1099 2285 1221 2352 partem
1254 2269 1422 2330 cuiusdam

156 2376 284 2452 domus,
309 2373 412 2451 fundi,
438 2376 612 2456 celariique
637 2376 834 2435 subterranei
859 2390 889 2435 et
914 2374 1137 2437 hedificiorum
1165 2377 1194 2436 in
1223 2376 1294 2436 vico
1322 2375 1422 2456 ipsius

158 2482 296 2543 civitatis
314 2482 461 2542 exteriori
480 2495 625 2542 sutorum
650 2482 732 2542 inter
749 2481 874 2559 domos,
897 2481 1014 2543 fundos
1032 2498 1062 2544 et
1080 2480 1226 2543 hedificia
1244 2481 1420 2542 liberorum

157 2587 244 2650 Galli
271 2587 433 2668 arcuparis
458 2607 493 2647 ac
518 2587 585 2647 vias
609 2607 665 2647 seu
683 2587 804 2669 plateas
829 2608 1017 2648 communes
1034 2588 1152 2665 habite,
1177 2589 1313 2669 desuper
1336 2607 1353 2648 a
1373 2587 1422 2648 via

156 2693 322 2755 communi
347 2707 377 2754 et
403 2691 484 2753 inira
518 2713 618 2774 usque
649 2692 783 2754 fluvium
817 2695 985 2775 antiquum
1020 2695 1216 2756 Mathichina
1244 2695 1364 2755 dictum
1390 2713 1422 2754 se

157 2799 369 2876 extendentis,
394 2819 489 2860 unam
517 2799 666 2861 videlicet
691 2814 837 2880 quartam
856 2802 940 2860 curie
967 2803 997 2861 in
1019 2822 1052 2862 se
1078 2803 1307 2877 continentem,
1326 2801 1419 2861 Erne-

157 2909 224 2969 rico
249 2905 315 2967 filio
334 2904 499 2966 Michaelis
524 2905 680 2966 moderno
706 2906 839 2967 domino
865 2922 894 2967 ct
912 2909 1026 2967 marito
1051 2928 1109 2968 suo
1135 2908 1304 2988 legittimo,
1330 2926 1415 2967 novo

156 3013 283 3074 concivi
308 3026 429 3090 nostru,
454 3011 586 3073 donavit
610 3026 766 3094 perpetuo
798 3013 1038 3094 possidendam,
1064 3031 1094 3075 et
1120 3015 1285 3075 Emericus
1320 3013 1418 3076 Cher-

156 3139 235 3181 necz
260 3137 357 3179 unam
390 3131 535 3178 octavam
567 3137 657 3178 suam
690 3119 809 3179 ibidem
840 3120 980 3181 habitam
1015 3120 1120 3181 eidem
1147 3121 1306 3197 Emerico,
1333 3139 1419 3180 novo

157 3225 294 3302 concivi,
320 3224 445 3286 sororio
464 3243 533 3301 suo,
558 3244 616 3305 pro
634 3239 773 3305 quatuor
797 3224 865 3286 flor.
885 3227 951 3286 auri
978 3227 1123 3288 vendidit
1141 3241 1296 3309 perpetuo
1321 3227 1421 3308 possi·

157 3330 298 3394 dendam
324 3344 354 3391 et
379 3331 550 3411 superinde
583 3344 629 3391 est
654 3331 745 3392 litera
777 3334 835 3391 sub
860 3332 1013 3413 pendenti
1046 3334 1154 3414 sigillo
1179 3333 1421 3395 communitatis

157 3453 316 3500 emanata.

266 3544 342 3606 ltem
369 3544 541 3605 Scolastica
567 3544 676 3605 relicta
701 3545 824 3605 Nicolai
857 3545 987 3628 Lochlty
1012 3566 1097 3606 nunc
1122 3565 1236 3607 consor
1261 3547 1417 3627 legittima

160 3651 242 3736 Elye
275 3651 331 3712 filii
357 3649 493 3728 Crisani,
526 3651 729 3713 medietatem
763 3652 928 3713 cuiusdam
966 3653 1081 3713 domus
1112 3674 1167 3713 sue
1192 3668 1223 3714 et
1255 3653 1345 3714 fundi
1387 3673 1422 3714 ac

157 3757 268 3819 celarii
300 3757 497 3819 subterranei
524 3777 581 3818 nec
615 3777 678 3818 non
712 3757 948 3836 hedificiorum,
982 3761 1062 3819 inter
1087 3759 1248 3839 quandam
1274 3760 1420 3820 semitam

157 3883 365 3926 communem
384 3878 413 3924 et
431 3865 512 3925 inter
537 3864 670 3925 domum
688 3865 863 3925 liberorum
889 3866 1016 3926 Thome
1036 3866 1165 3927 cultoris
1190 3866 1308 3943 habite,
1326 3886 1422 3927 unam

159 3984 307 4053 quartam
333 3972 365 4032 in
390 3991 422 4032 se
457 3972 687 4050 continentem,
720 3972 864 4052 predicto
899 3972 977 4054 Elye
1003 3972 1137 4032 domino
1162 3987 1192 4033 et
1226 3972 1339 4033 marito
1364 3992 1422 4032 suo

158 4078 305 4139 vendidit
329 4093 485 4160 perpetuo
511 4079 738 4159 possidendam
764 4095 794 4139 et
817 4079 987 4160 superinde
1019 4093 1064 4138 est
1100 4079 1190 4139 litera
1215 4078 1423 4159 privilegialis

158 4187 219 4246 sub
244 4184 396 4266 pendenti
422 4185 529 4265 sigillo
555 4185 796 4246 communitatis
821 4199 976 4246 emanata.

268 4291 345 4352 ltem
370 4290 554 4351 Anthonius
578 4304 666 4351 sutor
683 4290 767 4351 filius
792 4291 875 4351 lwan
902 4307 931 4351 et
948 4291 1062 4351 Vrsula
1087 4311 1143 4351 sua
1169 4310 1299 4352 consors
1323 4309 1422 4370 quen·

159 4398 235 4459 dam
260 4397 413 4479 (h)ortum
432 4417 542 4458 eorum
569 4398 663 4458 unius
680 4411 790 4478 quarte
809 4397 890 4457 inter
907 4398 1041 4480 (h)ortos
1058 4397 1234 4458 liberorum
1255 4395 1420 4456 Michaelis

161 4504 341 4566 Sebastiani
363 4517 393 4564 et
408 4504 505 4563 Elene
524 4504 667 4563 mulieris
685 4504 792 4564 relicte
810 4503 988 4564 Clementis
1006 4502 1083 4564 fabri
1103 4524 1137 4563 ac
1156 4505 1222 4563 vias
1235 4522 1423 4563 communes

159 4610 317 4687 habiturn,
342 4609 469 4670 Andree
502 4610 601 4670 sutori
627 4609 693 4670 filio
727 4609 867 4686 Thome,
900 4611 1024 4671 concivi
1058 4624 1176 4687 nostro,
1211 4608 1424 4668 vendiderunt

159 4729 315 4799 perpetuo
340 4716 569 4797 possidendum
604 4731 634 4776 et
658 4717 829 4796 superinde
855 4732 900 4776 est
925 4717 1014 4777 litera
1047 4717 1105 4776 sub
1140 4715 1290 4796 pendenti
1316 4715 1422 4795 sigillo

159 4823 400 4884 communitatis
425 4838 580 4883 emanata.

1319 4931 1353 4973 21
