3142 5356
148 515 188 599 98
534 517 619 574 Anno
642 527 735 594 1495.
761 548 802 557 —
823 534 857 594 9.
874 513 1029 590 januarii.

147 730 255 793 hendo
280 729 418 791 eundem
437 731 646 809 vituperasset
663 741 694 789 et
711 727 800 808 quod
816 727 901 788 male
919 726 1061 808 jurasset,
1090 746 1163 788 cum
1188 727 1228 788 ad
1254 727 1315 788 hoc
1329 727 1418 789 idem

148 837 236 898 Elias
252 836 405 918 produxit
428 834 650 897 testimonium
674 833 763 916 quod
788 834 922 895 minime
947 834 1159 916 comprobare
1184 833 1290 915 potuit
1321 848 1419 915 prout

151 944 362 1026 proponebat,
378 942 452 1004 ideo
469 941 678 1003 adinventum
691 955 738 1001 est
760 960 816 1021 per
833 940 964 1021 juratos,
981 940 1069 1021 quod
1087 939 1173 1001 idem
1191 939 1279 1000 Elias
1303 939 1336 1001 in
1363 939 1420 1001 illa

148 1051 297 1132 potencia
323 1049 487 1110 convictus
521 1062 567 1109 est
599 1066 695 1128 quam
722 1066 796 1127 erga
831 1047 936 1128 ipsum
965 1047 1173 1108 Valentinum
1205 1047 1366 1107 asserebat
1390 1060 1422 1107 et

148 1158 366 1239 proponebat;
390 1155 476 1216 idem
502 1154 589 1215 Elias
613 1172 677 1214 non
703 1167 873 1214 contentus
896 1152 1072 1234 appellavit
1095 1152 1136 1214 ad
1159 1152 1312 1214 seniores.

254 1263 360 1325 Causa
385 1263 465 1323 inter
492 1259 680 1322 Gurkonem
705 1260 796 1321 loltar
820 1272 851 1321 ct
883 1273 1063 1321 consortem
1092 1258 1241 1339 Gregorii
1264 1257 1418 1341 pellificis

148 1370 277 1432 racione
302 1382 332 1430 et
355 1380 500 1449 pretextu
521 1366 780 1448 vituperacionis,
798 1367 852 1427 ubi
872 1367 939 1448 ipse
955 1365 1044 1427 Gurk
1062 1366 1223 1426 asserebat
1247 1365 1420 1445 quomodo

149 1494 283 1539 uxorem
308 1494 397 1535 suam
422 1493 504 1535 uxor
528 1472 641 1555 prelati
667 1471 816 1552 Gregorii
841 1472 1033 1554 appellasset
1057 1471 1257 1534 meretricem
1281 1469 1422 1533 Croato·

148 1602 219 1644 rum
251 1597 282 1644 et
314 1581 345 1642 id
377 1580 513 1662 probare
547 1579 662 1656 vellet,
693 1578 748 1638 ubi
783 1579 1003 1639 testimonium
1036 1578 1189 1660 produxit
1221 1591 1252 1639 et
1283 1577 1422 1639 minime

148 1689 359 1771 comprobare
392 1686 506 1768 potuit,
540 1685 613 1746 ideo
645 1684 731 1745 idem
766 1683 878 1746 Gurlto
910 1685 1002 1746 lokar
1037 1685 1202 1746 convictus
1227 1698 1275 1746 est
1306 1700 1422 1746 contra

149 1815 282 1859 uxorem
317 1793 460 1855 eiusdem
495 1791 644 1872 Gregorii
677 1792 708 1852 in
739 1791 849 1853 decem
882 1792 991 1873 pensis
1023 1792 1249 1867 denariorum;
1275 1791 1422 1873 prelatus

149 1902 261 1965 Gurko
286 1920 352 1963 non
378 1913 549 1961 contentus
573 1897 747 1980 appellavit
780 1899 819 1959 ad
844 1899 996 1960 seniores.
1021 1934 1064 1943 —
1088 1898 1197 1960 Partes
1220 1901 1316 1960 ambe
1343 1920 1421 1961 con·

149 2009 330 2071 cordarunt.

391 2193 487 2267 Faria
517 2205 641 2285 quarta
671 2205 747 2284 post
775 2196 899 2266 festum
933 2194 1177 2284 Concepcionis.

651 2349 713 2422 (10.
737 2348 912 2422 decembris).

257 2488 407 2550 Seniores
424 2486 546 2567 judices
564 2507 692 2548 causam
715 2488 796 2549 inter
813 2487 1007 2569 Gregorium
1026 2487 1205 2550 carnificem
1224 2501 1255 2549 et
1272 2488 1418 2552 lwanum

152 2594 331 2656 institorem
346 2593 544 2671 ventilatam,
569 2594 612 2654 sic
638 2593 913 2673 adjudicaverunt,
939 2595 1026 2676 quod
1046 2595 1132 2655 lwan
1157 2594 1259 2676 jurare
1285 2594 1420 2658 habebit

151 2700 191 2761 ad
216 2699 327 2760 leriam
352 2714 474 2761 sextam
501 2700 588 2779 quod
614 2700 691 2761 dum
710 2700 777 2780 ipsa
802 2702 918 2761 robora
943 2701 1060 2762 domus
1078 2701 1144 2782 ipse
1168 2701 1253 2762 lwan
1279 2704 1421 2780 emebat,

150 2820 226 2866 tunc
258 2804 428 2886 proposuit
460 2805 549 2885 quod
583 2806 685 2866 nollet
717 2806 820 2867 donec
850 2806 975 2867 solvere
1007 2826 1178 2888 quousque
1210 2807 1277 2868 duo
1301 2810 1420 2870 robora

150 2930 266 2991 magna
291 2910 390 2990 vulgo
416 2914 539 2993 poczky
564 2931 637 2972 cum
662 2912 729 2993 ipsa
763 2912 863 2973 domo
894 2933 950 2973 seu
975 2913 1071 2992 lignis
1095 2932 1160 2973 non
1185 2913 1369 2989 dabuntur3
1394 2915 1420 2975 si

152 3017 280 3098 jurabit,
304 3019 345 3078 ab
369 3017 577 3099 impericione
602 3018 745 3079 eiusdem
773 3018 921 3098 Gregorii
940 3020 1021 3079 liber
1044 3020 1103 3080 erit
1127 3033 1158 3080 et
1182 3019 1268 3080 idem
1294 3018 1422 3101 Grego-

150 3125 216 3185 rius
232 3137 345 3205 querat
358 3123 502 3186 debitum
520 3144 536 3184 a
556 3124 756 3204 Margaretha
773 3145 872 3187 uxore
892 3125 1053 3206 Gasparis,
1071 3125 1096 3186 si
1115 3144 1179 3186 non
1198 3125 1325 3207 jurabit,
1342 3140 1421 3188 tunc

149 3230 209 3291 sibi
240 3230 388 3292 exolvere
421 3230 522 3311 ipsam
556 3230 691 3291 domum
716 3231 859 3313 plenarie
884 3231 996 3306 debet3
1022 3231 1061 3291 de
1086 3251 1152 3312 quo
1176 3230 1298 3312 judicio
1323 3235 1420 3294 ambe

150 3349 255 3418 partes
278 3350 426 3398 contente
451 3349 534 3398 sunt.

310 3535 406 3608 Feria
434 3536 531 3608 sexta
560 3538 637 3625 post
665 3537 789 3609 lestum
818 3535 1077 3627 Epiphaniarum
1107 3537 1246 3610 Domini.

560 3693 602 3765 (9.
624 3693 774 3765 januarii,
798 3711 868 3752 ann.
894 3691 1003 3769 1495).

257 3812 361 3874 Causa
387 3813 468 3873 inter
492 3814 711 3874 venerabilem
743 3815 911 3875 dominum
936 3815 1116 3875 Johannem
1150 3813 1418 3878 archidiaconum

152 3917 360 3979 Goticensem
387 3934 417 3980 et
439 3920 630 3980 canonicum
656 3921 897 4000 zagrabiensem
915 3941 951 3981 ae
977 3920 1157 3981 iohannem
1182 3935 1350 4001 sartorem,
1376 3924 1420 3985 ci·

150 4025 233 4086 tacio
257 4025 408 4086 secunda.

257 4130 362 4192 Causa
386 4131 468 4191 inter
493 4131 662 4192 dominum
696 4132 894 4214 Stephanum
928 4134 1177 4214 prebendariutn
1213 4149 1246 4194 ut
1270 4147 1418 4196 actorem

151 4253 182 4298 et
208 4237 361 4297 Mathiam
387 4236 518 4317 Dragin,
545 4237 657 4298 citacio
683 4240 832 4299 secunda.

257 4342 362 4404 Causa
388 4342 469 4404 inter
487 4343 627 4403 lisanum
655 4344 832 4405 institorem
852 4360 881 4405 et
900 4346 1055 4406 Jacobum
1074 4365 1229 4425 generum
1250 4345 1419 4409 Michaelis

151 4446 302 4509 aurifabri
328 4450 457 4510 racione
483 4449 592 4510 decem
620 4449 699 4527 llos,
725 4471 816 4530 quos,
834 4466 867 4511 ut
893 4452 976 4511 idem
1004 4451 1086 4512 lwan
1113 4454 1283 4528 asserebat,
1309 4452 1417 4515 eidem

150 4556 209 4614 sub
233 4574 288 4635 spe
314 4555 527 4615 restitucionis
548 4556 689 4632 dederat,
719 4557 857 4617 lacobus
881 4578 957 4618 vero
976 4561 1137 4619 asserebat
1161 4559 1249 4639 quod
1275 4559 1418 4622 dedisset

151 4662 255 4722 eidem
281 4683 338 4743 pto
362 4663 506 4723 subsidio
531 4663 755 4724 eliberacionis
783 4685 821 4726 cx
853 4667 1001 4726 manibus
1025 4666 1230 4726 Thurcorum
1263 4679 1296 4725 et
1319 4685 1418 4747 supet

151 4768 211 4829 hoc
234 4770 455 4830 testimonium
482 4770 659 4851 producere
686 4770 792 4831 eidem
817 4771 913 4847 judex
937 4771 1115 4852 prebuerat,
1140 4787 1247 4832 tamen
1274 4772 1342 4853 ipse
1367 4773 1417 4833 la·

151 4878 250 4937 cobus
274 4879 305 4937 in
331 4876 469 4937 termino
494 4896 550 4958 per
574 4876 713 4956 judicem
739 4877 859 4957 prelixo
893 4899 957 4939 non
981 4879 1104 4939 curavit
1128 4877 1306 4959 producere
1330 4879 1419 4941 testi·

151 4982 309 5060 monium,
333 4984 375 5043 ob
401 4982 481 5043 hanc
512 5003 639 5044 causam
666 5003 704 5045 ex
737 5003 802 5063 quo
834 5004 898 5045 non
924 4986 1047 5046 curavit
1071 5005 1176 5066 neque
1209 4984 1298 5045 solus
1329 4985 1420 5046 venit
