3142 5356
472 465 559 522 Anno
581 478 675 541 1490.
700 497 743 507 -
766 478 815 524 12.
839 465 1009 525 novembris.
1337 464 1379 546 69

147 677 254 739 totaliter
277 694 307 739 et
332 676 477 739 effective
509 675 635 737 solvere
669 676 848 750 tenebitur3
882 677 985 738 Lucas
1010 675 1179 758 Rybarych
1214 695 1279 737 non
1305 695 1380 738 con·

147 795 225 844 tentus
245 784 418 867 appellavit
442 783 482 844 ad
505 782 648 844 seniores
672 783 711 843 de
736 782 903 845 solucione
933 783 1077 844 eiusdem
1103 783 1202 846 bovis.

416 1019 514 1093 Feria
542 1028 640 1093 sexta
669 1029 746 1110 post
774 1021 897 1092 festum
925 1022 1074 1092 Martini.

612 1176 673 1251 (12.
698 1174 882 1238 novembris).

227 1317 298 1379 Item
324 1337 418 1378 causa
443 1317 524 1378 inter
549 1317 723 1378 Macrinum
742 1315 952 1397 Jakchewych
978 1328 1008 1376 et
1033 1314 1232 1397 Symkonem
1249 1317 1378 1378 racione

148 1418 281 1484 cuiusdam
306 1423 439 1504 dampni
473 1437 681 1504 prorogatum
715 1436 762 1482 est
793 1421 833 1482 ad
858 1421 998 1503 primum
1031 1421 1185 1503 judicium
1211 1421 1265 1500 ira,
1289 1422 1378 1503 quod

147 1520 230 1604 Synko
251 1529 382 1591 habebit
405 1530 627 1590 testimonium
652 1528 839 1610 producere.

226 1635 296 1697 Item
322 1655 418 1697 causa
435 1635 517 1697 inter
541 1635 703 1695 Andream
722 1648 753 1696 et
775 1634 939 1695 Thomam
957 1648 1098 1694 sutorem
1123 1633 1250 1695 racione
1269 1635 1378 1696 verbe·

147 1737 251 1802 racionis
274 1757 305 1805 et
331 1741 556 1804 infamationis
588 1741 627 1802 ad
660 1743 800 1823 primum
832 1740 988 1821 judicium
1013 1755 1059 1801 est
1089 1754 1298 1822 prorogatum
1324 1741 1378 1818 ita,

146 1845 211 1920 quod
230 1851 319 1911 ambe
344 1863 449 1931 partes
473 1849 696 1910 testimonium
720 1847 898 1929 producere
923 1845 1099 1907 habebunt.

224 1955 295 2018 Item
322 1974 451 2017 causam
476 1955 558 2016 inter
581 1953 683 2015 filium
710 1954 792 2015 Petri
822 1951 959 2014 Pechich
992 1965 1022 2013 et
1047 1952 1221 2014 Martinam
1247 1951 1380 2014 Jakche-

149 2060 214 2139 aych
235 2064 359 2124 racione
384 2061 598 2143 quarumdam
627 2061 836 2143 pecuniarum
861 2059 955 2141 jurati
987 2057 1263 2138 adjudicaverunt,
1288 2057 1377 2139 quod

147 2179 205 2224 uxor
218 2168 286 2230 dicti
302 2166 432 2229 Martini
450 2166 661 2249 Jakchewych
684 2166 813 2228 debebit
830 2164 1016 2227 methrercia
1034 2165 1194 2245 deponere
1213 2164 1372 2244 juramen·

149 2279 197 2332 tum
216 2275 248 2335 ad
272 2274 588 2356 quintumdecimum
606 2273 691 2333 diem
718 2273 748 2334 in
767 2293 820 2333 ara
837 2286 943 2333 sancte
967 2270 1090 2348 Crucis,
1115 2271 1204 2352 quod
1229 2271 1295 2352 ipsa
1313 2290 1378 2332 non

151 2380 239 2458 recepit
259 2381 376 2441 dictam
399 2399 558 2441 summam
576 2379 711 2461 pecunie
736 2398 793 2440 nec
812 2397 883 2439 cum
909 2377 989 2438 scitu
1014 2396 1072 2437 suo
1097 2377 1215 2459 recepti
1239 2389 1329 2453 sunt;
1353 2378 1379 2438 si

151 2475 236 2551 jurabit
255 2501 328 2548 tunc
353 2486 438 2548 filius
463 2485 600 2548 Pechich
634 2486 751 2546 dictam
784 2503 944 2546 summam
970 2484 1106 2566 pecunie
1138 2483 1268 2545 debebit
1292 2484 1379 2545 exol-

151 2601 204 2646 vere
223 2592 351 2655 Martino
376 2592 600 2677 Jakchewycb‚
624 2593 649 2653 si
674 2611 751 2653 vero
774 2611 839 2653 non
863 2590 993 2671 jurabit,
1024 2605 1101 2652 tunc
1125 2590 1281 2652 Martinus
1305 2591 1377 2652 Jak-

153 2687 267 2778 chewych
283 2701 315 2762 in
332 2700 476 2783 dampno
493 2700 647 2762 manebit.
664 2698 767 2760 Filius
784 2697 921 2760 Pechich
939 2710 985 2758 est
998 2710 1167 2758 contentus
1192 2697 1230 2759 de
1244 2695 1375 2779 judicio
