3142 5356
158 504 224 566 244
713 488 862 546 Addenda.

769 696 803 764 3.

261 842 356 903 Zelus
380 855 410 902 et
434 842 634 924 perpetratio
667 840 796 903 Thome
830 841 947 902 sutoris
976 842 1016 903 de
1042 843 1112 904 vico
1137 857 1294 905 sutorum.

261 983 337 1045 Item
372 984 477 1067 primo
509 987 732 1046 verberaverat
763 985 937 1065 quemdam
964 982 1122 1046 famulum
1155 985 1253 1047 Blasii
1287 983 1459 1046 Nesrhic

155 1090 232 1151 diris
256 1092 443 1153 verberibus
467 1105 498 1152 et
517 1112 554 1153 ex
579 1090 640 1152 boc
664 1091 731 1172 ipse
748 1088 889 1152 famulus
906 1090 1014 1168 exivit,
1039 1110 1097 1172 pro
1115 1110 1180 1172 quo
1198 1089 1324 1152 famulo
1342 1089 1405 1153 Gre
1425 1109 1459 1127 ³

152 1198 263 1279 gorius
288 1198 410 1259 Pethko
433 1198 572 1260 eundem
611 1197 774 1259 Thomam
808 1197 1003 1278 increpabat,
1028 1197 1077 1258 cui
1112 1198 1278 1279 respondit
1303 1217 1340 1258 ex
1365 1197 1459 1258 adae

154 1324 263 1367 verso:
296 1305 321 1366 si
354 1306 459 1366 bonus
491 1305 613 1366 amicus
644 1304 722 1365 mihi
755 1322 819 1364 non
860 1323 943 1364 esses
974 1303 1080 1365 statim
1117 1303 1243 1385 alapam
1281 1304 1459 1366 maxime

153 1411 211 1472 tibi
241 1411 361 1472 darem.

261 1536 383 1597 Ibidem
408 1535 440 1596 in
467 1534 598 1596 cellario
618 1534 798 1595 verberavit
822 1533 969 1594 similiter
987 1535 1145 1595 Jakobum
1164 1532 1293 1595 Chranc
1317 1547 1351 1596 et
1367 1545 1459 1615 per

153 1643 257 1704 crines
280 1661 354 1703 eum
379 1642 484 1721 traxit,
508 1641 534 1702 si
559 1661 633 1701 eum
652 1641 705 1702 alii
725 1660 788 1701 non
807 1641 1021 1722 protegissent
1038 1641 1177 1702 eundern
1195 1641 1453 1703 interemisset.

261 1766 338 1826 Item
363 1766 464 1826 eciam
491 1765 572 1826 dixit
596 1764 672 1826 dum
703 1764 887 1826 commissio
909 1779 975 1825 erat
992 1764 1031 1825 ad
1050 1765 1192 1825 wardam
1209 1765 1268 1825 sub
1288 1765 1435 1826 castello

154 1887 184 1933 et
208 1872 276 1954 ipse
300 1891 373 1933 cum
398 1872 511 1933 ceteris
535 1871 656 1932 ibidem
674 1869 733 1931 fuit
758 1871 882 1946 missus,
899 1885 975 1931 tunc
993 1871 1072 1931 dixit
1096 1871 1190 1931 sociis
1213 1871 1299 1932 suis:
1317 1870 1427 1932 nichil

154 1979 194 2040 ad
219 1999 270 2041 me
295 1978 456 2040 confidere
483 1979 598 2056 velitis,
623 1977 697 2059 quia
722 1978 746 2037 si
780 1978 897 2058 aliquis
922 1994 1004 2038 esset
1028 1993 1058 2038 et
1090 1997 1147 2038 vos
1171 1997 1287 2038 omnes
1311 1977 1425 2039 interi·

154 2105 241 2147 mere
266 2085 363 2147 vellet
388 2098 418 2147 et
442 2104 499 2146 vos
523 2104 595 2146 curn
621 2083 722 2164 digito
747 2098 913 2164 protegere
943 2103 1081 2164 possem,
1107 2103 1171 2144 non
1196 2079 1348 2145 facerem.

260 2209 337 2271 ltem
365 2223 561 2290 conquestus
586 2222 651 2269 erat
676 2209 813 2269 Jacobus
834 2206 1030 2289 Bekethych,
1056 2205 1223 2288 quomodo
1248 2207 1350 2268 semel
1369 2207 1418 2268 de·

154 2316 350 2397 relinquerat
366 2336 439 2377 eum
466 2314 599 2396 quidam
617 2313 757 2375 famulus
778 2333 886 2374 suusa
911 2313 1064 2391 serviciis,
1088 2328 1165 2374 tunc
1189 2313 1255 2394 ipse
1274 2313 1419 2374 Thomas

154 2422 276 2484 famulo
302 2422 397 2483 dixit:
423 2422 503 2483 vade
527 2420 567 2481 ad
591 2440 663 2481 eum
684 2420 799 2481 iterum
821 2421 937 2480 servire
956 2434 986 2479 et
1011 2419 1090 2500 quid
1106 2419 1209 2500 possis
1233 2419 1418 2481 subtrahere

152 2530 328 2606 subtrahas,
353 2529 434 2589 sicut
458 2548 519 2610 ego
544 2527 708 2588 Andream
734 2526 899 2588 Chranecz
922 2525 1183 2604 informaveram,
1207 2526 1313 2588 adhuc
1339 2530 1419 2589 bene

153 2655 226 2696 cum
252 2635 315 2695 illis
339 2635 428 2695 vivit.

259 2758 336 2819 Item
362 2773 428 2818 erat
453 2758 592 2839 quedam
610 2757 827 2818 controversia
853 2758 935 2818 inter
953 2757 1093 2818 eundem
1119 2755 1285 2817 Thomam
1311 2771 1347 2817 ut
1371 2778 1420 2817 ae·

152 2881 254 2927 torem
280 2880 310 2924 et
337 2865 516 2925 Fabianum
550 2881 702 2941 sutorem,
728 2878 759 2925 et
787 2864 825 2924 ad
861 2865 920 2924 hoc
945 2863 1040 2941 judex
1073 2863 1206 2925 dederat
1231 2863 1307 2944 ipsis
1333 2865 1420 2925 diem

153 2973 331 3053 juridicam,
353 2973 419 3054 ipse
444 2991 520 3032 vero
554 2972 699 3032 Thomas
732 2987 896 3053 expectare
930 2971 1043 3047 noluit,
1077 2970 1216 3032 eundem
1251 2970 1283 3030 in
1318 2971 1419 3033 domo

155 3079 246 3161 Spaci
273 3079 404 3139 cultello
429 3077 615 3158 transfigere
641 3078 753 3154 voluit,
782 3078 807 3137 si
834 3077 971 3137 eundern
1006 3078 1074 3137 cedi
1102 3096 1165 3137 non
1191 3077 1417 3157 protexissent.

259 3204 336 3264 ltem
362 3204 462 3265 eciam
488 3204 612 3285 pridem
639 3203 669 3262 in
696 3202 767 3263 vico
789 3216 932 3262 sutorum
952 3201 1124 3281 resergavit
1151 3215 1182 3261 et
1206 3203 1363 3282 percussit
1381 3203 1422 3262 ad

153 3326 247 3393 caput
273 3330 344 3371 cum
370 3310 486 3371 baculo
512 3309 673 3390 quendam
697 3307 854 3368 famulum
874 3306 1022 3387 Gregorii
1048 3307 1176 3384 sutoris,
1193 3307 1249 3387 qui
1274 3307 1326 3367 vix
1345 3328 1422 3369 con-

155 3418 258 3478 valere
285 3418 402 3498 poterit
426 3430 456 3478 et
480 3417 523 3476 sic
549 3416 587 3475 ad
614 3415 746 3474 domum
774 3427 916 3495 portatus
947 3411 1016 3489 fuit,
1042 3413 1121 3473 dixit
1145 3414 1276 3494 insuper
1300 3413 1421 3496 hospiti

153 3524 229 3585 dicti
256 3522 379 3601 famuli,
404 3525 428 3583 si
454 3523 531 3583 dicit
555 3523 692 3582 securim
718 3520 912 3597 habuissem,
937 3520 975 3580 ad
1002 3533 1106 3600 partes
1130 3517 1315 3580 frustratum
1343 3540 1422 3581 eun·

153 3629 226 3690 dem
254 3630 443 3691 divisissem.

259 3753 334 3814 ltem
361 3754 462 3813 Lucas
487 3752 627 3832 agricola
661 3752 840 3813 crediderat
871 3752 931 3812 sihi
961 3751 1103 3831 aliquam
1135 3770 1296 3812 summam
1323 3772 1420 3834 pecu·

153 3859 277 3918 niarum
303 3873 333 3919 et
357 3858 496 3919 eundem
532 3872 706 3919 accesserat
739 3859 820 3919 circa
853 3859 998 3935 domum,
1031 3857 1207 3939 postulans,
1232 3871 1263 3918 et
1296 3858 1421 3920 ibidem

152 3979 224 4026 ante
249 3965 382 4025 domum
408 3964 446 4024 ad
473 3965 611 4025 eundem
638 3966 728 4025 irruit
753 3981 783 4025 et
800 3965 938 4025 eundem
965 3965 1157 4045 prostrando
1181 3966 1375 4027 verberavit.

259 4089 334 4149 Item
361 4089 461 4149 eciam
488 4089 518 4148 in
545 4089 616 4148 vico
636 4090 815 4150 verberavit
830 4102 861 4149 et
881 4089 1071 4148 vestimenta
1096 4087 1189 4148 scidit
1214 4100 1244 4148 et
1269 4087 1423 4169 deposuit

152 4197 317 4256 cuiusdam
343 4193 465 4273 famuli,
491 4196 545 4276 qui
569 4196 657 4277 prius
674 4195 759 4276 apud
778 4195 917 4255 eundem
942 4196 1127 4254 morabatur
1152 4207 1182 4254 et
1206 4193 1250 4254 sic
1276 4195 1419 4256 eundem

151 4303 282 4364 remisit.

257 4409 333 4469 ltem
359 4409 435 4468 dum
469 4409 576 4489 sepius
609 4409 640 4468 in
674 4409 865 4469 consistorio
899 4408 930 4467 in
957 4408 1126 4487 vigilatura
1159 4420 1224 4466 erat
1248 4420 1279 4468 et
1303 4404 1421 4469 Gurko

150 4516 240 4576 lokar
265 4515 410 4576 mittebat
435 4515 573 4575 eundem
600 4516 750 4591 circuere,
776 4515 831 4595 qui
862 4513 1014 4593 injuriose
1041 4528 1070 4574 et
1095 4512 1293 4593 increpando
1319 4512 1419 4574 dixit:

149 4622 226 4703 quid
253 4622 414 4682 existimas
436 4636 477 4700 te,
503 4635 533 4682 et
558 4622 629 4702 quis
655 4642 687 4682 es
711 4634 756 4699 tu,
782 4621 916 4681 cadaver
940 4620 1146 4701 appellando,

255 4747 330 4807 ltem
357 4747 458 4808 eciam
484 4746 560 4807 dum
586 4748 685 4807 semel
705 4767 761 4828 per
778 4746 958 4807 Valenthek
983 4745 1141 4806 decanum
1165 4743 1351 4826 ponebatur
1375 4742 1416 4805 ad

148 4873 298 4931 carceres,
322 4868 398 4915 tunc
415 4854 474 4915 sibi
500 4854 602 4914 minas
624 4855 788 4935 imposuit,
814 4855 938 4915 dicens:
965 4854 1040 4914 dum
1068 4871 1127 4932 ego
1153 4850 1272 4928 exiere,
1300 4850 1418 4912 melius

147 4976 176 5023 te
203 4960 385 5023 informabo
410 4975 587 5042 percutere,
612 4980 677 5021 non
703 4962 782 5021 sicut
807 4976 841 5021 tu
867 4981 917 5021 me
943 4959 1134 5042 percussisti.
