3142 5356
538 494 624 550 Anno
647 489 739 570 1483.
766 527 805 536 -—
831 507 882 570 24.
901 445 1051 567 janciarii.
1390 514 1425 556 21

275 704 348 768 ltem
367 725 497 767 causam
515 706 597 766 inter
613 705 779 766 dominam
799 705 996 766 Dorotheam
1015 705 1158 767 relictam
1176 709 1314 770 condam
1332 709 1432 771 Blasii

198 808 329 892 institoris,
351 813 391 873 ab
416 832 491 891 una,
516 826 546 873 et
568 812 766 893 Stephanum
792 812 954 873 literatum
972 813 1101 873 racione
1126 813 1291 876 cuiusdam
1311 817 1432 897 piperis

198 913 309 979 eiusdem
334 918 467 979 domine
484 937 543 1000 pro
562 917 679 979 debitis
695 915 808 998 prefati
827 917 981 1000 Stephani
998 918 1114 980 literati
1133 919 1432 1001 Quinqueecclesiis

196 1026 300 1103 arestati,
323 1024 469 1107 prefatus
493 1024 676 1106 Stephanus
704 1025 824 1105 recepit
848 1024 888 1084 ad
922 1023 1027 1106 legem
1053 1044 1259 1088 communem
1285 1028 1431 1106 civitatis,

197 1140 218 1189 et
233 1128 314 1194 hodie
338 1146 386 1194 est
410 1131 571 1193 secundus
594 1131 760 1192 terminus.

272 1256 345 1319 ltem
371 1257 403 1318 in
428 1276 523 1318 causa
556 1257 637 1316 inter
674 1256 816 1316 Blasium
848 1256 1020 1338 Ztenyczki
1053 1271 1083 1317 et
1108 1256 1288 1318 lohannem
1322 1257 1429 1319 Soldi·

199 1363 274 1424 naricz
294 1383 351 1446 pro
376 1364 470 1425 certis
493 1362 610 1423 debitis
635 1363 752 1443 quibus
777 1362 862 1422 idem
892 1362 1054 1424 lohannes
1078 1363 1278 1425 Soldinaricz
1303 1363 1427 1445 prelato

199 1465 275 1531 Blasio
304 1471 475 1551 obligatur,
507 1467 648 1551 prelatus
676 1467 839 1529 lohannes
869 1469 990 1550 recepit
1021 1468 1061 1529 ad
1086 1469 1190 1550 legem
1216 1489 1425 1531 communem

199 1569 219 1631 in
235 1573 381 1654 judicium·
399 1576 591 1652 consistorii,
616 1575 771 1636 terminus
795 1575 964 1636 secundus.

272 1701 345 1763 ltem
371 1702 402 1762 in
421 1720 516 1762 causa
541 1701 623 1761 inter
641 1699 849 1760 Dominicum
867 1698 1029 1762 Perowicz
1046 1714 1076 1761 et
1094 1700 1273 1782 Georgium
1292 1702 1424 1763 Vithlco-

199 1805 253 1867 vicz
278 1809 467 1871 modernum
499 1807 638 1888 judicem
671 1807 800 1867 racione
832 1807 994 1888 vituperii,
1016 1808 1082 1888 ipse
1115 1807 1305 1868 Dominicus
1338 1807 1424 1868 suffi-

199 1911 284 1976 cienter
305 1916 528 1998 comprobavit
552 1914 640 1995 quod
665 1914 731 1995 ipse
751 1912 911 1994 Georgius
935 1913 1031 1992 judex
1057 1914 1196 1975 eundem
1221 1915 1423 1996 vituperavit,

199 2012 262 2091 jurati
282 2021 545 2101 adjudicaverunt
571 2019 709 2080 eundem
744 2018 921 2099 Georgium
954 2019 1094 2099 judicem
1119 2040 1177 2101 pro
1201 2021 1318 2081 talibus
1344 2021 1423 2082 vitu-

199 2125 266 2199 periis
285 2128 465 2189 convictum
496 2127 528 2187 in
562 2129 673 2186 decem
706 2126 812 2207 pensis
843 2126 1061 2204 denariorum,
1093 2127 1203 2206 juratis
1228 2128 1259 2188 in
1294 2143 1422 2189 centum

198 2225 301 2295 denariis
322 2253 381 2316 pro
406 2253 457 2312 eo,
482 2232 570 2314 quod
603 2232 682 2293 dixit
704 2251 778 2293 eum
811 2231 929 2294 habere
961 2232 1115 2309 caudam3
1148 2231 1290 2315 prelatus
1314 2233 1424 2294 Domi·

199 2333 261 2397 nicus
279 2340 450 2422 appellavit
474 2339 506 2399 in
531 2338 730 2420 presenciam
755 2337 930 2399 seniorum.

273 2464 344 2526 Item
370 2467 402 2525 in
428 2484 521 2526 causa
548 2464 629 2526 inter
654 2464 819 2524 dominam
850 2463 914 2524 lllra
947 2478 1094 2525 vocatam
1119 2465 1261 2526 relictam
1287 2465 1424 2527 condam

200 2566 315 2632 lothonii
339 2571 466 2652 judicis,
490 2571 530 2631 ab
555 2591 629 2648 una,
654 2584 684 2632 et
710 2571 790 2630 inter
808 2569 977 2631 Nicolaum
1007 2569 1120 2631 Salran
1145 2572 1273 2632 racione
1291 2572 1422 2633 lesionis

199 2679 374 2747 quorumdam
400 2678 537 2738 duorum
570 2678 679 2754 boum,
712 2675 835 2758 prefato
861 2677 996 2737 Nicolao
1027 2677 1119 2757 jurati
1156 2677 1426 2758 adjudicaverunt

199 2773 321 2857 deponere
345 2784 561 2864 juramentum
588 2783 620 2843 in
645 2783 777 2844 ecclesia
801 2783 900 2843 sancti
920 2783 1017 2843 Marci
1042 2784 1073 2843 in
1101 2804 1153 2845 ara
1178 2800 1285 2846 sancte
1311 2784 1425 2846 Crucis

198 2877 345 2952 leriasexta
371 2891 518 2972 proxime
542 2904 675 2951 ventura
709 2889 874 2950 mettercio
898 2889 930 2948 in
963 2908 1013 2961 e0‚
1045 2891 1133 2969 quod
1159 2891 1244 2952 idem
1270 2891 1424 2953 Nicolaus

197 2984 217 3045 in
236 2990 338 3058 lesione
363 2996 582 3078 predictorum
602 2998 699 3057 boum
726 3014 790 3055 non
808 3009 855 3057 est
871 2994 1041 3075 culpabilis
1066 3011 1097 3057 et
1114 3017 1219 3078 neque
1245 3017 1300 3078 per
1318 2997 1423 3078 ipsum

196 3108 228 3155 est
245 3098 349 3165 laetum
374 3104 552 3184 dampnum
579 3103 609 3163 in
635 3102 755 3163 eisdem
781 3103 895 3166 bobus.

271 3227 342 3290 ltem
366 3229 399 3289 iu
425 3248 518 3289 causa
545 3228 626 3288 inter
650 3227 851 3289 Anthonium
873 3226 1069 3308 lutifigulum
1095 3243 1125 3290 et
1143 3229 1279 3290 Suskam
1304 3249 1340 3290 ac
1359 3230 1424 3289 Do·

191 3328 307 3395 rotheam'
332 3335 538 3415 juvenculam
564 3335 691 3394 racione
709 3347 868 3394 certorum
891 3334 1105 3416 dampnorum
1126 3336 1157 3395 in
1182 3336 1317 3416 pecunia
1343 3350 1372 3395 et
1391 3336 1422 3395 in

186 3436 262 3498 rebus
282 3441 383 3502 eidem
409 3439 576 3501 Anthonio
610 3438 785 3516 factorum,
817 3440 922 3520 primo
954 3439 1096 3521 prelatus
1125 3440 1307 3501 Anthonius
1339 3442 1424 3522 juxta

181 3541 437 3620 adjudicationem
464 3546 641 3626 juratorum
667 3546 762 3606 debet
794 3545 956 3626 deponere
988 3546 1202 3626 juramentum
1236 3547 1276 3607 ad
1309 3567 1423 3608 manus

177 3645 257 3726 jurati
270 3652 440 3734 tangendo,
466 3652 553 3733 quod
579 3672 637 3712 nec
653 3653 719 3733 ipse
745 3671 802 3712 nec
827 3671 907 3712 uxor
931 3672 986 3713 sua
1012 3653 1225 3734 permiserunt
1249 3653 1423 3732 quamdam

172 3759 330 3837 pecuniam
355 3777 517 3840 exponere
542 3773 571 3820 et
596 3777 654 3840 pro
688 3757 800 3819 eadem
833 3758 969 3838 pecunia
1001 3759 1061 3818 sibi
1094 3758 1269 3818 necessaria
1295 3778 1423 3839 compa·

168 3882 252 3939 rare;
273 3865 392 3946 prelata
418 3885 495 3926 vero
521 3865 622 3926 Suska
647 3864 731 3946 juxta
750 3863 1026 3942 adjudicacionem
1045 3864 1220 3944 juratorum
1248 3863 1341 3923 debet
1367 3864 1421 3924 de·

163 3989 278 4053 ponere
309 3972 526 4050 juramentum
560 3971 628 4031 sola
661 3971 692 4031 in
725 3969 858 4031 ecclesia
898 3970 998 4031 sancti
1033 3970 1132 4030 Marci
1167 3970 1198 4029 in
1232 3990 1282 4030 ara
1316 3984 1423 4030 sancte

162 4077 282 4156 Crucis,
306 4078 393 4158 quod
419 4076 541 4159 prefata
568 4076 731 4137 Dorothea
749 4075 918 4155 juvencula
936 4096 992 4157 per
1017 4076 1186 4136 consilium
1215 4089 1245 4137 et
1269 4074 1422 4135 inlorma·

158 4185 285 4247 cionem
310 4184 455 4246 eiusdem
481 4184 582 4245 Suske
608 4203 672 4244 non
699 4181 774 4269 fecit
798 4182 905 4263 aliqua
935 4183 1074 4263 dampna
1107 4181 1230 4263 prelato
1255 4182 1422 4242 Anthonio

154 4289 329 4371 lutifigu10,
364 4305 395 4352 et
428 4289 486 4351 hec
518 4289 697 4371 juramenta
733 4288 851 4350 debent
883 4288 1001 4370 deponi
1039 4287 1117 4349 feria
1153 4302 1238 4349 sexta
1276 4288 1422 4369 proxime

153 4397 305 4460 affutura.

263 4522 341 4583 ltem
366 4520 488 4605 prelata
515 4521 678 4582 Dorothea
703 4519 874 4600 juvencula
896 4519 1042 4580 similiter
1066 4517 1143 4579 feria
1168 4534 1252 4579 sexta
1278 4521 1421 4599 proxime

150 4645 291 4693 ventura
324 4627 421 4689 debet
454 4627 616 4688 mettercia
650 4626 810 4708 deponere
843 4625 1059 4698 juramentum
1093 4626 1124 4684 in
1159 4625 1291 4685 ecclesia
1324 4625 1422 4684 sancti

152 4736 258 4800 Marci
286 4735 318 4795 in
343 4754 396 4795 ara
420 4748 528 4796 sancte
554 4733 667 4795 Crucis
691 4733 745 4794 tali
771 4733 881 4810 modo,
900 4732 986 4812 quod
1006 4733 1071 4813 ipsa
1096 4752 1159 4791 non
1187 4747 1231 4791 est
1255 4732 1424 4812 culpabilis

147 4843 262 4908 eidem
281 4840 450 4902 Anthonio
464 4841 497 4902 in
519 4839 667 4921 dampnis
683 4859 745 4921 que
764 4840 829 4921 ipse
848 4854 957 4899 contra
983 4838 1117 4899 eandem
1136 4839 1305 4915 obiciebat,
1324 4839 1423 4898 immo

147 4950 247 5017 nulla
272 4947 416 5032 dampna
440 4944 515 5010 lecit
539 4946 645 5010 eidem
670 4945 703 5008 in
727 4946 888 5030 premissis
912 4945 972 5008 sibi
998 4945 1142 5012 obiectis.
