3142 5356
681 325 767 381 Anno
788 337 881 402 1430.
1193 329 1196 335 ’
1353 345 1414 406 203

713 431 1076 439 .---.-.-..---
1090 432 1138 437 —-
1148 433 1201 438 0—-

173 556 258 628 ltem
289 560 321 629 in
361 559 447 630 festo
477 558 734 632 Purificacionis
768 563 913 650 gloriose
942 583 1072 652 semper
1099 561 1244 650 virginis
1273 563 1388 634 llarie.

662 720 705 784 (2.
721 711 900 790 februaris).

254 849 333 911 ltem
358 849 497 931 quedam
523 851 616 913 vinea
639 852 669 913 in
688 854 849 916 territorio
874 854 1010 916 civitatis
1027 855 1109 915 inter
1125 854 1236 915 vineas
1262 853 1417 916 iohannis

147 954 309 1016 sellatoris
333 954 390 1017 filii
418 949 525 1033 Blasii,
550 973 581 1018 et
598 958 708 1019 Jacobi
726 960 837 1040 generi
855 959 957 1021 Elene
975 959 1120 1021 mulieris
1144 959 1262 1037 habita,
1280 960 1417 1042 desuper

147 1081 166 1121 a
193 1061 246 1121 via
271 1063 436 1123 communi
455 1059 535 1124 infra
561 1083 663 1146 usque
681 1065 833 1142 rivulum,
855 1085 926 1127 cum
945 1066 1085 1145 virgulto
1110 1065 1215 1126 eidem
1240 1064 1416 1145 subjacenti

146 1187 179 1228 se
205 1167 390 1247 extendens,
431 1183 461 1230 et
485 1169 555 1229 aliis
589 1170 654 1231 suis
678 1171 883 1253 pertinenciis
906 1171 1079 1234 Valentino
1105 1171 1273 1233 Perinzeth
1297 1191 1417 1252 cogno·

147 1273 271 1335 minato
296 1287 343 1335 est
367 1274 476 1336 denuo
500 1275 675 1337 literatorie
701 1278 843 1339 restituta
880 1291 911 1340 et
935 1278 1111 1360 approbata
1137 1291 1293 1358 perpetuo
1318 1278 1416 1358 possi·

146 1379 253 1440 denda
290 1379 332 1441 ita
356 1394 475 1458 tamen,
500 1381 589 1461 quod
615 1383 681 1463 ipse
706 1382 898 1445 Valentinus
922 1397 952 1444 et
976 1402 1032 1465 per
1057 1403 1130 1444 eum
1156 1382 1263 1444 cuncti
1288 1384 1336 1443 sui
1361 1382 1416 1444 he·

147 1485 239 1546 redes
263 1485 364 1567 ipsius
387 1486 480 1547 vinee
506 1500 537 1548 et
560 1487 691 1569 virgulti
724 1508 782 1570 pro
806 1503 952 1571 tempore
984 1508 1194 1571 possessores,
1219 1492 1278 1550 sub
1303 1489 1415 1550 eadem

147 1590 241 1652 vinea
267 1606 298 1652 et
322 1592 462 1673 virgulto
496 1593 580 1653 viam
614 1595 793 1656 currualem
819 1594 959 1656 habitam
994 1596 1129 1657 liberam
1168 1595 1319 1656 omnibus
1344 1595 1417 1656 illac

146 1698 389 1759 transeuntibus
421 1699 657 1780 quoquomodo
694 1700 769 1761 dare
802 1716 833 1762 et
856 1702 1042 1783 permittere
1074 1700 1223 1779 debeant,
1255 1720 1313 1762 uec
1346 1720 1416 1762 eam

148 1803 354 1884 aliquatenus
378 1804 544 1866 recludere
568 1806 691 1887 possint
716 1826 773 1868 nec
798 1807 926 1869 valeant
951 1807 1050 1868 modo
1076 1807 1220 1889 aliquali.

257 1909 334 1971 ltem
352 1910 484 1991 quidam
503 1909 623 1972 fundus
639 1932 759 1973 vacuus
776 1913 808 1974 in
825 1913 897 1974 vico
914 1913 1050 1975 civitatis
1068 1913 1217 1975 exteriori
1238 1932 1294 1974 seu
1313 1911 1416 1995 platea

149 2015 402 2079 Theuthonicali
427 2018 509 2079 inter
534 2016 652 2080 fundos
675 2033 706 2081 et
730 2018 845 2081 domos
869 2020 968 2102 probe
1008 2019 1151 2081 mulieris
1175 2023 1276 2102 Agate
1306 2019 1415 2080 relicte

148 2123 288 2185 condam
314 2123 468 2206 Stephani
494 2124 703 2205 cingulatoris
734 2126 774 2186 ab
806 2145 881 2203 una,
905 2140 936 2187 et
967 2140 1054 2208 parte
1080 2127 1120 2188 ab
1145 2125 1243 2187 altera
1267 2125 1352 2188 Petri
1385 2139 1416 2187 et

151 2229 242 2290 Pauli
276 2242 458 2291 nostrorum
490 2231 673 2292 concivium
704 2231 849 2309 habitus,
881 2251 979 2293 unam
1012 2245 1158 2314 quartam
1193 2232 1279 2293 curie
1316 2232 1348 2292 in
1381 2251 1414 2292 se

150 2336 331 2402 continens.
357 2351 403 2397 est
426 2336 601 2398 literatorie
626 2350 762 2398 statutus
786 2337 1025 2419 perhennaliter
1049 2338 1273 2419 possidendus.

256 2441 333 2503 ltem
358 2443 457 2524 proba
482 2442 600 2504 mulier
624 2441 725 2504 Elena
750 2456 860 2505 vocata
895 2444 1004 2505 relicta
1044 2444 1181 2505 condam
1207 2442 1340 2525 Georgii
1365 2462 1416 2503 su-

148 2548 238 2625 toris,
255 2567 340 2609 nunc
357 2567 489 2609 consors
508 2547 636 2631 Mathye
652 2549 768 2609 sutoris
795 2547 853 2610 filii
868 2549 1005 2626 Nicolai,
1027 2550 1231 2610 medietatem
1249 2547 1415 2610 cuiusdam

149 2654 277 2733 domus,
301 2652 405 2733 fundi,
430 2654 537 2715 celarii
562 2669 593 2715 et
618 2653 852 2735 hedificiorum,
875 2669 993 2717 rectam
1024 2655 1174 2716 videlicet
1198 2670 1228 2716 et
1252 2652 1414 2736 equalem,

149 2762 182 2822 in
207 2762 279 2823 vico
313 2763 412 2843 ipsius
444 2762 579 2823 civitatis
613 2763 761 2824 exteriori
793 2776 950 2840 sutorum,
984 2762 1065 2823 inter
1097 2761 1212 2823 domos
1236 2775 1267 2822 et
1299 2758 1418 2822 luridos

151 2867 305 2949 Stephani
332 2883 361 2928 et
387 2868 535 2949 Dyonisii
559 2882 715 2945 sutorum,
740 2868 780 2929 ab
797 2888 860 2929 una
885 2883 986 2948 parte,
1010 2868 1050 2929 ab
1067 2867 1165 2929 altera
1183 2887 1259 2928 vero
1279 2865 1416 2928 Emerici

151 2973 270 3035 sutoris
295 2973 412 3052 habite,
435 2993 451 3034 a
478 2987 565 3055 parte
595 2973 671 3034 dicti
704 2973 843 3035 Emerici
869 2974 987 3035 sutoris
1019 2974 1124 3052 sitam,
1148 2993 1246 3035 unam
1271 2985 1415 3054 quartam

152 3081 183 3141 in
208 3100 240 3140 se
274 3080 503 3157 continentem,
540 3077 663 3161 prelato
696 3079 816 3142 Mathie
847 3081 946 3141 sutori
980 3079 1113 3142 donavit
1145 3094 1178 3142 ut
1212 3080 1326 3141 marito
1357 3096 1416 3139 auo

151 3201 307 3270 perpetuo
340 3186 591 3268 possidendam3
627 3187 718 3247 cuius
750 3186 867 3247 domus
891 3201 921 3247 et
944 3184 1036 3249 fundi
1069 3186 1166 3247 aliam
1200 3186 1417 3263 medietatem,

150 3292 297 3354 similiter
314 3311 410 3353 unam
436 3307 592 3375 quartam,
609 3293 649 3353 ab
666 3293 728 3353 alia
753 3310 840 3375 parte
858 3293 1010 3372 habitam,
1027 3292 1180 3354 Nicolaus
1196 3305 1285 3353 sutor
1308 3291 1416 3353 dinos-

152 3400 235 3462 citur
259 3398 432 3480 possidere.

258 3507 336 3570 ltem
355 3507 487 3589 quidam
506 3505 625 3568 fundus
639 3507 752 3585 civilis,
777 3526 833 3568 seu
851 3506 1007 3568 medietas
1031 3506 1198 3568 cuiusdam
1216 3504 1318 3585 fundi,
1335 3519 1416 3566 terre

152 3628 182 3676 et
206 3612 313 3695 (h)orti
338 3614 442 3691 vacui,
467 3612 688 3696 hedificiisque
713 3613 840 3694 penitus
871 3612 1025 3689 destituti,
1050 3612 1081 3672 in
1106 3613 1269 3675 territorio
1294 3626 1325 3672 et
1340 3613 1414 3672 sub·

151 3721 246 3783 urbio
272 3720 408 3781 civitatis
432 3721 514 3781 inter
538 3720 619 3781 duos
648 3719 764 3781 fluvios
789 3719 983 3781 Mathichina
1008 3734 1040 3782 et
1056 3720 1191 3781 Pretolra
1212 3733 1415 3800 nuncupatos

149 3826 250 3888 habiti
275 3840 307 3887 et
330 3825 505 3900 existentis,
531 3825 615 3901 juxta
640 3826 864 3886 molendinum
883 3826 974 3886 beate
1000 3826 1099 3886 Maris
1124 3825 1257 3906 virginis
1280 3845 1315 3887 ac
1334 3825 1415 3886 inter

151 3933 303 4016 (h)ortum
329 3933 503 3994 liberorum
531 3933 666 3993 condam
694 3934 793 3993 Elene
812 3933 931 3993 sororis
956 3947 987 3993 et
1013 3932 1153 3992 Ladislai
1171 3932 1324 4013 patruelis
1341 3951 1416 3992 con-

152 4041 226 4102 dam
252 4038 385 4117 Georgii
418 4039 576 4100 sellatoris
607 4040 657 4100 siti
683 4055 713 4099 et
740 4038 933 4120 adjacentis,
965 4060 982 4099 a
1014 4052 1103 4120 parte
1135 4038 1210 4099 dicti
1235 4038 1414 4099 molendini

153 4148 258 4223 sitam,
284 4164 379 4206 unam
407 4159 552 4227 quartam
577 4146 608 4205 in
633 4164 666 4205 se
688 4145 865 4222 continens,
890 4163 927 4205 ex
944 4144 1109 4225 legacione
1135 4143 1290 4204 iohannis
1314 4142 1417 4206 fratris

153 4254 239 4315 Luce
265 4251 392 4327 sutoris,
417 4251 521 4312 eidem
541 4251 714 4312 literatorie
732 4265 778 4312 est
801 4264 937 4311 statutus
954 4265 984 4310 et
1001 4264 1157 4331 perpetuo
1182 4250 1415 4331 possidendus3

152 4359 242 4420 cuius
265 4356 375 4439 (h)orti
401 4357 496 4418 aliam
522 4358 729 4418 medietatem
743 4357 954 4438 superiorem,
974 4376 1069 4416 unam
1096 4356 1306 4418 consimiliter
1323 4376 1415 4438 quar·

153 4481 229 4544 tarn,
255 4463 437 4546 Stephanus
460 4477 549 4524 sutor
578 4464 755 4524 dinoscitur
779 4462 952 4545 possidere.

260 4570 336 4632 Item
363 4569 518 4631 medietas
542 4569 706 4631 cuiusdam
727 4569 853 4646 domus,
880 4569 982 4645 fundi,
1007 4548 1112 4630 celarii
1139 4583 1169 4630 et
1193 4567 1414 4630 hedificiorum

153 4678 184 4738 in
210 4677 294 4738 dicta
320 4676 458 4752 civitate,
483 4676 566 4737 inter
590 4676 705 4737 domos
730 4690 759 4736 et
784 4674 902 4737 londos
926 4676 1102 4737 liberorum
1128 4676 1264 4737 condam
1290 4675 1416 4738 Nicolai

152 4783 229 4845 dicti
257 4781 401 4865 Horwoy
433 4797 464 4843 et
489 4782 548 4843 viri
582 4781 707 4864 providi
741 4781 831 4842 Pauli
862 4780 1130 4844 Charanthowich
1166 4781 1273 4843 habite
1298 4795 1327 4843 et
1351 4782 1414 4844 exi·
