3142 5356
723 288 812 347 Anno
834 284 926 366 1387.

256 499 332 560 ltem
356 496 519 583 Mychael,
552 499 742 560 Leonardus
773 497 832 560 filii
866 498 1047 561 Sebastiani
1072 520 1107 561 ac
1139 499 1273 562 domina
1304 500 1373 562 relit

147 605 291 666 eiusdem
325 605 503 667 Sebastiani
536 605 761 667 condonarunt
793 605 873 666 duas
903 607 1061 668 sessiones
1091 607 1123 668 in
1156 607 1319 690 Pobresya
1345 626 1373 688 pt

148 713 234 774 dicto
258 712 396 774 lohanni
421 711 532 793 judici.

253 819 330 880 Item
357 817 525 900 Gyaninus
549 818 618 878 Bon
643 837 716 879 cum
742 818 906 900 Stephano
940 818 1044 898 jurato
1068 816 1136 879 filio
1162 818 1247 900 Vysk
1274 818 1315 880 de
1341 839 1373 879 ut

148 927 245 988 versis
270 925 369 986 daciis
393 938 424 986 et
447 924 591 985 collectis
616 944 716 1006 usque
742 923 857 986 festum
893 927 985 988 beate
1012 925 1211 1006 Margarethe
1236 945 1326 985 anno
1354 925 1373 986 t

148 1033 237 1093 mino
261 1031 434 1092 millesimo
470 1031 693 1092 tercentesimo
726 1032 946 1113 octuagesimo
983 1032 1098 1112 quinto
1129 1031 1297 1092 racionem
1323 1051 1370 1093 no

147 1140 357 1220 assignarunt.

253 1244 330 1305 ltem
357 1243 482 1305 Blasius
505 1240 591 1304 filius
608 1241 693 1303 lwan
719 1244 797 1304 emit
813 1263 911 1305 unam
937 1244 1064 1305 vineam
1088 1264 1106 1305 a
1131 1244 1224 1305 Petro
1246 1242 1319 1305 filio
1345 1242 1373 1307 N

148 1349 240 1428 nech,
264 1363 410 1430 tempore
434 1348 569 1430 predicti
595 1347 751 1410 lohannis
776 1349 900 1430 judicis.

255 1457 329 1518 ltem
356 1476 415 1516 nos
440 1451 590 1516 videlicet
619 1456 835 1517 communitas
866 1476 966 1517 unum
993 1457 1100 1517 locum
1134 1455 1312 1517 stachionis
1339 1458 1368 1518 ci

148 1578 272 1646 portam
299 1562 459 1644 lapideam
494 1561 643 1623 dedimus
675 1561 841 1623 Anthonio
871 1560 939 1624 filio
972 1560 1098 1624 Mareni
1124 1562 1235 1638 lienis,
1269 1577 1373 1645 tempt

147 1670 281 1752 predicti
307 1669 462 1730 lohannis
490 1667 615 1746 judicis.

253 1777 330 1837 ltem
358 1775 504 1857 Mychael
529 1790 559 1835 et
578 1775 763 1835 Leonardus
780 1773 837 1836 filii
863 1776 1001 1837 condam
1021 1775 1199 1838 Sebastiani
1217 1794 1255 1836 ac
1283 1775 1373 1837 dom*

148 1898 248 1945 mater
272 1901 382 1944 eorum
409 1883 544 1941 interae
570 1881 734 1941 universas
758 1901 807 1942 res
833 1902 944 1943 eorum
970 1895 1001 1942 et
1026 1883 1109 1942 bona
1134 1900 1169 1941 ac
1194 1883 1373 1962 possessiot

147 2010 258 2052 eorum
285 1989 366 2049 inter
390 2007 423 2048 se
448 1987 531 2048 inter
554 2000 617 2048 tres
645 2000 749 2067 partes
773 1987 959 2060 diviserunt,
979 2000 1075 2068 prout
1098 1987 1188 2047 litere
1221 1988 1309 2049 inter
1336 1989 1371 2072 ip

147 2111 292 2159 emanate
317 2094 432 2156 clarius
451 2093 672 2173 exprimuntur
691 2107 721 2154 et
737 2093 912 2171 declarant,
933 2110 1078 2175 ternpore
1098 2093 1232 2175 predicti
1256 2093 1368 2156 Johan

147 2202 270 2282 judicis.

253 2308 330 2369 ltem
349 2307 499 2387 magister
518 2304 713 2383 anthonius,
731 2305 893 2367 lohannes
910 2321 940 2366 et
954 2306 1137 2368 Demetrius
1154 2322 1307 2368 emertmt
1323 2328 1373 2368 unt

147 2416 273 2476 vineam
300 2434 317 2473 a
342 2411 443 2474 Paulo
468 2410 535 2473 filio
559 2410 681 2495 Myrsa‚
706 2427 851 2493 tempore
877 2412 1010 2493 predicti
1037 2412 1193 2473 Johannis
1217 2411 1364 2491 judicis..

253 2520 329 2580 ltem
357 2519 486 2579 Andeas
503 2519 594 2599 lugat
611 2519 875 2580 testamentaliter
892 2518 1012 2598 legavit
1036 2538 1136 2580 unum
1162 2516 1304 2579 fundum
1323 2539 1373 2580 sut

147 2626 306 2687 Clementi
334 2625 443 2706 nepoti
468 2644 539 2701 suo,
563 2639 707 2706 tempore
733 2624 867 2705 predicti
893 2624 1049 2684 lobannis
1074 2624 1199 2704 judicis.

255 2733 329 2814 ltem
358 2731 502 2812 Philipus
526 2744 615 2790 sutor
632 2731 710 2790 emit
728 2750 827 2791 unum
849 2727 986 2791 fundum
1012 2751 1028 2790 a
1054 2730 1205 2791 Thomlra
1223 2732 1364 2792 muliere

148 2844 239 2899 Anna
265 2837 329 2899 filia
356 2837 512 2913 eiusdem,
537 2851 682 2918 tempore
707 2837 839 2918 predicti
867 2835 1022 2897 lohannis
1047 2836 1172 2914 judicis.

253 2944 330 3006 ltem
363 2943 547 3004 Anthonius
580 2943 734 3004 Sciturich
767 2944 843 3004 emit
877 2962 976 3004 unum
1011 2941 1148 3004 fundum
1182 2963 1199 3004 a
1234 2945 1373 3007 Lauren<

146 3048 214 3111 filio
240 3050 368 3110 Thome
393 3049 530 3110 condam
556 3049 672 3128 judice,
696 3062 842 3130 tempore
868 3049 1002 3130 predicti
1028 3049 1185 3110 iohannis
1209 3049 1338 3126 judicis.

255 3156 332 3216 ltem
358 3157 496 3216 lacobus
520 3156 624 3216 dictus
651 3155 728 3216 Bole
762 3155 839 3216 emit
864 3174 961 3216 unam
994 3169 1110 3216 terram
1136 3155 1292 3218 arabilem
1318 3178 1336 3218 a
1361 3159 1373 3219 l

148 3263 239 3323 colao
265 3276 294 3322 et
317 3260 429 3323 Mathe
453 3260 528 3322 filiis
554 3261 690 3338 Crisani,
715 3275 860 3342 tempore
887 3261 1003 3322 Donati
1029 3260 1087 3322 lilii
1112 3259 1260 3346 Mykula,
1285 3263 1373 3341 judic

253 3368 330 3429 ltem
364 3368 449 3428 idem
484 3369 622 3428 lacobus
655 3368 733 3429 Bole
758 3370 835 3429 emit
867 3389 966 3429 unum
1001 3368 1137 3430 fundum
1171 3391 1187 3431 a
1221 3372 1360 3434 Nicolao

147 3473 258 3537 Mathe
283 3473 356 3537 filiis
374 3475 498 3536 Crisani
526 3521 557 3536 ..
583 3474 731 3552 Plauech‚
760 3491 924 3555 tamquam
944 3492 1141 3556 procurator,
1160 3492 1306 3558 tempore
1331 3481 1373 3540 eit

147 3582 219 3642 dem
246 3582 362 3643 Donati
389 3580 447 3642 lilii
472 3579 619 3662 Mykula,
649 3581 773 3656 judicis

253 3687 330 3748 ltem
356 3688 494 3748 lacobus
520 3688 597 3747 Bole
622 3688 660 3746 de
686 3688 843 3748 universis
872 3689 1081 3768 proventibus
1106 3705 1136 3750 et
1161 3688 1319 3752 fructibus
1334 3705 1373 3754 tet

147 3812 224 3874 pore
248 3795 296 3854 sui
322 3794 479 3871 judicatus
505 3794 661 3874 perceptis
686 3807 793 3854 nostre
822 3796 1046 3855 communitati
1071 3795 1328 3858 satisfaccionem
1356 3799 1373 3860 it

147 3899 268 3980 pendit,
292 3913 438 3979 tempore
462 3898 581 3983 Mykus
605 3897 662 3958 filii
689 3899 785 3976 lwan,
811 3899 934 3976 judicis.

253 4006 330 4067 ltem
349 4005 433 4065 lwan
452 4004 609 4066 Wronich
634 4024 706 4064 cum
732 4006 873 4085 quodam
900 4005 1001 4067 fundo
1018 4027 1077 4068 suo
1095 4008 1221 4089 (quem)
1237 4030 1253 4070 a
1273 4011 1373 4073 Nicol

146 4111 214 4175 filio
247 4112 371 4174 Crisani
403 4112 617 4193 comparavit,
650 4112 805 4171 lucobum
839 4112 959 4172 dictum
995 4114 1074 4175 Bole
1098 4116 1138 4177 ab
1171 4117 1326 4178 omnibus
1357 4118 1373 4179 d

147 4218 269 4279 sensate
294 4219 415 4279 habuit.

253 4323 330 4383 ltem
363 4324 501 4384 lacobus
534 4323 636 4384 dictus
669 4323 746 4383 Bole
772 4323 849 4383 emit
882 4343 982 4383 unum
1016 4323 1153 4387 fundum
1178 4347 1195 4388 a
1221 4328 1360 4405 Nicolao

146 4427 258 4491 Mathe
288 4427 363 4489 filiis
388 4429 513 4490 Crisani
538 4449 596 4511 pro
629 4430 804 4509 nonaginta
837 4450 871 4489 ac
905 4445 1033 4491 centum
1069 4433 1212 4515 quinque
1238 4435 1347 4518 (flor),

147 4537 263 4616 quibus
288 4537 501 4596 communitas
526 4537 645 4617 recepit
668 4537 796 4596 terciam
824 4550 944 4615 partem
972 4539 1187 4617 predictorum
1213 4539 1373 4607 florenort

147 4655 177 4702 et
208 4662 302 4723 super
328 4643 387 4703 hoc
411 4643 507 4703 habet
532 4643 692 4724 expedire.

675 4820 694 4826 ..
731 4811 881 4830 00*—
