3142 5356
148 102 210 162 206
373 102 460 160 Anno
482 110 569 175 1515.
595 132 634 143 -
659 93 713 158 28.
741 99 861 172 augusti
883 131 924 140 -
948 93 998 159 16.
1022 95 1194 158 novembris.

1410 288 1460 337 Α

253 313 331 374 Item
365 326 498 394 quartus
528 311 617 372 testis
648 310 799 371 videlicet
830 308 982 370 dominus
1014 307 1150 368 Michael
1184 309 1341 389 presbiter

148 419 267 496 Mlalta,
292 419 406 480 citatus
430 432 461 480 et
477 417 598 498 juratus
623 417 712 493 dixit,
737 416 918 496 quodcum
935 428 1067 477 vocatus
1090 413 1201 475 fuisset
1217 433 1275 496 per
1292 414 1392 476 dictu
1455 411 1460 486 j

146 526 316 588 dominum
343 524 521 606 Gasparum
548 523 808 605 prebendarium,
841 542 904 583 una
934 522 1058 583 dierum
1091 534 1203 583 octave
1229 522 1389 583 Nativitat

148 633 280 694 Domini
295 631 335 692 de
349 651 434 692 anno
458 652 548 711 ¹5¹4·
563 629 601 691 ad
621 629 754 691 domum
773 629 848 690 dicti
866 629 996 690 Thome
1010 628 1127 690 sutoris
1140 628 1281 689 convivii
1298 587 1460 710 grati?

149 738 351 821 presentibus
375 737 595 819 superioribus
618 737 720 798 tribus
737 735 880 813 testibus,
906 749 936 796 et
960 754 1032 796 cum
1052 736 1134 796 bene
1158 734 1222 815 jam
1248 735 1382 796 bibisses

148 844 253 906 dictus
277 844 428 905 dominus
446 843 569 924 Gaspar
587 843 669 924 cepit
688 861 821 923 querere
842 843 882 902 ab
901 860 998 902 uxore
1023 840 1099 902 dicti
1117 840 1247 902 Thome
1265 860 1305 902 an
1325 825 1442 902 scire!
1455 819 1460 831 ¹

148 969 305 1032 quorsum
329 951 490 1011 venissent
514 970 531 1011 e
556 949 654 1009 domo
687 969 742 1009 sua
766 948 857 1009 litere
889 948 1093 1028 obligatorie,
1116 967 1196 1029 quas
1220 948 1290 1030 ipsa
1314 962 1346 1009 et
1366 927 1460 1006 virs

149 1058 218 1119 eius
242 1077 338 1139 super
355 1058 489 1138 pecunia
516 1056 587 1117 data
606 1069 701 1136 atque
719 1069 861 1116 mutuata
881 1055 1061 1130 dedissent;
1087 1055 1183 1116 dixit:
1202 1054 1301 1116 habui
1319 1072 1409 1116 unam

148 1183 279 1246 parvam
306 1163 428 1224 clavem
463 1183 524 1244 qua
558 1163 693 1223 reseravi
729 1163 838 1222 cistam
872 1162 1017 1222 Vestram
1043 1176 1074 1222 et
1108 1161 1178 1222 illas
1208 1162 1339 1244 accepi;
1360 1161 1411 1243 qui

148 1272 303 1353 quesivit:
328 1271 383 1331 ubi
409 1283 523 1347 essent,
549 1270 732 1350 respondit:
770 1270 801 1329 in
828 1271 914 1330 bono
940 1269 1024 1346 locu,
1057 1289 1122 1329 non
1148 1268 1294 1351 perient;
1319 1286 1412 1350 quam

147 1378 277 1439 tandem
310 1376 437 1438 blandis
468 1376 573 1436 verbis
606 1376 744 1456 quesivit
777 1389 932 1456 quantum
970 1375 1100 1436 deberet
1130 1375 1190 1435 sibi
1223 1375 1291 1456 ipsa
1316 1389 1347 1436 et
1370 1375 1415 1435 vir

149 1483 218 1544 eius
242 1503 300 1565 pro
326 1481 452 1543 edificio
470 1483 598 1560 domus,
623 1502 685 1562 que
707 1482 889 1563 respondit:
916 1502 971 1543 cur
988 1481 1048 1542 hoc
1066 1482 1210 1562 queritis,
1234 1483 1322 1544 scitis
1338 1481 1414 1563 quid

150 1589 267 1651 lecistis
285 1589 362 1650 mihi
381 1609 432 1650 me
457 1589 672 1670 percuciendo
697 1602 727 1650 et
752 1588 942 1669 prostrando
968 1589 999 1648 in
1024 1602 1140 1649 terram
1167 1588 1300 1669 peplum
1326 1608 1343 1650 e
1367 1608 1416 1650 ca·

153 1696 218 1777 pite
244 1695 402 1772 eiciend0,
428 1695 481 1756 illa
506 1697 637 1756 verbera
664 1715 727 1755 non
761 1695 982 1755 sustinuissem
1008 1714 1066 1776 pro
1090 1695 1226 1776 pecunia
1252 1694 1318 1771 illa,
1343 1694 1416 1776 quia

153 1815 317 1882 tamquam
344 1802 424 1862 latro
449 1820 518 1861 sum
538 1821 696 1883 percussa,
720 1821 789 1861 sum
809 1801 908 1860 eciam
934 1799 998 1861 filia
1019 1801 1140 1878 Vestra,
1165 1801 1320 1861 tenemini
1339 1800 1416 1861 mihi

149 1909 224 1969 dare
249 1908 316 1988 jure
341 1927 376 1969 ac
409 1908 511 1970 habeo
545 1928 675 1969 omnem
700 1928 788 1990 spem
823 1909 852 1968 in
888 1908 1006 1983 Vobis3
1039 1908 1148 1968 multis
1181 1907 1255 1967 hinc
1288 1922 1319 1968 et
1344 1907 1416 1968 hinc

149 2015 254 2075 verbis
278 2013 367 2075 lactis
392 2014 470 2075 dixit
502 2029 629 2076 centum
653 2029 683 2075 et
708 2015 818 2075 decem
849 2013 981 2075 ducatos
1005 2035 1038 2075 se
1064 2013 1201 2088 debere;
1227 2033 1324 2095 super
1349 2033 1414 2095 quo

150 2119 254 2181 dictus
278 2121 429 2181 dominus
454 2121 576 2202 Gaspar
599 2122 754 2203 presbiter
779 2123 902 2202 excepit
933 2141 1032 2182 unum
1059 2121 1228 2182 denarium
1254 2135 1285 2182 et
1310 2122 1415 2183 statim

150 2240 342 2309 protestatus
367 2243 530 2308 tamquam
556 2248 662 2289 coram
691 2229 817 2288 notario
842 2229 1015 2290 autentico.

258 2334 316 2394 lllo
342 2334 393 2394 die
418 2334 552 2394 domino
578 2334 724 2416 Gasparo
741 2335 919 2416 presbitero
936 2336 1096 2397 secundus
1119 2336 1276 2397 terminus
1301 2349 1349 2397 est
1365 2335 1417 2396 de·

152 2454 256 2501 cretus
279 2441 318 2500 ad
344 2441 588 2521 producendum
614 2455 709 2502 testes
734 2455 764 2503 et
790 2443 829 2503 ad
855 2444 1033 2524 proximam
1060 2443 1145 2503 diem
1172 2441 1353 2517 juridicam.

259 2547 282 2607 F
286 2547 349 2607 eria
374 2560 459 2607 sexta
477 2548 508 2607 in
524 2546 665 2627 profesto
680 2549 860 2609 Nativitatis
877 2551 968 2610 beate
988 2550 1086 2610 Marie
1107 2549 1251 2629 virginis,
1265 2549 1418 2611 dominus

153 2653 277 2735 Gaspar
294 2655 524 2735 prebendarius
541 2655 572 2715 in
591 2656 655 2716 vim
681 2656 884 2736 probationis
902 2657 1053 2737 produxit
1075 2657 1181 2717 literas
1197 2656 1418 2737 obligatorias.

260 2760 336 2820 ltem
362 2761 475 2822 eodem
503 2762 553 2821 die
579 2762 730 2842 produxit
762 2763 982 2824 testimonium
1017 2764 1168 2823 dominus
1194 2762 1320 2844 Gaspar
1344 2783 1418 2846 pru·

156 2866 267 2926 dentes
301 2867 385 2928 viros
421 2867 599 2928 iohannem
638 2869 760 2929 Sodecz
794 2883 824 2929 et
858 2870 1055 2951 Stephanum
1091 2869 1298 2952 freniparem‚
1336 2873 1421 2933 cives

154 2972 445 3053 Montisgreeensis,
471 2975 524 3054 qui
551 2975 752 3034 concorditer
781 2976 946 3036 dixerunt:
972 2976 1058 3057 quod
1085 2997 1155 3037 cum
1182 2977 1324 3057 quadam
1351 2980 1419 3040 vice

154 3077 316 3140 habuisset
340 3080 442 3142 dictus
472 3080 633 3141 lohannes
665 3082 790 3142 Zodecz
825 3085 996 3144 uocitatenx
1024 3103 1148 3144 summe
1182 3084 1420 3166 quinquaginta

153 3185 355 3264 ducatorum,
380 3187 433 3266 qui
468 3189 639 3269 accepisset
672 3188 797 3268 pignus,
831 3189 980 3250 videlicet
1013 3211 1107 3251 unam
1141 3209 1279 3272 cuppam
1305 3212 1419 3274 argen-

152 3305 249 3370 team,
274 3293 388 3352 anulos
412 3313 525 3354 aureos
551 3309 580 3355 et
605 3295 682 3354 alias
707 3316 756 3355 res
783 3312 949 3377 argenteas
974 3298 1004 3357 in
1032 3298 1139 3359 valore
1165 3312 1295 3360 centum
1320 3300 1419 3362 duca·

152 3410 271 3476 torum,
296 3398 471 3480 adiensque
497 3400 616 3460 dictum
643 3401 810 3465 dominum
830 3403 1009 3484 Gasparum
1035 3425 1172 3466 unacum
1198 3405 1322 3487 prelato
1348 3408 1419 3469 Ste-

152 3503 260 3586 phano
285 3502 454 3586 frenipare,
480 3526 594 3586 rogans
619 3528 691 3568 eum
718 3524 751 3569 ut
776 3510 834 3569 sibi
860 3510 899 3569 ad
934 3512 1049 3591 pignus
1074 3512 1154 3573 illud
1179 3513 1420 3594 quinquaginta

155 3611 288 3673 ducatos
314 3625 484 3690 mutuaret,
509 3615 563 3694 qui
589 3614 685 3675 dixit:
719 3632 802 3677 certe
835 3632 910 3679 voto
936 3632 1040 3679 vestro
1072 3620 1207 3681 libenter
1241 3640 1420 3702 parcerem,

153 3717 208 3780 sed
234 3738 299 3779 non
324 3738 465 3800 possum,
491 3721 565 3800 quia
590 3723 759 3802 pecuniam
785 3724 873 3784 illam
900 3744 996 3805 quam
1020 3724 1127 3804 habui,
1161 3726 1292 3787 Thome
1316 3728 1420 3790 sutori

155 3839 260 3887 vestro
284 3826 408 3887 concivi
434 3826 474 3887 ad
499 3825 709 3889 edificandam
747 3830 881 3891 domum
914 3851 1003 3892 suam
1030 3833 1193 3910 mutuavi,
1218 3852 1283 3913 quo
1316 3854 1421 3897 arcer·

153 3934 225 4012 sito,
251 3933 351 3995 lassus
376 3948 422 3996 est
447 3934 582 3996 domino
608 3934 751 4018 Gasparo
776 3957 808 3998 se
833 3939 950 4000 debere
968 3952 1096 4000 centum
1123 3938 1255 4000 ducatos
1279 3941 1332 4001 vel
1355 3954 1423 4005 tres

154 4059 269 4122 pensas
292 4039 493 4103 ducatorum.

261 4146 338 4208 ltem
370 4148 484 4210 eodem
518 4149 569 4210 die
601 4150 751 4231 produxit
786 4152 1006 4213 testimonium
1044 4153 1194 4215 videlicet
1226 4151 1422 4219 Michaelem

153 4250 358 4335 freniparem‚
383 4256 438 4335 qui
465 4255 561 4316 dixit:
587 4276 659 4317 cum
684 4257 823 4338 quadam
849 4258 901 4319 die
919 4260 1057 4320 venisset
1080 4259 1120 4320 ad
1145 4260 1279 4322 domum
1304 4261 1423 4343 prelati

154 4359 283 4421 Thome
307 4362 434 4440 sutoris,
458 4381 591 4442 querere
616 4364 699 4445 cepit
723 4364 807 4425 unde
837 4365 969 4427 haberet
993 4367 1080 4447 quod
1105 4381 1229 4429 tantum
1255 4366 1424 4432 edificium

155 4463 270 4528 laceret
295 4467 328 4528 in
353 4467 452 4530 domo
477 4483 508 4530 et
532 4469 695 4552 pincerna,
720 4472 775 4552 qui
800 4471 895 4532 dixit:
931 4473 1084 4535 laudetur
1108 4474 1260 4535 dominus
1284 4472 1425 4558 Gaspar,

155 4573 210 4655 qui
235 4573 312 4636 mihi
338 4576 509 4657 pecuniam
534 4576 616 4639 hanc
641 4579 807 4640 mutuavit.
