3142 5356
709 298 796 357 Anno
819 312 910 376 1393.
1399 321 1436 384 71

281 508 362 571 Item
388 508 497 571 Marco
528 506 614 569 filius
638 510 776 592 Mykech
809 530 882 571 cum
911 514 1004 572 Anna
1029 531 1085 573 sua
1117 527 1263 574 consorte
1295 514 1441 575 vendidit

185 613 403 676 molendinum
427 633 501 675 cum
526 614 647 677 circulo
672 630 703 676 et
734 634 788 676 sex
817 616 919 678 dietas
951 630 1032 677 terre
1058 616 1216 701 Saluagye
1242 633 1273 679 et
1297 618 1440 701 Georgio

181 715 241 782 flio
265 740 338 799 suo,
362 734 508 802 tempore
532 720 609 783 dicti
635 720 762 805 Gyuan.

281 826 359 888 ltem
374 827 462 908 quod
476 827 552 907 quia
570 833 695 907 Agnesa
710 827 825 889 mulier
843 827 873 888 id
888 829 1121 909 comprobavit,
1135 830 1223 910 quod
1242 829 1437 912 Dragoslaus

172 927 311 994 fundum
336 953 430 994 suum
448 933 554 995 eidem
573 933 778 1012 vendidisset,
803 953 903 1016 prope
922 934 1030 996 Bartol
1047 936 1213 1015 Neueden‚
1237 936 1311 998 ideo
1329 937 1434 998 eidem

170 1037 324 1102 dedimus
348 1040 454 1101 literas
479 1054 613 1116 nostras,
637 1052 782 1121 tempore
807 1040 882 1101 dicti
909 1039 1036 1123 Gyuan.

280 1146 360 1209 ltem
386 1147 529 1207 Briccius
554 1146 699 1207 vendidit
722 1144 859 1208 fundum
876 1166 970 1209 suum
996 1147 1131 1209 domino
1149 1148 1312 1231 Stephano
1337 1169 1438 1211 sacer·

163 1251 241 1313 doti
266 1252 307 1314 de
333 1251 489 1331 Chichan‚
516 1252 627 1331 Paulo,
653 1252 812 1332 Gregorio
829 1268 860 1315 et
888 1253 1028 1333 Thome,
1044 1268 1189 1337 tempore
1214 1255 1290 1317 dicti
1309 1255 1436 1338 Gyuan.

282 1359 360 1420 ltem
393 1358 577 1420 Anthonius
611 1360 710 1420 Renis
741 1372 771 1420 et
796 1360 881 1420 Rosa
913 1360 1029 1422 mulier
1062 1361 1169 1423 relicta
1202 1362 1312 1423 Jacobi
1345 1363 1436 1445 pelli-

160 1460 242 1525 ficis
266 1465 482 1528 vendiderunt
512 1463 648 1528 fundum
683 1467 826 1548 ipsorum
859 1467 940 1527 inter
972 1465 1090 1528 fundos
1120 1467 1246 1529 Nicolai
1270 1482 1301 1529 et
1325 1466 1437 1554 Matey

166 1567 368 1650 institorum,
386 1573 478 1633 Kona
497 1561 649 1651 consorti}
668 1572 832 1633 Elisabeth
850 1586 881 1634 et
897 1573 1010 1634 Vrsule
1034 1571 1179 1649 filiabus;
1196 1573 1303 1635 literas
1327 1580 1433 1637 autem

171 1679 321 1760 antiquas
333 1676 451 1740 factum
468 1679 543 1740 dicti
558 1677 649 1740 fundi
663 1693 830 1758 tangentes
843 1679 1047 1757 cassavimus,
1060 1693 1204 1760 tempore
1217 1679 1292 1741 dicti
1308 1679 1436 1764 Gyuan.

281 1785 359 1847 ltem
385 1785 497 1846 Petrus
519 1784 606 1846 filius
622 1783 753 1847 Martini
779 1785 925 1846 vendidit
949 1786 1076 1848 vineam
1101 1805 1192 1848 suam
1217 1787 1347 1848 Vrbano
1371 1808 1436 1849 cat-

176 1889 271 1971 nifici,
295 1906 440 1974 tempore
469 1892 544 1953 dicti
571 1891 698 1975 Gyuan.

279 1999 356 2060 ltem
382 1997 531 2059 dedimus
565 1999 672 2058 literas
709 1999 839 2080 Andrey
861 1997 936 2059 liliis
968 1997 1055 2060 Gerd
1080 2013 1111 2061 et
1133 1998 1209 2061 filiis
1234 2000 1341 2083 Erney
1373 1999 1436 2062 fra-

178 2103 225 2166 tris
256 2105 307 2166 sui
339 2123 435 2186 super
467 2102 602 2165 fundum
637 2105 668 2165 in
701 2104 908 2166 Teutonicali
941 2105 1013 2166 vico
1044 2106 1153 2183 situm,
1185 2120 1330 2188 tempore
1355 2107 1432 2169 dicti

175 2201 303 2295 Gyuan.

277 2318 356 2379 ltem
383 2316 559 2398 Gregorius
583 2317 717 2377 voschar
733 2317 895 2397 expedivit
919 2330 950 2378 et
973 2318 1134 2379 commisit
1159 2316 1226 2379 fore
1251 2320 1435 2402 expeditum

160 2413 366 2506 Gregorium
392 2423 510 2504 Angeli
535 2443 630 2505 super
655 2424 806 2484 omnibus
822 2423 1075 2503 aquisicionibus
1092 2444 1194 2505 usque
1218 2425 1257 2485 ad
1281 2426 1339 2488 hec
1356 2440 1435 2487 tem·

152 2535 249 2600 βοτη
274 2531 357 2591 inter
382 2531 468 2612 ipsos
491 2527 593 2608 factis,
618 2544 764 2611 tempore
789 2529 864 2589 dicti
891 2528 1018 2612 Gyuan.

277 2636 357 2699 ltem
383 2637 456 2698 lvan
474 2635 559 2698 filius
577 2636 732 2698 lobannis
758 2635 903 2697 vendidit
927 2634 1063 2697 fundum
1081 2656 1174 2698 suum
1193 2637 1224 2698 in
1250 2638 1322 2700 vico
1346 2639 1434 2700 Teu·

144 2744 301 2808 tonicali
327 2744 456 2805 Vrbano
481 2757 512 2806 et
537 2743 690 2824 Georgi0‚
718 2757 863 2824 tempore
887 2742 962 2803 dicti
989 2741 1117 2825 Gyuan.

277 2849 354 2910 ltem
381 2849 497 2910 Paulus
521 2848 659 2910 carnifex
685 2849 774 2909 dedit
798 2848 1061 2910 concambialiter
1085 2849 1214 2910 vineam
1238 2870 1328 2911 suam
1355 2850 1433 2913 Gre-

146 2957 261 3035 gorio
286 2954 496 3016 Wlltmanich
521 2974 594 3016 cum
612 2955 832 3015 additamento
861 2955 1073 3035 quadraginta
1090 2954 1160 3016 flor.
1185 2956 1265 3033 auri,
1288 2969 1433 3039 tempore

152 3062 245 3124 dicti
273 3059 401 3143 Gyuan.

278 3168 356 3228 ltem
390 3168 490 3229 Elena
523 3169 631 3230 relicta
666 3168 825 3229 Francisci
858 3167 972 3245 judicis
1007 3168 1153 3230 vendidit
1184 3188 1281 3230 unam
1314 3171 1431 3233 dietam

154 3287 249 3337 terre
275 3293 331 3334 sue
356 3274 450 3335 Petro
474 3275 608 3355 Vogrin,
634 3288 779 3355 tempore
805 3274 880 3335 dicti
907 3272 1035 3356 Gyuan.

276 3380 354 3442 ltem
380 3380 528 3441 dedimus
560 3382 667 3442 literas
699 3396 821 3442 nostras
857 3380 1019 3441 Elisabeth
1052 3380 1161 3442 relicte
1185 3396 1216 3442 et
1241 3382 1341 3444 Elene
1366 3382 1431 3445 illie

164 3486 306 3550 condam
324 3488 434 3549 lacobi
453 3487 597 3569 pellificis
615 3489 695 3549 inter
716 3486 852 3548 fundum
871 3485 1014 3569 Renych,
1032 3501 1176 3568 tempore
1201 3488 1277 3548 dicti
1303 3488 1430 3571 Gyuan.

274 3595 351 3655 ltem
379 3595 486 3676 Matey
507 3594 649 3656 carnifex
673 3594 820 3655 vendidit
837 3594 964 3654 vineam
989 3613 1078 3654 suam
1105 3594 1281 3655 Benedicto
1308 3596 1430 3657 bastar-

169 3700 243 3762 dich
269 3701 323 3779 ita,
348 3701 436 3782 quod
461 3701 595 3781 singulis
620 3701 712 3760 annis
744 3699 879 3760 cubulos
903 3700 1047 3781 quinque
1072 3700 1138 3761 vini
1171 3701 1332 3763 Dorothee
1365 3701 1430 3764 filie

168 3807 394 3870 Cherneouich
419 3822 450 3868 et
473 3808 538 3868 suis
562 3807 733 3867 heredibus
757 3806 832 3867 dare
857 3806 1026 3868 tenebitur.

276 3913 354 3976 Item
372 3914 521 3974 dedimus
538 3915 645 3975 literas
672 3927 795 3974 nostras
813 3912 946 3973 domino
971 3912 1085 3997 Gyuan
1103 3933 1198 3994 super
1222 3913 1301 3974 duas
1330 3928 1429 3975 tetras

168 4020 302 4082 fratrum
328 4021 566 4082 Predicatorum
585 4021 711 4081 claustri
737 4020 837 4080 sancti
851 4019 976 4080 Nicolai
994 4017 1184 4081 confessoris
1208 4020 1426 4100 obligatorias,

168 4142 311 4210 tempore
336 4128 481 4189 eiusdem
512 4127 639 4210 Gyuan.

273 4234 348 4297 ltem
367 4233 480 4297 Marco
495 4234 580 4295 filius
598 4232 733 4315 Mykech
759 4231 904 4292 vendidit
920 4245 1034 4292 terram
1053 4252 1142 4293 suam
1157 4233 1311 4293 arabilem
1328 4253 1426 4315 prope

167 4342 326 4425 Pobresya
351 4344 482 4404 Vrbano
507 4342 574 4403 filio
599 4339 792 4417 Wlkouech,
817 4354 961 4421 tempore
987 4339 1062 4401 dicti
1088 4339 1214 4422 Gyuan.

271 4449 350 4511 ltem
385 4450 508 4531 Matyas
540 4449 687 4510 vendidit
719 4446 942 4508 molendinum
975 4465 1068 4507 suum
1100 4447 1130 4507 in
1163 4445 1261 4508 fluvio
1293 4448 1427 4510 domino

167 4554 283 4639 Gyuao
315 4555 414 4635 judici
447 4557 499 4634 ita,
532 4557 620 4637 quod
652 4555 787 4636 singulis
819 4554 910 4613 annis
941 4553 1026 4614 idem
1061 4552 1175 4637 Gyuan
1208 4569 1316 4616 nostre
1340 4575 1426 4617 com-

166 4662 314 4724 munitati
339 4661 435 4725 debet
467 4679 594 4724 centum
628 4663 777 4723 denarios
808 4679 866 4741 pro
897 4674 1042 4740 tempore
1074 4673 1237 4720 currentes
1269 4675 1299 4723 et
1325 4682 1424 4724 unum

164 4768 320 4831 eubulum
345 4790 446 4831 avene
470 4769 630 4853 (solvere),
654 4786 798 4851 tempore
824 4767 898 4827 dicti
925 4766 1052 4848 Gyuan.
