3142 5356
451 1291 579 1394 (Anno
607 1288 764 1379 Domini
790 1288 1184 1393 noconxxxnvn.)

189 1647 297 1740 Nota,
327 1650 421 1749 quod
451 1651 516 1724 snb
545 1673 639 1725 anno
659 1648 802 1725 Domini
833 1649 1022 1724 millesimo
1051 1648 1311 1725 tercentesimo
1340 1668 1440 1722 nona·

187 1774 329 1872 gesimo
351 1774 517 1873 septimo,
546 1781 711 1872 tempore
731 1773 907 1864 iudicatus
933 1773 1064 1847 domini
1080 1772 1250 1874 Johannis
1279 1770 1338 1846 filii
1369 1768 1443 1846 Ste-

332 1896 435 1996 phani
465 1897 550 1972 dicti
579 1895 694 1988 Bozo,
723 1920 874 1998 presens
904 1897 1081 1972 kathema
1109 1903 1168 1972 est
1194 1894 1305 1971 facta.

295 2147 371 2208 ltem
404 2147 491 2228 quod
522 2148 597 2229 quia
630 2145 819 2228 magnificus
846 2147 893 2208 vir
925 2145 1076 2207 dominus
1108 2147 1198 2207 Altus
1222 2146 1323 2207 banus
1348 2158 1379 2207 et
1402 2144 1448 2206 sui

189 2272 386 2315 successores
422 2274 438 2314 a
472 2254 617 2335 pluribus
649 2254 811 2315 retroactis
839 2253 1040 2335 temporibus
1070 2252 1160 2315 dacia
1193 2251 1317 2314 domini
1352 2250 1450 2313 nostri

187 2359 270 2440 regis
302 2359 426 2420 solvere
458 2378 522 2421 non
548 2361 669 2421 curavit
702 2374 732 2421 et
764 2359 826 2420 sliu
859 2359 993 2420 servicis
1025 2358 1065 2420 de
1098 2358 1241 2439 quodam
1266 2356 1369 2419 fundo
1393 2376 1451 2419 suo

187 2467 267 2527 inter
294 2464 412 2526 fundos
436 2466 562 2527 Lucasii
589 2465 748 2548 hlebopek
773 2480 804 2528 et
829 2465 960 2546 Georgii
991 2463 1167 2542 Turchich‚
1192 2464 1266 2526 ideo
1291 2483 1351 2526 nos
1374 2484 1451 2525 eun·

186 2573 259 2634 dent
285 2571 422 2635 fundum
447 2591 505 2654 pro
523 2572 644 2635 eisdem
669 2574 769 2634 daciis
785 2572 993 2635 vendidimus
1017 2572 1136 2634 Chuno
1153 2573 1270 2634 Latino
1294 2585 1452 2654 perpetuo

185 2679 427 2762 possidendum.

292 2787 369 2848 ltem
395 2806 453 2848 nos
470 2787 691 2848 communitas
716 2786 850 2848 fecimus
874 2801 906 2849 et
929 2786 1109 2848 creavimus
1132 2798 1277 2847 nostrum
1303 2786 1335 2847 in
1361 2798 1450 2847 uota-

186 2893 268 2954 rium
295 2892 458 2954 Thomam
482 2891 585 2954 filium
610 2892 671 2975 lsip
697 2893 727 2953 in
754 2907 864 2954 nostro
888 2893 1028 2974 generali
1054 2892 1204 2970 consilio,
1227 2892 1452 2974 promittentes

187 2999 248 3061 sibi
272 2999 415 3081 plenarie
440 2998 515 3061 dare
546 3017 620 3060 suos
655 3012 830 3081 proventus
862 3003 957 3080 prout
980 2999 1053 3060 aliis
1086 2998 1202 3060 nostris
1233 2998 1368 3061 notariis
1398 2997 1451 3060 ad·

187 3105 459 3168 ministrabantur.

292 3211 368 3274 ltem
402 3211 489 3293 quod
522 3212 597 3292 quia
632 3211 822 3292 Magdalena
858 3212 968 3273 relicta
1002 3211 1131 3273 Thome
1162 3209 1219 3272 filii
1252 3209 1388 3273 Churnlr
1420 3223 1451 3272 et

188 3317 355 3380 Elizabeth
373 3316 438 3379 filia
464 3317 588 3378 Nicolai
614 3318 689 3378 dicti
707 3317 845 3378 Wtirich
869 3338 886 3379 a
909 3318 1054 3400 pluribus
1070 3317 1233 3379 retroactis
1249 3318 1451 3399 temporibus

187 3424 277 3486 dacia
303 3424 426 3486 domini
452 3423 550 3485 nostri
573 3424 656 3504 regis
680 3436 711 3484 et
727 3424 788 3484 alia
813 3424 947 3485 servicia
964 3424 1089 3485 solvere
1113 3443 1178 3485 non
1196 3436 1359 3501 curarunt,
1375 3423 1450 3484 ideo

188 3550 248 3592 nos
273 3530 408 3592 fundum
435 3530 578 3612 ipsorum
605 3530 686 3591 inter
711 3528 829 3591 fundos
854 3531 953 3592 Marci
978 3530 1092 3613 judicis
1116 3544 1147 3593 et
1170 3529 1326 3591 Johannis
1349 3529 1450 3591 archi·

192 3637 319 3698 diaconi
338 3637 377 3698 de
396 3637 558 3715 Vrbouch,
585 3637 671 3698 dicto
689 3637 797 3697 Marco
814 3636 1019 3698 vendidimus
1034 3649 1191 3719 perpetuo
1207 3635 1450 3719 possidendum.

291 3762 368 3823 ltem
393 3761 556 3824 lohannes
580 3781 695 3844 parvus
720 3775 828 3823 noster
852 3763 993 3824 concivis
1025 3760 1170 3824 vendidit
1194 3759 1331 3822 fundum
1356 3778 1449 3822 suum

184 3870 216 3931 in
241 3883 390 3951 postergo
415 3868 505 3930 fundi
522 3870 581 3947 sui,
606 3868 745 3930 mediam
764 3869 895 3948 curiam,
921 3869 1079 3951 Gregorio
1106 3867 1271 3950 Sarurgsr,
1294 3879 1444 3950 ternpore

186 3975 260 4036 dicti
286 3973 449 4037 iohannis.

289 4081 366 4143 ltern
399 4080 532 4151 provida
564 4080 696 4142 domina
732 4080 880 4142 Marecha
912 4095 1024 4141 vocata
1057 4079 1167 4142 relicta
1195 4077 1322 4140 Nicolsi
1354 4079 1450 4142 Virus

184 4189 273 4268 dicti,
306 4189 494 4251 medietates
526 4189 620 4249 unius
645 4188 761 4250 domus
793 4208 849 4250 sue
881 4202 911 4249 et
943 4189 1035 4249 vinee
1068 4188 1100 4248 in
1131 4186 1282 4269 opposito
1315 4186 1449 4248 ecclesie

184 4297 283 4358 sancti
309 4294 441 4376 Georgii
467 4295 585 4372 habite,
611 4294 686 4355 luan
713 4294 855 4356 Charant
888 4307 918 4355 et
948 4294 1055 4355 Blasio
1079 4313 1199 4375 genero
1222 4311 1282 4354 suo
1305 4292 1397 4356 dedit
1419 4304 1449 4354 et

185 4403 327 4480 donavit,
352 4418 496 4484 tempore
526 4402 625 4484 ipsius
649 4402 812 4466 lobannis.

292 4511 368 4572 ltem
406 4509 568 4571 lohannes
602 4507 686 4570 filius
719 4509 845 4570 Mikech
880 4508 1124 4590 Bosyehteynye
1165 4507 1269 4569 dictus
1304 4505 1449 4568 vendidit

184 4617 347 4700 quandam
372 4637 462 4678 suarn
487 4618 614 4678 vineam
640 4616 792 4697 magistro
818 4615 982 4697 Stephano
1006 4614 1131 4675 literato
1148 4611 1216 4675 filio
1241 4613 1345 4693 Pauli,
1370 4627 1448 4675 tem-

184 4745 262 4808 pore
287 4725 362 4787 dicti
388 4724 551 4787 lobannis.
622 4775 625 4783 .
