3156 5364
606 512 693 569 Anno
715 523 803 587 1523.
827 544 870 554 -
894 506 944 571 18.
968 512 1077 572 martii.

634 722 832 783 Laurencius
855 736 955 783 sutor.

630 828 748 889 Paulus
771 828 981 911 Widowzyn.

635 934 823 1017 Stephycza.

632 1042 757 1103 Blasius
780 1055 880 1103 sutor.

563 1175 567 1185 ·
627 1146 787 1229 Georgius
809 1162 909 1209 sutor.

632 1255 777 1316 Thomas
801 1254 951 1336 frenipar.

629 1361 781 1422 Nicolaus
805 1361 969 1442 clipeator.

633 1467 779 1529 Matheus
803 1482 900 1528 sutor.

633 1573 814 1655 Stephanus
837 1573 978 1634 sororius
1003 1571 1244 1654 Kohchewych.

633 1679 790 1742 Martinus
815 1678 914 1741 faber.

631 1785 734 1846 Lucas
757 1784 894 1846 cheztar.

633 1890 786 1952 Thomlro
811 1905 909 1954 sutor.

630 1997 822 2059 Valentinus
844 2000 943 2060 tesalr.

631 2103 814 2165 Anthonius
838 2103 1003 2166 Planthak.

378 2375 472 2450 Faria
503 2377 627 2466 quarta
657 2380 809 2465 proxima
837 2389 913 2466 post
941 2379 1141 2448 dominicam
1171 2379 1300 2450 letare.

733 2544 798 2621 (18.
822 2547 949 2621 martii).

315 2705 454 2767 Causam
481 2706 563 2766 inter
588 2704 792 2767 Franciscum
819 2705 1016 2789 Quatrochy,
1048 2719 1082 2767 ut
1106 2721 1244 2767 actorem
1271 2707 1311 2767 ab
1336 2726 1411 2784 una,
1442 2720 1471 2767 et

208 2812 380 2873 Nicolaum
407 2812 576 2890 Palamini,
601 2826 636 2874 ut
660 2832 762 2890 reum,
795 2813 938 2874 seniores
969 2812 1092 2893 judices
1116 2813 1252 2874 omnino
1283 2812 1370 2891 juxta
1402 2833 1469 2874 sen-

210 2919 347 2979 tenciam
373 2917 551 2998 juratorum
577 2920 774 2999 aprobarunt
798 2933 829 2980 et
846 2917 1118 2980 confirmaverunt
1141 2918 1226 2998 juxta
1245 2919 1472 3000 inscripciones

208 3043 322 3084 manus
347 3025 474 3105 proprie
500 3023 613 3105 prefati
639 3025 793 3085 leronimi
819 3025 975 3085 Palamini
997 3038 1028 3085 et
1051 3020 1207 3086 fassiones
1231 3043 1340 3085 coram
1367 3023 1470 3103 judice

208 3130 354 3206 civitatis,
379 3143 410 3190 et
434 3131 522 3210 quod
547 3145 622 3191 tunc
655 3131 809 3211 temporis
837 3131 946 3191 nullus
980 3130 1196 3192 contradictor
1229 3130 1384 3191 extitisset
1414 3149 1471 3191 nec

208 3235 302 3296 alicui
335 3236 423 3317 prius
457 3234 577 3316 prefata
603 3238 687 3297 bona
720 3235 822 3297 lassus
854 3235 973 3299 fuisset.
1009 3273 1049 3280 -
1082 3237 1207 3297 Eodem
1240 3237 1292 3297 die
1318 3237 1471 3298 Nicolaus

210 3342 365 3402 Palamini
391 3342 429 3402 de
448 3342 567 3422 judicio
592 3342 735 3423 judicum
753 3344 916 3405 seniorum
939 3363 1002 3405 non
1022 3356 1192 3404 contentus
1216 3343 1256 3403 ad
1282 3344 1470 3424 magistrum

207 3447 464 3508 thavernicorum
494 3449 677 3530 appellavit.

316 3571 441 3632 Eodem
467 3571 519 3633 die
544 3573 575 3632 in
602 3592 696 3633 causa
722 3573 803 3633 inter
827 3573 996 3634 dominum
1016 3570 1146 3634 Gallum
1165 3571 1415 3653 prebendarium
1441 3586 1470 3632 et

208 3678 398 3739 Michaelem
434 3677 623 3760 Oprasnych
657 3678 808 3758 judicem,
841 3680 982 3739 seniores
1006 3678 1127 3757 judices
1158 3678 1354 3739 sentenciam
1387 3677 1469 3757 jura·

205 3796 311 3844 torum
338 3784 369 3844 in
395 3783 454 3844 hoc
479 3786 707 3865 approbarunt,
733 3785 820 3865 quod
851 3784 1000 3846 videlicet
1025 3782 1161 3844 Michael
1196 3782 1387 3867 Oprasnych
1412 3802 1468 3865 pro

206 3908 239 3950 se
265 3902 295 3949 et
319 3908 416 3950 uxore
441 3909 497 3950 sua
523 3889 626 3969 jurare
644 3890 770 3969 debeat,
795 3905 829 3952 ut
853 3891 912 3972 ipsi
931 3889 1029 3950 nichil
1053 3890 1181 3971 penitus
1206 3908 1311 3950 rerum
1330 3889 1467 3951 condam

207 3995 332 4057 Nicolai
358 3996 582 4080 Wydkowych
615 3997 700 4078 apud
731 4017 763 4058 se
796 3997 959 4071 haherent,
991 3998 1079 4077 quod
1112 3996 1136 4056 si
1162 3995 1378 4078 juramentum
1404 4016 1467 4058 non

208 4102 426 4184 deposuerint,
442 4102 580 4162 florenos
593 4104 704 4184 viginti
719 4104 853 4164 domino
868 4102 963 4164 Gallo
976 4103 1100 4162 solvere
1118 4103 1266 4181 debeant,
1283 4101 1344 4163 hoc
1362 4119 1467 4164 tamen

206 4208 328 4286 addito,
354 4208 443 4288 quod
469 4209 536 4288 ipse
562 4209 713 4270 dominus
746 4208 860 4270 Gallus
892 4208 996 4288 jurare
1020 4208 1108 4290 prius
1140 4207 1256 4270 debeat
1280 4208 1369 4289 quod
1402 4209 1467 4290 ipse

207 4314 329 4374 nullam
355 4314 629 4396 composicionem
649 4335 721 4375 cum
740 4315 906 4376 leronimo
924 4314 1080 4375 Palamini
1106 4334 1164 4396 pro
1180 4313 1239 4375 hac
1264 4314 1468 4394 obligatione

204 4420 256 4480 vel
280 4420 424 4481 eiusdem
449 4435 593 4501 pretextu
619 4421 760 4499 haberet,
785 4436 814 4482 er
839 4421 926 4501 quod
947 4421 1045 4482 nichil
1071 4421 1102 4481 in
1128 4435 1247 4482 sortem
1264 4421 1379 4502 viginti
1397 4420 1466 4482 flor.

205 4546 287 4607 quos
311 4527 461 4606 requirit,
486 4528 526 4587 ab
551 4527 620 4608 ipso
645 4528 810 4589 leronimo
831 4528 1010 4609 recepisset,
1035 4541 1066 4587 ct
1090 4526 1150 4588 hoc
1182 4525 1260 4588 feria
1285 4541 1372 4588 sexta
1398 4541 1467 4609 post

207 4647 335 4694 octavas
360 4634 620 4694 Resurreccionis
644 4634 706 4697 fiat.
742 4671 780 4679 -
815 4633 938 4695 Eodem
972 4633 1023 4693 die
1049 4633 1186 4695 Michael
1213 4632 1404 4716 Oprasnych
1429 4635 1467 4695 de

205 4739 326 4820 judicio
350 4738 494 4820 judicum
526 4739 689 4801 seniorum
723 4761 788 4801 non
821 4754 990 4801 contentus
1014 4739 1053 4800 ad
1086 4740 1273 4820 magistrum
1306 4740 1453 4802 thaverni

204 4865 315 4907 corum
339 4846 523 4928 appellavit.
