3142 5356
273 1268 402 1368 (Anno
429 1266 585 1354 Domini
613 1265 926 1356 dccccxxxix
953 1269 992 1355 eh
1019 1265 1277 1370 MGGGOXL.)

115 1572 152 1648 In
182 1573 325 1648 nomine
352 1570 510 1647 Domini.
540 1571 667 1647 Amen.
704 1571 810 1649 Anno
838 1571 1047 1649 Natiuitatis
1077 1575 1238 1650 eiusdem
1269 1573 1379 1648 mille-

114 1696 914 1796 simoquadringentesimoquadragesimo,
951 1721 1103 1797 presens
1140 1700 1293 1775 katerna
1324 1705 1382 1773 est

115 1821 320 1919 conscripta
354 1830 429 1896 tam
466 1821 499 1894 in
538 1844 630 1896 anno
669 1822 829 1920 presenti
867 1822 1030 1921 predicto
1070 1845 1173 1922 quam
1212 1823 1246 1897 in
1286 1845 1379 1897 anno

114 1944 258 2020 Domini
275 1941 601 2020 MCCCCXXXIX
616 1945 778 2044 proxime
790 1946 927 2045 elaps0‚
943 1956 1108 2045 tempore
1119 1946 1301 2043 judicatus
1316 1945 1381 2020 viri

114 2068 252 2168 providi
282 2075 320 2142 et
348 2067 597 2166 circumspecti
618 2066 760 2143 Martini
776 2068 904 2165 judicis
920 2068 979 2144 filii
996 2069 1145 2163 Thome‚
1161 2093 1270 2168 snper
1285 2069 1380 2168 regi·

115 2192 296 2267 stracione
320 2192 673 2290 consignacioneque
699 2202 877 2267 certarum
898 2194 1080 2268 literarum
1107 2193 1380 2292 privilegialium

114 2317 240 2390 civium
252 2316 407 2390 civitatis
419 2316 580 2414 predicte
593 2339 635 2390 ac
650 2316 927 2391 inhabitatorum
941 2317 1100 2392 eiusdem
1112 2319 1269 2393 civitatis
1289 2317 1382 2393 infra

113 2440 387 2530 nominatorum,
410 2463 518 2538 super
537 2441 830 2538 possessionibus
858 2441 892 2514 in
922 2441 1048 2515 eadem
1069 2442 1214 2517 civitate
1237 2449 1275 2517 et
1303 2441 1380 2517 eius

113 2565 299 2640 territorio
328 2563 468 2655 habitis,
490 2563 734 2640 confectarum
760 2565 1034 2664 privilegialiter
1062 2574 1099 2640 et
1120 2574 1378 2640 emanatarum.

114 2785 194 2856 Item
225 2785 309 2856 teria
339 2793 437 2855 sexta
470 2788 625 2873 proxima
664 2794 739 2874 post
768 2786 890 2858 festum
928 2789 1038 2857 sancti
1067 2783 1197 2857 hndree
1225 2786 1381 2874 apostoli,

338 2913 371 2979 in
400 2929 485 2981 anno
514 2908 643 2981 Domini
673 2908 934 2982 mccccxxmx
962 2908 1167 2999 supradicto.

633 3065 677 3143 (4.
702 3065 875 3135 decembris).

222 3204 300 3266 Itetn
319 3217 385 3266 totu
403 3205 618 3266 communitas
642 3204 778 3266 civitatis
802 3204 944 3287 predicte
962 3203 1125 3284 quandam
1143 3202 1289 3281 domum,
1308 3201 1380 3265 fun·

115 3311 204 3389 dum,
229 3310 443 3392 hedificiaque
468 3311 617 3372 universa
642 3312 700 3372 viri
727 3310 864 3372 condam
890 3310 1016 3392 providi
1043 3325 1074 3372 et
1098 3309 1223 3371 honesti
1242 3308 1376 3391 Georgii

113 3417 250 3480 condam
276 3417 389 3497 judicis
413 3432 444 3478 et
475 3417 616 3478 concivis
648 3418 746 3479 nostri
778 3416 835 3478 filii
868 3417 1048 3495 Valentini,
1082 3417 1163 3477 inter
1200 3414 1318 3477 fundos
1343 3430 1374 3478 et

113 3522 264 3584 hedificia
291 3523 419 3606 Mathye
445 3524 575 3585 sartoris
599 3537 630 3585 et
649 3523 748 3584 Elene
774 3523 883 3585 relicte
901 3523 1038 3584 condam
1057 3522 1211 3584 Johannis
1235 3523 1380 3604 perviae

115 3630 270 3691 Johannis
294 3631 386 3691 aliter
411 3630 494 3691 luen
521 3630 612 3691 Turk
637 3630 725 3707 dicti,
749 3631 788 3690 ab
821 3630 955 3707 oriente,
980 3650 1015 3691 ac
1041 3629 1170 3690 Tbome
1195 3629 1324 3690 sartoris
1349 3642 1380 3690 et

115 3738 242 3800 Andree
270 3739 395 3799 clientis
427 3738 502 3799 dicti
529 3738 608 3816 Lab,
640 3739 679 3798 ab
712 3738 891 3816 occidente,
922 3758 980 3798 nec
1006 3757 1070 3798 non
1104 3737 1186 3797 inter
1210 3736 1289 3797 duas
1312 3736 1380 3797 vias

115 3864 314 3924 communes,
340 3864 478 3905 unama
512 3845 741 3926 septemtrione
774 3859 804 3906 et
836 3845 973 3904 aliama
1009 3843 1187 3904 meridione
1224 3841 1378 3920 habitam,

115 3971 232 4012 novem
257 3965 386 4032 quartas
410 3965 440 4011 et
465 3971 561 4012 unam
587 3966 732 4012 octavam
757 3952 843 4012 curie
870 3952 900 4012 in
919 3972 951 4013 se
976 3951 1195 4012 continentem
1221 3949 1260 4010 ad
1285 3968 1378 4010 usum

115 4058 263 4135 civitatis,
287 4057 423 4118 Nicolao
448 4056 610 4118 aurifabro
647 4057 714 4119 filio
744 4058 838 4135 Petri,
870 4058 985 4138 jurate,
1010 4057 1070 4118 civi
1105 4070 1224 4133 nostro,
1249 4076 1307 4137 pro
1332 4056 1379 4116 vi·

114 4164 194 4243 ginti
220 4183 336 4224 novem
362 4163 431 4226 flor.
456 4165 523 4224 auri
550 4164 695 4226 vendidit
719 4179 874 4247 perpetuo
900 4164 1126 4246 possidendam
1153 4176 1183 4224 et
1207 4162 1378 4244 superinde

115 4284 161 4330 est
185 4270 276 4330 litera
302 4270 407 4331 eidem
435 4271 569 4331 Nicolao
594 4270 698 4351 jurato
727 4272 785 4332 sub
819 4271 972 4352 pendenti
1005 4271 1112 4351 sigillo
1137 4269 1378 4331 communitatis

115 4391 260 4437 emanata
287 4397 324 4437 ex
349 4396 399 4452 eo,
417 4378 492 4458 quia
512 4378 580 4458 ipso
600 4377 742 4458 Georgio
767 4377 872 4459 judice
891 4379 1037 4440 intestate
1055 4378 1094 4438 ab
1111 4377 1169 4438 hac
1194 4377 1265 4438 luce
1283 4377 1376 4438 dece·

114 4483 210 4544 dente
234 4485 355 4564 absque
388 4483 569 4563 heredibus,
601 4486 819 4567 possessiones
855 4486 954 4567 ipsius
985 4505 1080 4568 super
1112 4485 1380 4546 communitatem

115 4590 291 4671 predictam
316 4604 389 4650 sunt
414 4591 453 4651 de
478 4590 545 4670 jure
571 4592 709 4652 redacte.

222 4696 299 4757 item
323 4697 423 4757 eciam
450 4696 603 4778 (hiortum
630 4698 772 4758 eiusdem
799 4699 934 4758 condam
955 4697 1085 4778 Georgii
1112 4696 1226 4775 judicis
1251 4697 1282 4757 in
1307 4699 1381 4758 sub-

117 4802 209 4864 urbio
234 4803 370 4864 civitatis
394 4804 536 4885 predicte
562 4804 642 4865 inter
667 4804 802 4885 (b)0rtos
828 4805 951 4866 Nicolui
986 4805 1122 4883 clientis,
1147 4825 1164 4865 a
1190 4803 1381 4881 meridione,

1275 4911 1314 4954 22
