3142 5356
147 453 301 461 ——-.-.
316 453 562 461 -.-..-.—--—....
591 455 602 458 -
645 453 717 459 .—
741 453 820 459 -μ
840 453 958 459 .--.-.
997 454 1033 458 -.
1066 453 1069 457 .

689 346 775 403 Anno
798 359 890 424 1429.
1364 361 1421 428 179

265 559 340 620 ltem
366 559 514 620 Vrbanus
532 557 616 620 filius
641 558 775 618 Fabiani
794 558 869 619 dicti
890 558 1069 636 Stamberlr,
1095 559 1258 639 quendam
1284 557 1422 621 fundum

148 684 251 726 suum
270 685 406 726 vacuum
425 665 456 725 in
482 665 636 725 suburbio
654 665 789 726 civitatis
808 665 837 724 in
856 665 1006 745 opposito
1024 665 1156 726 ecclesie
1175 665 1273 726 sancti
1294 666 1421 727 Martini

151 770 351 834 confessoris
383 773 465 834 inter
498 772 614 832 domos
645 785 676 832 et
708 770 826 832 lundos
857 771 1020 833 Valentini
1057 786 1086 832 et
1121 771 1253 853 Georgii
1286 774 1325 833 ab
1360 793 1422 833 una

150 892 259 961 parte,
282 880 321 939 ab
346 878 445 940 altera
471 898 546 939 vero
572 878 655 938 lwan
682 875 760 938 labri
780 877 935 955 habitum,
964 898 981 937 a
1007 877 1110 959 platea
1132 878 1296 940 communi
1322 899 1423 960 usque

151 983 292 1046 fluvium
311 984 461 1046 metalem
480 1005 511 1044 se
538 984 774 1061 extendentem,
792 983 931 1044 mediam
950 984 1069 1044 curiam
1086 984 1116 1043 in
1134 1003 1166 1044 se
1192 985 1423 1062 continentem,

152 1089 324 1152 Anthonio
349 1089 440 1152 fabro
472 1089 540 1151 filio
566 1090 661 1151 Blasii
694 1089 757 1170 jam
783 1104 892 1150 nostro
924 1089 1049 1150 concivi
1082 1089 1228 1151 vendidit
1264 1104 1423 1173 perpetuo

154 1197 399 1280 possidendum.

264 1304 341 1366 ltem
367 1306 466 1385 probe
492 1316 522 1365 et
545 1303 677 1363 honeste
703 1302 855 1363 mulieres
880 1301 980 1362 Elena
1006 1301 1115 1363 relicta
1140 1303 1276 1363 condam
1303 1303 1422 1364 Vrbaoi

155 1411 196 1472 de
221 1411 344 1471 Nowak
364 1410 543 1471 liberorum
569 1408 679 1469 Thoth
704 1408 744 1468 de
763 1408 985 1486 Zumzedwar,
1002 1422 1032 1469 et
1051 1408 1149 1469 altera
1176 1410 1274 1471 Elena
1293 1429 1424 1471 consors

155 1517 314 1598 legittima
341 1517 424 1578 Petri
450 1515 506 1576 filii
535 1515 648 1576 Briccii
681 1515 720 1575 de
746 1514 974 1576 Chaltanovvch
1000 1515 1088 1592 villa,
1121 1515 1269 1577 similiter
1299 1515 1423 1597 predic·

156 1638 265 1685 torum
291 1623 467 1684 liberorum
493 1622 593 1704 ipsius
626 1621 747 1698 Thoth,
772 1620 837 1683 filie
869 1622 989 1683 scilicet
1022 1622 1158 1683 condam
1185 1622 1341 1684 lobannis
1364 1621 1421 1683 filii

157 1730 244 1791 Petri
271 1729 346 1791 dicti
373 1728 508 1807 Zudich,
541 1730 572 1789 in
605 1749 660 1790 sua
693 1743 722 1789 et
747 1728 837 1789 Pauli
872 1727 928 1789 filii
954 1729 1096 1790 eiusdem
1132 1729 1287 1790 lohannis
1320 1727 1424 1790 fratris

158 1835 310 1897 videlicet
335 1837 476 1918 ipsarum
509 1835 643 1896 senioris
677 1835 792 1896 uterini
825 1848 855 1895 et
879 1836 1033 1913 carnalis,
1058 1837 1088 1896 in
1121 1856 1177 1897 sua
1210 1856 1245 1897 ac
1279 1836 1422 1897 Barnabe

155 1943 214 2005 filii
241 1942 373 2023 Georgii
400 1941 457 2004 filii
483 1943 557 2004 dicti
592 1942 746 2003 lobannis
771 1943 893 2003 Zudich
927 1941 1030 2004 fratris
1062 1943 1251 2004 eorumdem
1276 1942 1424 2004 similiter

155 2050 294 2111 carnalis
319 2069 373 2131 per
394 2049 547 2110 Thurltos
571 2048 693 2110 dudum
712 2047 816 2109 adhuc
834 2048 1057 2127 deductorum,
1075 2069 1132 2110 nec
1158 2069 1221 2110 non
1247 2050 1422 2111 liberorum
1467 2098 1471 2104 .

156 2176 213 2217 seu
228 2175 449 2217 successorum
467 2155 604 2217 condam
620 2156 749 2216 Martini
767 2155 844 2217 dicti
858 2155 1020 2216 Werchek
1038 2156 1183 2216 similiter
1200 2176 1256 2239 per
1273 2155 1424 2217 Thurltos

157 2259 330 2337 interfecti,
356 2261 412 2322 hlii
438 2259 550 2343 prefati
576 2260 697 2321 Zudich
721 2261 876 2322 lobannis
903 2263 1049 2343 personis
1073 2281 1169 2322 omne
1194 2281 1276 2324 onus
1299 2275 1330 2322 et
1353 2282 1422 2343 gra·

156 2387 273 2429 vamen
292 2369 481 2430 eorumdem
507 2368 532 2428 si
551 2368 860 2448 quomodocumque
878 2369 1031 2450 temporis
1049 2369 1080 2429 in
1105 2388 1255 2450 processu
1272 2368 1304 2429 in
1323 2367 1418 2429 infra-

156 2475 283 2556 scriptis
308 2473 406 2535 iidem
432 2475 599 2556 persistere
624 2473 759 2550 nollent,
784 2474 815 2534 in
841 2494 873 2534 se
897 2488 1011 2556 sponte
1035 2475 1241 2554 assumendo,
1266 2475 1421 2556 quasdam

158 2581 357 2658 medietates,
384 2581 489 2662 primo
515 2580 665 2641 videlicet
700 2581 907 2642 medietatem
940 2581 1107 2642 cuiusdam
1132 2596 1214 2643 terre
1238 2582 1368 2643 arabilis
1392 2582 1423 2642 in

158 2707 273 2770 campo
299 2686 383 2748 dicte
402 2687 539 2748 civitatis
563 2688 646 2749 inter
669 2701 768 2748 terras
786 2688 845 2748 viri
864 2688 990 2769 providi
1016 2701 1046 2750 et
1063 2688 1283 2770 circumspecti
1310 2689 1423 2749 Briccii

158 2795 283 2877 pridem
317 2793 432 2874 judicis
465 2807 495 2854 et
519 2793 660 2854 concivis
694 2795 792 2855 nostri
824 2792 882 2854 filii
916 2794 1081 2856 Benedicti
1115 2809 1145 2856 et
1168 2795 1344 2856 liberorum
1368 2815 1424 2856 seu

158 2920 378 2962 successorum
398 2900 533 2960 condam
560 2900 722 2961 Valentini
740 2900 922 2962 stacionarii
950 2899 1005 2960 filii
1024 2899 1177 2981 Stephani
1201 2920 1237 2961 ac
1255 2901 1320 2960 vias
1337 2919 1423 2961 com-

159 3026 274 3069 munes
300 3006 407 3067 habite
432 3021 463 3067 et
487 3007 660 3085 existentis,
684 3027 737 3066 sex
762 3020 796 3067 ut
813 3005 928 3066 dicitur
953 3006 1054 3067 dietas
1078 3020 1159 3067 terre
1185 3007 1216 3066 in
1242 3007 1365 3067 totuin
1391 3027 1423 3068 se

161 3114 368 3191 continentis,
392 3113 597 3175 medietatem
622 3113 772 3174 videlicet
804 3127 921 3174 rectam
948 3128 978 3173 et
1002 3113 1161 3194 equalem,
1186 3127 1248 3175 tres
1272 3113 1423 3175 videlicet

159 3220 261 3282 dietas
276 3234 358 3280 terre
377 3221 407 3279 in
426 3240 458 3280 se
477 3221 705 3295 continentem,
731 3220 814 3300 ipsas
830 3219 963 3298 juridice
981 3235 1245 3296 concernentem;
1264 3221 1340 3282 item
1357 3240 1423 3281 me·

159 3326 310 3387 dietatem
337 3326 504 3387 cuiusdam
530 3326 621 3387 vinee
648 3327 678 3386 in
705 3326 866 3386 territorio
884 3326 1020 3387 civitatis
1044 3326 1125 3387 inter
1148 3327 1258 3388 vineas
1282 3327 1424 3388 virorum

158 3432 370 3514 providorum
397 3433 567 3493 Laurencii
594 3432 747 3493 institoris
772 3445 802 3492 et
828 3432 957 3493 Martini
981 3433 1111 3494 sartoris
1135 3431 1189 3493 filii
1217 3432 1345 3494 Thome
1370 3433 1424 3494 ha·

160 3541 224 3601 bite
251 3554 283 3600 et
307 3540 481 3618 existentis,
506 3541 646 3601 mediam
679 3540 829 3601 videlicet
861 3554 978 3601 rectam
1005 3554 1035 3601 et
1059 3541 1218 3621 equalem,
1244 3561 1316 3602 cum
1342 3542 1424 3622 ipsa·

160 3666 230 3708 rum
257 3647 473 3728 pertinenciis,
499 3647 599 3706 Elene
625 3646 689 3707 filie
715 3646 805 3706 Pauli
839 3645 961 3707 Zudich
987 3645 1042 3707 filii
1077 3667 1135 3728 pro
1170 3647 1282 3708 decem
1308 3647 1423 3708 marcis

160 3768 192 3815 et
206 3773 268 3814 una
287 3773 384 3834 pensa
404 3753 609 3815 denariorum
629 3753 844 3815 vendiderunt
856 3767 1012 3835 perpetuo
1031 3753 1269 3835 possidendam,
1288 3773 1424 3836 quarum

160 3859 313 3921 videlicet
336 3874 417 3921 terre
444 3874 474 3920 et
499 3861 591 3920 vinee
609 3861 688 3920 alias
713 3860 901 3922 medietates
920 3861 1018 3921 Lucia
1044 3861 1152 3921 relicta
1177 3874 1207 3922 et
1232 3863 1298 3942 ipsa
1324 3860 1424 3922 Elena

160 3963 226 4026 filia
251 3985 287 4026 ac
312 3965 465 4027 Clemens
489 3965 574 4026 filius
607 3967 681 4027 dicti
716 3966 804 4026 Pauli
831 3966 952 4027 Zudich
987 3966 1054 4046 jure
1091 3967 1284 4028 hereditario
1318 3967 1424 4028 dinoa·

161 4085 276 4133 cuntur
300 4072 474 4153 possidere.

267 4178 344 4240 ltem
380 4178 526 4244 Thomas
558 4195 646 4240 sutor
678 4178 762 4240 lilius
794 4179 922 4240 Thome
956 4179 1058 4240 dictus
1091 4179 1254 4257 Ochrvirlr,
1286 4180 1426 4241 concivis

163 4297 280 4363 noster,
314 4286 478 4366 quandam
512 4299 656 4346 octavam
691 4285 825 4363 domus,
857 4285 947 4346 lundi
981 4300 1010 4345 et
1043 4285 1264 4346 hedificiorurn
1297 4287 1328 4346 in
1355 4286 1425 4346 vico

163 4391 261 4472 ipsius
277 4391 415 4452 civitatis
431 4393 580 4453 exteriori
598 4407 741 4451 sutorum
768 4412 823 4453 seu
838 4392 943 4473 platea
960 4391 1192 4452 theuthonicali
1211 4392 1292 4452 inter
1309 4390 1426 4451 londos

162 4509 193 4557 et
217 4495 333 4557 domos
359 4497 441 4557 Petri
467 4498 593 4574 sutoris,
623 4499 662 4557 ab
688 4517 761 4574 una,
795 4512 825 4558 et
850 4513 937 4578 parte
961 4498 1001 4557 ab
1034 4497 1132 4558 altera
1158 4497 1287 4557 Thome
1311 4496 1427 4557 sutoris

163 4601 239 4663 dicti
266 4603 431 4679 Podoben,
464 4617 646 4665 nostrorum
681 4605 860 4664 concivium
894 4603 1012 4682 habite,
1048 4624 1064 4663 a
1098 4617 1184 4685 parte
1210 4619 1315 4663 tamen
1343 4601 1425 4663 dicte

163 4709 278 4769 domus
303 4710 401 4791 ipsius
434 4711 516 4771 Petri
552 4711 667 4770 sutoris
698 4710 850 4789 habitam,
883 4711 1011 4771 Andree
1046 4709 1112 4771 filio
1141 4710 1303 4771 Valentini
1328 4709 1427 4771 sutori

164 4814 306 4875 vendidit
331 4829 488 4897 perpetuo
515 4815 761 4896 possidendam;
798 4816 1029 4897 quamquidem
1064 4831 1210 4877 octavam
1236 4837 1273 4878 ex
1299 4815 1427 4876 instanti

1319 4919 1336 4959 a
