3142 5356
639 346 838 423 Ann01432.
1308 366 1370 429 229

213 556 291 617 ltem
318 556 484 617 Benchech
510 555 596 618 filius
621 556 837 639 Woynowich
863 557 902 617 de
922 557 1098 634 Petrowch‚
1122 558 1254 618 totalem
1280 576 1369 618 suam

103 663 294 746 porcionem
322 663 438 723 domus
463 677 494 724 ct
519 661 608 724 fundi
635 683 670 724 ac
695 664 803 724 celarii
829 663 860 724 in
891 663 974 724 dicta
998 663 1124 724 civitate
1151 664 1232 725 inter
1256 664 1371 726 domos

105 785 138 831 et
164 768 282 830 fundos
308 768 437 830 Thome
463 769 501 830 de
528 769 691 854 Mykulich
716 784 746 830 et
772 769 900 831 Martini
926 768 1045 854 hvsych
1070 772 1108 831 ab
1136 790 1208 848 una,
1234 784 1264 831 et
1280 785 1369 852 parte

102 878 145 937 ab
171 876 269 938 altera
301 876 475 937 liberorum
511 875 638 958 Mathye
671 875 710 937 de
745 875 911 938 Kralewch
943 875 1061 954 habite,
1093 896 1189 938 unam
1223 891 1368 958 quartam

103 982 192 1044 curie
218 982 250 1043 in
277 1002 310 1043 se
334 982 564 1060 continentem,
598 996 729 1064 excepta
762 997 849 1065 parte
880 981 970 1044 fundi
1003 1002 1097 1064 supra
1121 982 1273 1044 celarium
1298 1002 1368 1064 pre·

103 1089 227 1150 dictum
253 1089 284 1150 in
310 1102 397 1171 parte
430 1089 583 1149 anteriori
620 1089 731 1150 decem
765 1087 968 1150 brachiorum
1000 1086 1175 1151 ferreorum
1207 1089 1239 1150 in
1264 1089 1367 1170 longi·

104 1196 232 1274 tudine,
257 1215 318 1277 que
344 1196 433 1257 Jellre
458 1196 489 1256 in
508 1196 699 1257 divisionem
725 1216 783 1276 pro
800 1195 952 1276 porcione
977 1196 1130 1273 cessisset,
1156 1195 1284 1279 Mathye
1300 1194 1368 1258 lilio

106 1301 202 1363 Blasii
227 1301 267 1363 de
285 1300 484 1384 Chycherya,
503 1302 566 1383 jam
585 1322 669 1363 novo
691 1302 815 1363 concivi
833 1316 952 1379 nostro,
970 1321 1028 1383 pro
1046 1303 1189 1384 quinque
1213 1301 1281 1364 flor.
1299 1302 1366 1363 auri

102 1408 250 1469 vendidit
267 1422 423 1490 perpetuo
440 1409 679 1490 possidendam,
697 1429 734 1470 ex
752 1428 908 1469 consensu
933 1407 1051 1490 prefate
1069 1409 1156 1470 lellre
1182 1410 1277 1470 aliam
1295 1428 1367 1491 por·

104 1515 232 1576 cionem
252 1515 346 1575 unius
363 1530 473 1596 quarte
500 1517 530 1576 in
552 1516 713 1596 premissis
730 1515 839 1593 domo,
857 1514 957 1577 fundo
975 1529 1006 1577 et
1022 1516 1139 1577 celario
1165 1516 1365 1597 possidentis.

213 1622 290 1682 ltem
317 1622 513 1682 Laurencius
536 1620 621 1682 lilius
654 1622 781 1682 Andree
814 1622 965 1703 parvulus
989 1636 1020 1682 et
1043 1620 1147 1683 affinis
1171 1641 1206 1682 ac
1232 1640 1361 1683 consan-

101 1728 243 1809 guineus
274 1727 410 1789 condam
446 1727 598 1809 Stephani
629 1728 734 1810 Spiter
766 1727 874 1789 vicarii
909 1728 1110 1810 episcopatus
1142 1728 1367 1809 zagrabiensis,

104 1833 268 1915 quandam
296 1834 428 1894 domum
463 1854 552 1894 suam
586 1854 658 1894 cum
692 1833 792 1895 fundo
822 1847 851 1895 et
883 1832 1038 1895 hedificiis
1070 1835 1252 1895 incivitate
1287 1835 1368 1896 inter

104 1939 220 2000 domos
245 1938 400 2000 Anthonii
425 1938 517 2018 jurati
549 1940 695 2002 moderni
720 1938 776 2000 filii
804 1939 947 2021 Georgii,
967 1955 997 2001 et
1015 1941 1185 2021 Augustini
1210 1938 1367 2002 carnificis

103 2045 223 2123 habita,
248 2045 388 2106 mediam
413 2046 533 2106 curiam
559 2046 590 2106 in
616 2067 648 2106 se
684 2046 913 2124 continentem,
945 2046 1117 2107 Dominico
1143 2046 1228 2108 dicto
1253 2045 1367 2109 Costes

103 2151 250 2213 vendidit
276 2165 431 2234 perpetuo
456 2152 685 2234 possidendam
711 2168 742 2213 et
758 2153 929 2235 superinde
955 2154 1045 2214 litere
1063 2152 1277 2234 privilegiales
1294 2168 1367 2216 sunt

103 2272 261 2320 emanate.

211 2366 287 2426 ltem
326 2364 470 2449 Mathyas
507 2367 624 2426 Farkas
663 2366 748 2427 filius
786 2367 892 2447 Egidii
929 2367 968 2428 de
1006 2367 1171 2447 Klokoch,
1203 2368 1365 2449 quandam

103 2471 239 2532 domum
264 2492 353 2533 suam
379 2473 476 2534 simul
502 2493 573 2533 cum
592 2473 729 2555 pallacio
755 2487 881 2534 murato
906 2494 961 2534 seu
978 2475 1067 2553 turri,
1093 2494 1150 2536 nec
1175 2494 1239 2535 non
1265 2473 1365 2536 fundo

103 2592 134 2638 et
159 2579 278 2639 celario
296 2581 504 2640 subterraneo
523 2579 628 2640 eidem
646 2580 833 2661 subjacenti,
852 2581 884 2640 in
903 2580 984 2641 dicta
1010 2581 1135 2642 civitate
1154 2581 1234 2642 inter
1251 2580 1366 2642 domos

103 2684 260 2745 lobannis
283 2685 376 2765 jurati
402 2683 458 2746 filii
485 2686 617 2746 Peronis
637 2701 667 2746 et
691 2687 758 2746 vias
775 2706 831 2746 seu
856 2686 977 2768 plateas
1002 2706 1189 2748 communes
1213 2686 1365 2766 habitam,

103 2791 243 2852 mediam
270 2792 390 2853 curiam
416 2793 446 2852 in
472 2813 504 2852 se
530 2793 760 2870 continentem,
779 2792 879 2852 nobili
906 2806 936 2854 et
959 2812 1113 2872 generose
1138 2793 1269 2854 domine
1286 2793 1364 2856 We·

101 2899 264 2978 ronyzaka
289 2911 401 2959 vocate
429 2898 537 2959 relicte
563 2898 699 2959 condam
718 2898 844 2959 Nicolai
869 2899 944 2959 dicti
962 2898 991 2958 T
996 2898 1072 2960 hoth
1090 2899 1129 2960 de
1155 2899 1366 2961 Zumzedwar

101 3003 248 3065 vendidit
272 3018 427 3086 perpetuo
451 3005 680 3087 possidendam
698 3019 728 3066 et
746 3004 836 3067 litere
859 3004 1078 3086 privilegiales
1101 3005 1274 3087 superinde
1291 3020 1365 3068 sunt

102 3124 260 3174 emanate.

128 3331 211 3402 Item
240 3331 325 3402 feria
354 3340 477 3421 quarta
507 3335 660 3420 proxima
699 3339 777 3403 ante
810 3332 932 3403 lestum
962 3329 1214 3404 Purifieaeinnis
1241 3334 1338 3405 beate

189 3451 191 3455 ’
670 3457 784 3528 Maris.

612 3633 677 3705 (30.
693 3630 860 3704 januarii).

209 3769 286 3830 Item
319 3769 486 3832 Anthonio
518 3768 585 3831 lilio
618 3770 736 3831 Cosme
769 3770 892 3831 concivi
925 3783 1035 3830 nostro
1068 3769 1207 3850 quedam
1249 3769 1364 3831 domus

101 3875 220 3936 domus
244 3876 350 3937 medie
375 3877 460 3938 curie
485 3877 581 3937 simul
607 3896 678 3937 cum
712 3875 812 3937 lundo
842 3889 872 3936 et
897 3873 1053 3936 hedificiis
1085 3877 1116 3936 in
1142 3875 1268 3937 civitate
1293 3896 1363 3958 pre-

101 3981 186 4042 dicta
212 3981 293 4043 inter
317 3982 452 4044 domum
478 3983 608 4064 Mathye
632 3983 760 4043 sartoris
777 3998 807 4042 et
833 3982 995 4043 Valentini
1020 3981 1113 4062 jurati
1139 3979 1195 4042 filii
1220 3981 1285 4043 let
1309 3981 1363 4043 ha-

101 4089 179 4165 bita,
204 4108 259 4170 per
276 4089 502 4151 vendicionem
530 4089 823 4150 commissariorum
849 4088 986 4149 condam
1011 4087 1165 4148 Johannis
1181 4089 1310 4150 sartoris
1333 4101 1364 4150 et

101 4195 233 4255 domine
266 4195 442 4280 Elyzabeth
467 4196 575 4257 relicte
600 4195 761 4256 Valentini
796 4195 977 4255 stacionarii
1011 4214 1096 4256 nunc
1124 4195 1281 4256 consortis
1311 4196 1362 4255 Jo-

101 4301 217 4362 hannis
233 4301 325 4382 jurati
351 4317 397 4364 est
421 4303 661 4385 privilegialiter
681 4301 905 4383 perpetua(ta),
922 4301 1115 4383 possidenda
1135 4315 1165 4362 et
1182 4301 1362 4382 quomodo·

100 4427 240 4489 cumque
264 4409 403 4471 voluerit
431 4410 642 4491 disponenda.

208 4515 286 4577 Item
311 4516 449 4597 quedam
476 4517 586 4598 porcio
603 4515 737 4576 vinealis
762 4515 793 4576 in
819 4516 979 4578 territorio
998 4515 1133 4576 civitatis
1157 4515 1238 4577 inter
1255 4516 1363 4576 vineas

100 4622 237 4684 Fabiani
263 4623 337 4684 dicti
358 4621 571 4684 Skrabachich
597 4642 632 4683 ac
658 4636 763 4682 nostre
781 4622 1020 4683 communitatis
1045 4622 1216 4699 existentis,
1241 4634 1361 4702 septem

100 4730 254 4792 videlicet
279 4746 310 4791 et
335 4750 398 4791 non
424 4730 496 4812 plus
520 4729 630 4810 glebas
655 4730 685 4789 in
712 4729 809 4810 vulgo
826 4730 923 4809 greda
948 4729 1048 4789 dictas
1072 4729 1102 4788 in
1128 4748 1159 4788 se
1184 4727 1362 4805 continens,

99 4856 175 4900 cum
200 4836 267 4898 suis
298 4837 511 4919 pertinenciis,
546 4835 706 4897 Clementi
740 4833 807 4897 filio
837 4836 1000 4920 Mykudey
1027 4834 1195 4898 habitatori
1229 4833 1363 4898 civitatis
