3156 5364
683 386 769 443 Anno
792 379 885 461 1438.
1355 405 1415 467 323

152 594 214 655 tori
240 592 328 656 fratri
353 614 412 656 suo
436 595 554 675 juniori
580 593 727 656 vendidit
750 609 906 677 perpetuo
935 594 1165 676 possidendam
1189 607 1221 657 et
1244 594 1417 678 superinde

153 714 201 762 est
224 699 314 761 litera
338 702 397 762 sub
422 701 575 782 pendenti
599 700 708 781 sigillo
733 715 891 763 emanata.

259 805 336 868 Item
363 806 476 868 eadem
501 805 675 869 Katherina
703 806 819 870 mulier
849 807 945 868 aliam
970 820 1001 869 et
1025 807 1186 868 residuam
1211 807 1416 870 medietatem

153 912 298 974 eiusdem
324 913 450 991 domus,
475 911 578 991 fundi,
610 912 719 974 celarii
752 927 783 974 et
815 911 1049 993 hedificiorum,
1081 933 1178 975 unam
1208 914 1419 977 consimiliter

152 1033 299 1101 quartam
325 1020 411 1081 curie
436 1033 467 1081 et
484 1032 630 1081 octavam
656 1019 688 1080 in
709 1038 742 1080 se
760 1019 991 1099 continentem,
1016 1019 1161 1102 predicto
1180 1020 1337 1103 Dyonisio
1354 1040 1418 1081 sar·

152 1127 213 1188 rori
239 1125 397 1188 moderno
422 1125 556 1187 domino
588 1139 630 1188 et.
650 1125 766 1187 marito
797 1146 856 1187 suo
880 1126 1052 1207 legittimo,
1084 1141 1120 1188 ut
1144 1126 1207 1208 jam
1232 1147 1318 1189 novo
1342 1146 1418 1189 con·

153 1233 216 1295 civi
242 1247 351 1295 nostro
375 1252 412 1294 ac
436 1252 491 1315 per
527 1251 601 1293 eum
625 1232 690 1293 suis
713 1231 886 1293 heredibus
915 1232 1048 1294 donavit
1071 1247 1228 1315 perpetuo
1252 1233 1418 1315 possiden-

153 1341 228 1402 dam
261 1355 292 1402 et
324 1339 632 1422 quomodocumque
665 1339 804 1400 voluerit
836 1338 1070 1420 disponendam
1107 1353 1137 1400 et
1168 1340 1339 1422 superinde
1372 1355 1419 1403 est

153 1446 246 1509 litera
269 1447 328 1506 sub
353 1444 507 1528 pendenti
531 1445 640 1526 sigillo
665 1445 907 1506 communitatis
931 1459 1088 1509 emanata.

261 1552 338 1613 ltem
363 1551 519 1613 medietas
541 1551 707 1613 cuiusdam
741 1550 868 1629 domus,
893 1549 985 1612 fundi
1010 1565 1041 1613 et
1074 1550 1309 1631 hedificiorum‚
1333 1565 1417 1614 recta

153 1672 184 1720 et
209 1658 343 1740 equalis,
368 1658 399 1719 in
424 1657 507 1719 dicta
525 1657 653 1719 civitate
670 1657 752 1719 inter
777 1657 903 1735 domos,
928 1656 1046 1718 fundos
1063 1672 1094 1720 et
1110 1657 1257 1719 hedificia
1283 1658 1417 1720 Fabiani

153 1765 287 1828 cultoris
311 1766 350 1826 ab
374 1784 449 1842 una,
475 1778 564 1846 parte
588 1766 628 1825 ab
660 1764 758 1825 altera
792 1783 868 1825 vero
894 1764 1048 1827 Demetrii
1082 1764 1213 1826 cultoris
1237 1778 1268 1827 et
1291 1764 1418 1826 Nicolai

153 1871 302 1933 similiter
326 1870 457 1933 cultoris
480 1870 588 1932 habite
617 1884 649 1932 et
673 1869 845 1949 existentis,
863 1890 959 1931 unam
985 1870 1136 1933 videlicet
1160 1883 1306 1952 quartam
1331 1871 1417 1932 curie

154 1979 185 2039 in
200 1997 233 2038 se
250 1978 427 2055 continens,
441 1997 497 2059 per
514 1975 729 2038 donacionem
744 1976 944 2058 Margarerhe
962 1975 1025 2038 filie
1040 1976 1196 2039 Anthonii
1213 1975 1270 2038 filii
1288 1976 1417 2038 Thonae

154 2082 374 2145 Pewchewich
404 2083 561 2145 consortis
578 2082 733 2164 legittime
760 2082 849 2143 Pauli
867 2081 924 2144 filii
944 2082 1175 2161 Bartholomei,
1192 2083 1296 2144 eidem
1315 2081 1417 2144 Paulo

154 2189 270 2251 marito
293 2209 363 2268 su0,
388 2203 422 2251 ut
446 2208 530 2251 novo
555 2188 680 2250 concivi
704 2202 824 2267 nostro,
848 2202 895 2250 est
919 2188 1009 2250 litera
1027 2188 1235 2270 privilegialis
1251 2189 1311 2250 sub
1335 2207 1415 2271 pen·

154 2295 242 2356 denti
267 2295 377 2377 sigillo
401 2295 643 2357 communitatis
667 2309 825 2357 emanata.
