3142 5356
152 329 199 394 44
685 307 890 390 Am1388.

261 523 340 586 ltem
366 524 453 585 idem
480 522 679 606 Dragozlaus
711 522 789 584 emit
814 542 910 584 unam
943 523 1113 603 ligaturam
1137 539 1219 586 terre
1244 545 1261 585 a
1287 525 1420 586 Nicolao

155 626 224 690 filio
248 628 415 708 lobannis,
439 643 584 711 tempore
608 627 742 710 predicti
767 627 891 689 domini
916 628 1012 691 luce.

261 735 339 798 ltem
364 735 453 818 quod
477 736 552 818 quia
579 734 723 796 Andreas
744 749 834 795 autor
858 754 914 816 per
932 735 1064 797 evidens
1092 737 1315 799 testimonium
1333 757 1418 799 com·

156 841 305 922 probavit
337 854 372 902 ut
396 840 515 903 lancha
547 840 663 902 mulier
694 839 755 900 sibi
785 840 959 921 quemdam
992 840 1128 903 fundum
1152 844 1422 906 testamentaliter

154 946 300 1027 legasset,
325 946 399 1009 ideo
424 966 483 1008 nos
507 946 613 1008 eidem
637 945 767 1006 Andree
791 946 890 1006 sutori
916 945 1107 1027 reliquimus
1131 962 1162 1008 et
1185 949 1421 1011 commisimus.

260 1052 337 1114 ltem
370 1053 533 1114 lohannes
565 1052 644 1114 emit
675 1070 773 1111 unam
798 1051 924 1111 vineam
956 1071 972 1112 a
1006 1051 1176 1114 Clemente
1209 1053 1360 1117 carnifice
1393 1070 1424 1118 et

154 1177 254 1220 urore
271 1160 340 1220 eius
363 1179 435 1221 cum
453 1159 646 1220 concambio
663 1157 829 1218 cuiusdam
855 1158 948 1220 vinee
972 1177 1028 1220 sue
1046 1173 1077 1220 et
1100 1160 1325 1222 additamento
1350 1162 1421 1223 XIV

155 1283 344 1327 marcarum.

260 1371 337 1432 ltem
371 1372 459 1452 quod
499 1371 574 1452 quia
608 1370 707 1431 Elena
742 1370 859 1431 mulier
891 1370 1002 1432 relicta
1034 1371 1173 1432 condam
1205 1371 1334 1434 Crisani
1367 1393 1423 1455 per

153 1476 285 1537 evidens
309 1477 530 1538 testimonium
548 1476 785 1557 comprobavit,
809 1475 898 1557 quod
924 1475 1065 1557 prefatus
1082 1476 1195 1538 Crisan
1221 1478 1283 1538 sibi
1308 1497 1421 1559 quem·

152 1581 227 1643 dam
252 1581 388 1644 fundum
414 1583 559 1664 legasset,
585 1582 658 1643 ideo
690 1602 749 1643 nos
781 1582 887 1642 eidem
913 1582 1014 1643 Elene
1047 1583 1248 1664 reliquimus,
1273 1597 1422 1666 tempore

156 1689 290 1770 predicti
315 1690 411 1751 Luce.

259 1795 337 1858 Item
355 1795 517 1856 lohannes
535 1794 692 1856 Praudich
711 1794 788 1855 emit
805 1815 906 1856 unum
923 1794 1077 1877 (h)ortum
1097 1796 1246 1859 videlicet
1263 1798 1303 1859 ad
1323 1819 1422 1861 uuam

153 1915 298 1981 quartam
325 1922 341 1962 a
368 1901 531 1982 Stephano
555 1899 622 1961 filio
648 1901 784 1984 Ztoylt0,
815 1915 961 1982 tempore
986 1903 1119 1984 predicti
1145 1903 1270 1988 domini
1298 1905 1420 1967 Luchs.

259 2007 337 2069 ltem
363 2006 524 2068 lohannes
548 2026 665 2088 parvus
688 2007 766 2068 emit
799 2027 898 2068 unum
924 2006 1060 2069 fundum
1085 2030 1102 2070 a
1129 2009 1222 2071 Petro
1248 2009 1316 2071 filio
1344 2015 1421 2072 Am·

153 2113 262 2191 brosii,
286 2127 431 2194 ternpore
457 2113 589 2194 predicti
615 2112 738 2174 domini
765 2114 861 2174 Luce.

262 2220 338 2281 Item
365 2220 450 2281 idem
477 2219 639 2281 lohannes
664 2221 742 2282 emit
766 2221 929 2301 quandam
957 2235 1074 2282 terram
1099 2243 1116 2283 a
1142 2221 1297 2305 Gyurgek
1322 2224 1420 2287 Blan-

152 2326 254 2402 chich,
279 2341 422 2408 tempore
448 2326 579 2407 predicti
608 2327 704 2387 luce.

258 2433 334 2494 ltem
360 2432 485 2493 Chueta
519 2432 635 2492 mulier
667 2433 840 2513 quemdam
874 2432 1009 2495 [undum
1044 2436 1219 2497 Benedicto
1251 2437 1420 2519 sellipario

152 2539 267 2600 marito
291 2558 350 2599 suo
375 2539 589 2600 condonasset
615 2539 890 2617 testamentaliter,
924 2541 998 2602 ideo
1024 2561 1083 2602 nos
1108 2543 1213 2603 eidem
1238 2542 1420 2607 Benedicto

151 2645 255 2727 ipsum
279 2643 416 2708 fundum
441 2645 643 2726 reliquimus,
667 2660 813 2727 tempore
839 2647 973 2727 predicti
999 2648 1124 2709 domini
1152 2649 1248 2711 luce.

256 2751 333 2813 ltem
355 2749 516 2831 Georgius
533 2749 617 2812 filius
634 2751 719 2811 lwan
737 2765 768 2813 et
793 2752 905 2812 Kauka
924 2773 1055 2815 consors
1078 2774 1135 2816 sua
1151 2769 1300 2817 emerunt
1316 2777 1418 2818 unum

151 2854 287 2918 fundum
312 2878 328 2918 a
355 2857 554 2938 Margaretha
580 2857 726 2920 muliere.

257 2964 335 3025 ltem
360 2965 472 3025 Petrus
497 2964 598 3024 decan
625 2965 702 3026 emit
727 2985 823 3026 unam
846 2965 973 3026 vineam
999 2986 1016 3027 a
1039 2967 1136 3027 Nicus
1160 2965 1321 3046 carnifice,
1337 2981 1418 3030 tem·

150 3088 227 3150 pore
252 3069 327 3130 dicti
355 3071 450 3132 Luce.

256 3176 335 3236 ltem
361 3176 514 3237 Nicolaus
539 3177 692 3258 Baboyeb
727 3177 805 3237 emit
828 3196 928 3237 unum
962 3175 1098 3239 fundum
1123 3197 1140 3238 a
1166 3177 1260 3239 Petro
1284 3193 1417 3259 sartore,

150 3295 295 3364 tempore
320 3282 453 3363 predicti
480 3284 575 3344 Luce.

256 3389 331 3449 ltcm
357 3389 491 3468 Egidius
523 3387 671 3449 sacerdos
704 3403 733 3448 ct
759 3389 876 3449 Paulus
908 3388 994 3450 filius
1019 3391 1109 3450 Banlt
1143 3405 1290 3451 emerunt
1314 3410 1416 3452 unum

151 3491 287 3555 fundum
313 3514 330 3554 a
355 3495 491 3555 Nicolao
509 3493 575 3554 filio
600 3495 684 3555 Petri
710 3495 796 3554 dicto
814 3494 970 3572 Carisma,
989 3509 1136 3576 tempore
1160 3495 1295 3577 predicti
1316 3497 1415 3558 Luce.

255 3600 332 3661 ltem
359 3600 488 3684 Mathey
512 3601 589 3661 emit
606 3620 702 3661 unam
727 3601 854 3661 vineam
879 3622 895 3661 a
922 3601 995 3661 lvan
1022 3599 1089 3662 filio
1115 3601 1245 3680 Vrbani,
1268 3615 1414 3684 tempore

149 3706 225 3768 dicti
251 3708 347 3769 Luce.

255 3813 332 3874 ltem
359 3812 488 3895 Mathey
506 3814 605 3874 decan
624 3815 701 3875 emit
718 3833 814 3874 unam
833 3815 961 3874 vineam
978 3835 994 3874 s
1022 3815 1159 3875 Lucasio
1175 3813 1243 3876 filio
1261 3815 1415 3894 Munech,

147 3932 291 3999 tempore
317 3919 451 4000 predicti
477 3920 573 3980 Luce.

255 4025 331 4085 ltcm
357 4026 509 4086 Nicolaus
526 4027 602 4085 emit
625 4046 724 4086 unum
744 4025 877 4087 fundum
904 4048 920 4086 a
941 4028 1057 4108 Egidio
1074 4025 1237 4088 sacerdote
1262 4041 1294 4088 et
1311 4027 1414 4089 Paulo

147 4129 221 4191 liliis
246 4131 361 4207 Frank,
387 4152 443 4191 nec
469 4151 533 4191 non
552 4131 709 4210 lohanne,
726 4133 892 4193 Elizabeth
911 4147 1057 4195 consorte
1076 4133 1154 4211 eius,
1178 4147 1326 4215 tempore
1343 4156 1413 4218 pre-

149 4237 225 4297 dicti
251 4237 374 4297 domini
403 4238 497 4300 Luce.
557 4310 561 4322 Ι

254 4343 331 4403 ltem
364 4342 553 4404 Dominicus
586 4344 734 4426 plathnar
766 4345 844 4405 emit
875 4366 975 4406 unum
1009 4343 1145 4407 fundum
1178 4348 1217 4407 ab
1243 4348 1415 4411 Anthonio

147 4446 213 4508 filio
239 4448 368 4509 Martini
394 4449 469 4511 dicti
496 4451 604 4527 Renis,
629 4467 773 4532 ternpore
800 4451 933 4532 predicti
960 4454 1056 4514 Luce.

254 4555 330 4614 ltem
356 4556 509 4616 Nicolaus
532 4557 694 4637 predictus
725 4558 802 4618 emit
826 4557 1031 4619 medietatem
1064 4571 1176 4639 quarte
1201 4559 1300 4640 partis
1325 4563 1416 4624 curie

147 4675 177 4721 et
212 4675 275 4721 tres
308 4676 411 4742 partes
443 4663 549 4722 celarii
584 4684 600 4724 a
634 4664 785 4746 predictis
817 4663 934 4745 Egidio
966 4665 1130 4726 sacerdote
1163 4677 1233 4743 etc,
1264 4678 1416 4750 tempore

146 4767 279 4851 predicti
305 4768 428 4829 domini
454 4770 550 4832 Luce.
