3156 5364
449 1113 578 1214 (Auno
605 1113 761 1202 Domini
788 1112 1134 1215 ucccuxxxlvl

162 1422 196 1498 ln
223 1422 368 1497 nomine
389 1421 545 1496 Domini.
568 1421 694 1498 Amen.
721 1421 827 1498 Feria
846 1424 970 1522 quinta
998 1424 1161 1522 proxima
1188 1432 1273 1498 ante
1293 1422 1426 1497 festum

162 1545 431 1622 Purificacionis
475 1547 584 1621 beate
625 1547 791 1643 virginis,
830 1570 923 1622 anno
966 1546 1110 1622 Domini
1152 1543 1425 1622 MCCCLXXX

162 1678 303 1769 quarto.
340 1667 418 1744 Nos
451 1668 616 1744 llliklinus
651 1668 744 1745 filius
778 1671 968 1771 johannis,
1003 1670 1122 1767 judex,
1146 1668 1267 1767 jurati,
1306 1670 1424 1745 consi-

160 1794 249 1870 liarii
279 1804 318 1870 et
345 1795 499 1870 universi
529 1795 626 1871 cives
657 1796 788 1871 montis
819 1794 1048 1872 Grechensis.
1077 1794 1316 1871 Notificamus
1346 1817 1421 1870 om-

161 1919 262 1994 nibus
291 1926 497 2017 presentem
518 1919 706 1994 katernam
727 1920 953 2019 inspecturis,
983 1943 1088 2019 quum
1109 1920 1250 1995 malicia
1270 1920 1422 1995 maxime

160 2042 388 2142 gubernabat
416 2052 454 2116 et
482 2066 526 2117 ne
555 2067 619 2142 per
647 2043 759 2142 ipsius
790 2044 928 2119 malicie
948 2044 1253 2142 gubernacionem
1283 2045 1316 2119 in
1338 2066 1421 2118 con-

160 2168 371 2243 servacione
404 2165 533 2263 jurium
571 2168 945 2265 possessionariorum
984 2168 1017 2241 in
1046 2175 1175 2243 nostra
1203 2168 1349 2242 civitate
1388 2175 1426 2242 et

161 2291 236 2365 eius
264 2289 451 2365 territorio
490 2291 723 2365 existencium
761 2290 904 2389 aliquod
943 2291 1078 2390 nephas
1108 2315 1172 2366 seu
1203 2290 1421 2367 scandallum

159 2421 365 2513 generetur,
385 2421 458 2487 turn
489 2414 603 2489 eciam
631 2437 696 2512 pro
721 2415 850 2489 tuciori
881 2415 1164 2489 conservacione
1192 2415 1352 2514 ipsorum
1369 2413 1423 2511 ju-

161 2539 247 2612 rium
276 2539 649 2637 possessionariorum
678 2540 712 2613 in
737 2539 899 2637 generali
929 2547 1058 2613 nostro
1089 2540 1240 2614 consilio
1270 2538 1424 2613 unanimi

160 2668 198 2736 et
224 2663 301 2761 pari
330 2661 517 2737 voluntate
546 2661 636 2736 banc
657 2671 863 2761 presentem
891 2671 1053 2738 nostram
1073 2664 1262 2738 laternam
1290 2662 1424 2738 fecisse

159 2795 196 2860 et
217 2785 371 2884 sigillum
392 2794 518 2860 nostre
540 2787 807 2860 communitatis
822 2787 857 2860 in
879 2787 1088 2885 quibusdam
1115 2787 1205 2862 locis
1227 2809 1423 2861 renovasse

158 2908 383 2984 decrevimus
404 2917 442 2984 et
462 2909 653 2983 statuimus
675 2933 719 2983 eo
749 2910 868 3001 modo,
891 2910 959 3009 (ut)
980 2911 1145 2986 universe
1165 2910 1268 2985 litere
1289 2909 1423 2984 factum

158 3031 485 3130 possessionarium
515 3033 784 3130 contingentes
814 3039 887 3108 tam
908 3043 1073 3132 tempore
1103 3034 1217 3111 nostri
1240 3031 1420 3130 judicatus

157 3180 261 3256 quam
291 3158 404 3231 eciam
432 3165 598 3256 tempore
627 3157 777 3231 aliorum
802 3157 957 3254 judicum
987 3165 1196 3233 nostrorum
1224 3156 1418 3257 predeces-

157 3303 277 3355 sorum
307 3280 475 3355 confecte
505 3288 543 3354 et
572 3279 685 3354 eciam
711 3287 878 3378 ternpore
901 3279 1059 3377 judicum
1088 3282 1122 3356 in
1151 3280 1306 3356 futurum
1336 3303 1419 3355 con·

157 3403 420 3480 stituendorum
458 3403 690 3493 conficiende,
727 3405 808 3503 ipso
849 3404 966 3502 sigillo
1006 3413 1182 3480 renovato
1213 3404 1420 3502 consignari

157 3538 195 3603 et
228 3528 265 3602 in
302 3527 417 3626 ipsam
454 3529 642 3603 laternam
681 3528 823 3602 inscribi
859 3528 1034 3621 debeant;
1077 3552 1298 3628 quecumque
1332 3551 1419 3603 vero

156 3652 259 3728 litere
297 3651 395 3728 dicto
425 3652 546 3751 sigillo
584 3658 760 3727 renovato
799 3674 821 3726 a
858 3652 944 3726 data
972 3652 1197 3749 presencium
1236 3675 1302 3751 per
1328 3651 1419 3726 duos

156 3798 269 3851 annos
307 3776 472 3874 integros
510 3799 582 3850 non
621 3775 923 3874 consignarentur
961 3785 999 3850 et
1035 3776 1070 3849 in
1108 3784 1315 3874 presentem
1357 3776 1418 3849 ka·

154 3910 294 3977 ternam
323 3922 394 3974 non
422 3901 712 3991 inscriberentur,
741 3899 804 3973 bas
833 3899 957 3974 literas
987 3900 1149 3975 volumus
1179 3922 1262 3974 esse
1287 3898 1418 3972 viribus

154 4046 278 4101 eorum
307 4023 487 4099 karitoras
516 4034 555 4099 et
578 4025 701 4099 inanes
727 4047 770 4099 ac
795 4045 920 4097 eorum
948 4022 1204 4098 exhibitoribus
1220 4023 1416 4098 nocituras.

660 4267 729 4348 (28.
749 4269 918 4345 januarii).

263 4427 340 4488 ltem
374 4426 509 4488 Cosmus
539 4426 700 4489 aurifaber
731 4427 816 4489 filius
849 4428 977 4488 Martini
1010 4428 1088 4488 emit
1111 4446 1212 4488 unurn
1236 4425 1416 4488 funduma

151 4532 349 4595 dominabus
373 4533 492 4594 relictis
517 4535 595 4618 Elye
620 4533 814 4596 stuchunarii
840 4548 871 4596 et
894 4533 1032 4594 Vidonis
1055 4532 1111 4594 filii
1137 4532 1294 4596 eiusdem.

1320 4641 1328 4681 1
