3142 5356
616 1536 743 1637 (Anno
771 1534 927 1622 Domini
954 1533 1124 1636 Moxx.)

799 1911 949 1986 (Scheria).

347 2069 452 2131 Causa
484 2069 565 2129 inter
597 2069 705 2129 Roslro
738 2083 769 2130 et
801 2069 938 2150 Maxyan
969 2069 1013 2130 sic
1046 2082 1092 2129 est
1123 2066 1323 2147 adjudicata,
1355 2080 1389 2128 ut
1418 2034 1546 2146 (μβ

243 2176 329 2236 niam
355 2176 421 2256 ipse
447 2175 556 2235 Roslro
590 2175 783 2236 multociens
813 2176 947 2256 juridice
972 2196 1028 2237 sua
1059 2176 1182 2257 optavit
1213 2175 1370 2256 nulloque
1401 2191 1450 2234 mo
1541 2143 1563 2171 ⁶

243 2283 359 2343 habere
384 2281 500 2363 potuit,
518 2296 547 2341 et
573 2281 603 2341 in
622 2278 703 2342 lacto
728 2301 786 2343 suo
800 2296 903 2343 certos
920 2282 1066 2343 homines
1080 2281 1238 2358 arestavit,
1255 2301 1293 2342 ex
1311 2300 1377 2362 quo
1394 2290 1512 2340 tamr
1551 2259 1571 2276 ‘

243 2390 309 2470 ipse
342 2389 478 2469 Maxyan
520 2387 640 2447 dictum
675 2387 784 2448 Rosko
823 2390 862 2448 ab
900 2390 966 2470 ipsa
1006 2389 1099 2449 vinea
1139 2386 1364 2468 prohibuerat,
1399 2386 1460 2446 dict

244 2495 381 2575 Maxyan
407 2495 439 2553 in
467 2493 613 2574 expensis
648 2507 678 2553 et
710 2493 931 2554 solutionibus
964 2493 1114 2554 omnibus
1145 2492 1185 2552 ad
1217 2511 1300 2573 quos
1323 2492 1438 2572 aliquit

244 2600 327 2660 dicta
352 2618 446 2660 causa
464 2612 620 2681 spectaret
644 2612 691 2659 est
707 2600 890 2675 convictus;
914 2599 1043 2660 tandem
1061 2618 1156 2679 super
1172 2599 1313 2679 quitquit
1338 2598 1369 2658 in
1396 2598 1467 2658 labo
1501 2589 1549 2625 ⁴

244 2720 274 2765 et
298 2705 511 2766 cultivatione
537 2704 635 2785 ipsius
659 2705 752 2765 vinee
777 2704 881 2766 dictus
909 2706 1018 2766 Roslro
1035 2704 1138 2786 jurare
1163 2704 1320 2782 debuerit,
1346 2705 1413 2786 ipse
1438 2704 1467 2765 M

244 2830 325 2892 xyan
351 2811 409 2892 ipsi
434 2809 602 2872 refundere
629 2810 723 2870 debet
748 2825 778 2870 et
801 2811 971 2889 tenebitur,
997 2811 1124 2872 vineam
1155 2825 1261 2872 autern
1288 2811 1417 2871 Maxian
1446 2804 1540 2891 pf
1570 2800 1571 2816 ¹

244 2936 275 2975 se
300 2931 406 2977 teneat
430 2931 460 2977 et
484 2916 654 2997 possideat.
682 2917 817 2998 Maxyan
842 2917 882 2977 ad
906 2917 1047 2978 seniores
1071 2916 1255 2998 appellavit.

349 3040 453 3101 Causa
479 3040 560 3100 inter
583 3039 772 3101 Michaelem
791 3056 820 3101 et
846 3041 1011 3119 Mathiam,
1037 3061 1094 3102 nec
1119 3060 1182 3102 non
1209 3037 1469 3103 confraternitate

244 3159 388 3206 sutorum
413 3166 471 3227 pro
496 3160 584 3226 parte
616 3147 782 3207 cuiusdam
815 3147 914 3208 debiti
948 3147 1016 3208 lior.
1053 3147 1163 3208 decern
1197 3149 1359 3224 ethium,
1391 3148 1435 3207 sic
1460 3136 1570 3206 ἄ

244 3252 406 3330 conclusa,
431 3266 464 3313 ut
489 3252 638 3312 videlicet
671 3253 774 3314 dictus
807 3253 942 3314 Mathias
974 3268 1004 3313 et
1036 3253 1173 3314 Michaei
1205 3254 1325 3314 dictum
1360 3254 1470 3314 debitu

244 3358 379 3419 omnino
404 3359 597 3439 persolvant,
624 3359 681 3439 ipsi
707 3360 739 3418 in
756 3360 907 3418 omnibus
930 3358 1060 3420 tandem
1079 3359 1172 3419 bonis
1189 3357 1320 3439 pacifice
1345 3378 1459 3420 manea

245 3465 332 3544 quod
357 3465 382 3525 si
407 3464 486 3525 alter
510 3484 621 3524 eorum
647 3464 732 3525 idem
748 3463 850 3525 lacere
876 3464 986 3541 nollet,
1005 3477 1120 3524 extunc
1137 3463 1281 3543 reliquus
1305 3483 1418 3526 eorum
1436 3484 1474 3547 pe

244 3570 358 3649 solvat,
382 3571 510 3632 tandem
536 3571 568 3631 in
593 3571 739 3632 dominio
765 3573 925 3632 bonorum
943 3569 1073 3652 pacifice
1098 3583 1242 3646 maneat;
1267 3568 1346 3633 feria
1370 3585 1456 3632 sexta
1474 3552 1529 3629 ἰ

244 3676 353 3756 vigilia
387 3676 627 3738 Purificacionis
658 3697 743 3737 anno
782 3699 856 3756 1521
894 3692 938 3738 est
970 3677 1134 3738 terminus.
1168 3676 1278 3738 Dictus
1304 3676 1443 3737 Michaei
1467 3694 1504 3737 a

245 3783 387 3844 seniores
404 3784 594 3864 appellavit;
612 3783 673 3844 alia
691 3803 762 3864 pars
779 3798 825 3844 est
842 3784 1035 3844 sentenciata
1052 3784 1198 3846 solvendi
1213 3782 1359 3843 decimus
1375 3784 1512 3864 quintu

250 3888 336 3965 dies3
360 3890 506 3950 similiter
529 3889 664 3949 Mathias
688 3904 776 3950 sutor
800 3889 840 3950 ad
866 3890 1007 3951 seniores
1031 3889 1213 3973 appellavit.

353 4013 493 4074 Sabbato
525 4014 672 4094 proximo
705 4028 777 4095 post
808 4014 982 4076 Valentini.
1016 4015 1119 4075 Causa
1145 4013 1227 4074 inter
1259 4012 1452 4076 Michaeletn
1478 4021 1505 4072 et

245 4119 330 4201 ipsos
355 4134 477 4180 sutores
502 4138 558 4199 per
582 4120 723 4180 seniores
747 4121 791 4179 sic
817 4134 863 4180 est
890 4119 1082 4199 adjudicata,
1114 4132 1149 4178 ut
1173 4118 1326 4199 quoniam
1354 4119 1423 4201 ipse
1448 4119 1497 4181 Mi·

244 4225 334 4286 chael
359 4240 390 4286 et
414 4226 671 4305 consanguineus
696 4226 755 4307 ipsi
782 4227 926 4286 Andreas
942 4239 1054 4302 sutton,
1080 4225 1134 4305 qui
1153 4225 1297 4286 Andreas
1320 4239 1425 4286 suttor
1442 4244 1498 4286 me·

244 4331 328 4392 diam
356 4346 477 4413 partem
503 4331 601 4412 ipsius
626 4333 717 4392 vinee
742 4333 828 4392 dicto
854 4332 1002 4393 Michaeli
1033 4332 1182 4409 dedisset,
1208 4331 1326 4392 idcirco
1352 4332 1422 4413 ipse
1448 4333 1498 4393 Mi·

244 4439 334 4500 chael
359 4440 401 4499 ob
426 4439 526 4499 dictas
551 4458 660 4499 causas
684 4439 787 4499 solvat
812 4439 887 4519 ipsis
919 4439 1080 4498 sutoribus
1104 4437 1172 4500 flor.
1197 4437 1309 4498 decern
1334 4451 1365 4498 et
1389 4452 1453 4500 tres
1476 4456 1503 4504 et

243 4547 371 4608 vineam
396 4546 536 4607 totaliter
560 4565 618 4626 pro
642 4566 674 4606 se
706 4545 839 4621 habeat;
871 4546 896 4606 si
922 4560 1028 4605 autern
1063 4545 1129 4627 ipse
1155 4543 1291 4607 Michaei
1317 4544 1422 4607 dictos
1445 4560 1503 4609 tre·

244 4653 349 4715 decim
372 4652 440 4714 flor.
467 4652 542 4733 ipsis
559 4651 721 4711 sutoribus
745 4652 869 4712 solvere
887 4651 998 4728 nollet,
1023 4665 1137 4711 extunc
1162 4651 1222 4732 ipsi
1246 4663 1386 4713 suttores
1403 4653 1506 4735 ipsam

244 4760 383 4822 mediam
408 4775 531 4841 partem
556 4759 639 4819 dicte
664 4760 756 4820 vinee
789 4758 927 4819 vendant
952 4759 1063 4839 quanti
1096 4758 1196 4839 pluris
1227 4777 1286 4839 pro
1309 4778 1368 4821 suo
1393 4760 1507 4826 debito

242 4879 386 4947 possunt.
