3142 5356
240 328 297 392 190

762 307 848 364 Anno
871 319 964 381 1430.

235 543 288 582 sex
316 521 346 581 in
372 536 440 581 toto
465 521 566 580 dictas
591 521 621 578 in
647 538 678 577 se
701 517 904 593 continentis,
923 515 1128 576 medietatem
1155 514 1306 575 videlicet
1331 528 1448 575 rectam
1472 528 1500 574 et

236 626 396 709 equalem,
421 640 482 687 tres
506 623 733 686 tantummodo
752 623 871 697 dietas;
898 622 972 681 item
992 622 1198 682 medietatem
1224 620 1392 682 cuiusdam
1412 621 1501 680 vinee

238 735 268 795 in
295 733 457 794 territorio
483 731 619 792 civitatis
644 732 725 791 inter
750 730 859 789 vineas
876 728 1045 788 Laureocii
1072 728 1226 788 institoris
1251 742 1282 787 et
1309 729 1438 788 Martini
1457 727 1501 804 ju-

238 839 293 900 rati
320 837 376 898 filii
410 837 539 898 Thome
571 836 688 912 habite,
722 834 926 896 medietatem
963 833 1110 894 similiter
1143 848 1261 895 rectam
1286 848 1317 895 et
1343 833 1502 914 equalem,

239 947 339 1028 ipsam
355 944 527 1005 literatorie
542 955 800 1017 conternantem,
816 955 846 1002 et
861 941 1039 1022 empcionis
1051 940 1146 1001 titulo
1160 939 1381 1015 solummodo,
1399 939 1502 999 eidem

238 1051 411 1112 Ambrosio
438 1048 586 1129 frenipari
614 1048 748 1108 domino
774 1062 804 1108 et
830 1047 944 1107 marito
961 1066 1019 1106 suo
1044 1045 1133 1107 dedit
1157 1059 1188 1106 et
1212 1046 1411 1107 condonavit
1437 1065 1504 1127 per·

238 1171 335 1239 petuo
361 1155 607 1237 possidendam;
632 1154 858 1234 cuiusquidem
891 1168 972 1214 terre
999 1168 1028 1213 et
1061 1154 1154 1214 vinee
1179 1153 1257 1214 alias
1283 1152 1363 1213 duas
1385 1152 1504 1212 medie-

238 1278 317 1324 tates
342 1263 440 1322 Lucia
465 1261 573 1321 relicta
599 1273 628 1320 et
654 1260 794 1340 predicta
821 1260 921 1319 Elena
946 1258 1011 1319 filia
1044 1279 1079 1320 ac
1104 1258 1259 1320 Clemens
1282 1256 1368 1319 filius
1392 1255 1504 1339 prelati

240 1370 329 1430 Pauli
355 1367 476 1428 Zudich
502 1367 713 1426 dinoscuntur
739 1366 805 1443 jure
830 1365 1024 1426 hereditario
1050 1366 1225 1447 possidere.

346 1475 423 1534 ltem
448 1473 565 1534 domus
590 1472 728 1552 quedam
762 1486 884 1532 murata
910 1487 940 1531 et
974 1469 1093 1532 fundus
1126 1491 1160 1531 ac
1186 1469 1333 1531 hedificia
1367 1471 1398 1530 in
1425 1469 1507 1529 dicta

240 1581 366 1642 civitate
392 1580 472 1639 inter
497 1579 564 1638 vias
597 1598 788 1638 communes
821 1592 851 1638 et
884 1576 1017 1637 domurn
1043 1597 1079 1638 ae
1104 1574 1241 1638 fundum
1277 1577 1359 1636 Petri
1396 1576 1506 1636 decani

240 1687 316 1748 dicti
341 1684 544 1761 Zudrowich,
572 1685 670 1744 nostri
696 1685 837 1744 concivis
866 1684 984 1759 habita,
1008 1703 1103 1744 unam
1129 1698 1274 1763 quartam
1300 1697 1332 1743 et
1357 1697 1505 1743 octavam

241 1793 271 1852 in
290 1812 321 1852 se
339 1792 516 1866 continens,
533 1810 604 1851 cum
623 1791 687 1850 suis
703 1791 911 1871 pertinenciis
929 1803 958 1851 et
976 1790 1025 1849 via
1043 1809 1153 1851 secura
1171 1788 1209 1847 ad
1228 1788 1365 1849 eandem
1384 1809 1402 1848 a
1421 1803 1508 1870 parte

241 1897 456 1972 meridionali,
490 1896 748 1957 contradictione
774 1897 868 1956 vicini
896 1895 1028 1977 predicti
1055 1908 1085 1956 et
1112 1914 1332 1955 successorum
1362 1895 1508 1955 eiusdem

241 2024 304 2064 non
331 2005 488 2080 obstante,
513 2003 612 2063 libera
639 2017 833 2080 remanente,
859 2023 895 2064 ex
920 2002 1089 2063 sufficienti
1108 2003 1207 2084 ipsius
1232 2003 1334 2064 Elene
1358 2022 1509 2084 compro·

243 2110 377 2170 baelone
403 2123 433 2169 et
458 2108 633 2185 juratorum
660 2107 902 2187 adjudicatione
942 2109 1042 2170 Elene
1075 2109 1182 2169 relicte
1209 2109 1297 2168 Pauli
1325 2107 1508 2170 Doklenich

244 2236 329 2276 nune
354 2216 493 2277 consorti
519 2215 681 2276 Valentini
708 2215 799 2291 jurati
826 2230 872 2276 est
905 2215 1038 2295 juridice
1063 2229 1179 2276 statuta
1206 2231 1235 2275 et
1261 2216 1352 2276 litera
1377 2216 1510 2297 privile·

244 2323 336 2403 gialis
360 2320 533 2403 superinde
558 2337 713 2383 emanata.

351 2428 428 2490 ltem
454 2427 594 2508 quedam
620 2429 712 2488 vinea
739 2429 876 2489 condam
902 2430 1027 2490 Malech
1052 2429 1109 2490 filii
1136 2429 1263 2508 Dragan
1290 2429 1321 2488 in
1346 2429 1512 2491 territorio

243 2535 380 2595 civitatis
405 2535 485 2594 inter
510 2534 619 2593 vineas
645 2534 757 2594 Briccii
784 2534 930 2595 Joffanov
956 2550 986 2595 et
1010 2536 1185 2596 liberorum
1212 2534 1349 2596 condam
1376 2535 1512 2596 domine

244 2640 417 2701 Scolastice
441 2641 599 2700 consortis
624 2640 778 2700 iohannis
803 2641 938 2701 condam
971 2641 1084 2721 judicis
1108 2639 1165 2702 filii
1192 2640 1281 2701 Pauli
1307 2640 1430 2719 habita,
1457 2643 1512 2702 de·

243 2766 337 2827 super
362 2767 378 2805 a
405 2746 453 2805 via
472 2746 635 2806 communi
655 2766 769 2827 magna
797 2746 876 2807 infra
903 2767 1003 2829 usque
1022 2748 1173 2827 rivulum,
1191 2766 1263 2808 cum
1289 2747 1433 2828 virgulto
1451 2749 1512 2809 sibi

244 2851 419 2931 subjacenti
446 2872 477 2911 se
502 2853 739 2929 extentendem,
777 2873 849 2913 cum
882 2855 946 2914 suis
971 2854 1187 2935 pertinenciis,
1211 2853 1343 2913 domine
1370 2853 1511 2917 Barbare

244 2958 335 3018 aliter
360 2958 443 3018 liene
469 2974 579 3019 vocate
604 2960 743 3020 consorti
768 2960 895 3021 Martini
921 2961 1012 3038 jurati
1038 2981 1075 3020 ex
1092 2958 1260 3022 sufficienti
1285 2960 1333 3020 sui
1359 2980 1510 3043 compro-

247 3065 380 3124 bacione
406 3077 452 3124 est
475 3079 591 3126 statuta
616 3078 646 3125 et
670 3066 759 3125 litera
786 3066 994 3146 privilegialis
1023 3067 1126 3127 eidem
1152 3065 1324 3147 superinde
1350 3084 1511 3130 emanata.

352 3171 428 3230 ltem
454 3171 592 3251 quedam
626 3171 742 3232 domus
771 3173 800 3231 io
836 3173 961 3234 civitate
987 3174 1017 3233 in
1044 3174 1147 3253 platea
1181 3171 1365 3233 carnificum
1401 3175 1433 3235 in
1466 3177 1510 3236 vi·

245 3276 371 3336 cinitate
397 3275 513 3336 domus
538 3278 713 3338 liberorum
731 3279 808 3339 olim
833 3279 949 3339 Mathei
970 3279 1151 3341 Trunthich
1177 3293 1208 3340 et
1232 3279 1311 3340 duas
1336 3281 1406 3341 vias
1424 3301 1512 3342 com·

246 3401 360 3442 munes
376 3381 517 3442 habitam
544 3397 574 3443 et
591 3383 791 3461 existentem,
815 3385 874 3445 tria
892 3386 1049 3465 quartalia
1067 3386 1152 3446 curie
1171 3386 1202 3445 in
1220 3405 1251 3444 se
1277 3386 1513 3465 continentem,

245 3487 340 3547 simul
373 3507 444 3547 cum
471 3488 589 3549 celario
621 3472 830 3552 subterraneo
863 3493 903 3551 ab
936 3491 1016 3551 intra
1042 3510 1134 3552 tnuro
1167 3491 1377 3568 circumdato,
1405 3494 1511 3554 eidem

245 3593 432 3671 subjacenti,
464 3595 600 3676 aliisque
625 3597 689 3656 suis
720 3595 876 3657 hedificiis
906 3611 936 3658 et
967 3597 1158 3658 utilitatibus
1193 3598 1350 3659 universis
1375 3601 1512 3661 domine

246 3700 383 3761 Barbare
408 3701 499 3762 aliter
524 3701 608 3762 llena
634 3717 743 3762 vocate
776 3704 883 3764 relicte
909 3704 1045 3764 condam
1081 3703 1215 3781 Malech,
1256 3724 1341 3765 nunc
1366 3709 1510 3769 consorti

248 3806 375 3866 Martini
401 3807 523 3887 pridem
550 3806 642 3887 jurati
668 3807 724 3869 filii
751 3808 890 3887 Thorne,
915 3830 951 3869 ex
969 3808 1139 3872 sufficienti
1165 3811 1213 3870 sui
1238 3813 1513 3892 comprobacione

247 3926 293 3973 est
317 3925 431 3973 statuta
458 3927 489 3974 et
513 3913 618 3974 eidem
643 3915 814 3995 superinde
839 3916 928 3976 litera
954 3917 1164 3998 privilegialis
1189 3932 1235 3977 est
1262 3933 1421 3982 emanata.

354 4018 429 4079 Item
455 4018 541 4080 lwan
567 4021 721 4082 Jalchiew
760 4021 863 4082 dictus
896 4021 979 4083 lilius
1003 4023 1170 4105 Stephani,
1204 4025 1366 4106 quandam
1392 4040 1512 4088 terram

247 4145 302 4185 seu
328 4125 488 4186 vineolam
516 4127 672 4188 desertam
706 4127 769 4207 jam
796 4129 826 4189 in
861 4129 973 4189 silvam
1007 4130 1149 4192 totaliter
1180 4131 1352 4209 redactam,
1379 4133 1412 4193 in
1445 4153 1512 4214 qua

248 4231 325 4291 alias
350 4251 460 4292 crocus
485 4232 712 4294 dinoscebatur
740 4235 908 4315 plantasse,
935 4237 965 4294 in
991 4236 1151 4297 territorio
1176 4251 1207 4298 et
1232 4238 1398 4298 montibus
1427 4240 1514 4302 Jele·

248 4338 362 4399 nowch
392 4339 474 4400 inter
498 4340 607 4399 vineas
635 4354 665 4401 et
694 4341 828 4421 virgulta
854 4342 1028 4403 liberorum
1050 4363 1105 4404 seu
1123 4363 1341 4406 successorum
1371 4346 1513 4409 condam

249 4444 375 4529 Gyuani
401 4445 515 4524 iudicis
539 4461 569 4507 et
587 4446 718 4528 Georgii
745 4448 876 4508 cultoris
893 4448 1046 4526 habitam,
1071 4449 1197 4511 fossatis
1213 4451 1358 4532 undique
1376 4453 1514 4516 circum-

248 4551 410 4628 vallatam,
436 4551 572 4633 desuper
597 4574 613 4613 a
639 4554 687 4614 via
721 4555 898 4633 communi,
931 4553 1011 4616 inira
1036 4576 1138 4637 usque
1171 4557 1310 4618 rivulum
1348 4579 1421 4621 curn
1448 4562 1512 4622 vir·

248 4657 338 4735 gulto
363 4657 401 4717 ad
429 4658 563 4719 eandem
582 4661 750 4739 pertinenti
774 4681 806 4719 se
824 4662 1060 4737 extendentem,
1078 4682 1150 4722 eum
1169 4663 1321 4724 omnibus
1342 4665 1410 4725 suis
1426 4667 1514 4728 utili·

250 4764 367 4823 tatibus
394 4765 528 4825 Nicolao
554 4765 620 4826 tilio
648 4767 728 4827 l'etri
755 4767 899 4827 vendidit
924 4783 1079 4848 perpetuo
1105 4769 1345 4849 possidendam.
