3142 5356
691 339 777 395 Anno
800 336 894 415 1428.
1367 349 1420 401 tbo

210 555 300 628 ltem
328 559 470 629 sabbato
499 560 653 646 proximo
683 565 761 630 ante
794 559 917 631 festum
947 557 1200 632 Purificacionis
1229 563 1372 649 virginis

648 681 793 770 gloriose
821 685 936 755 llarie.

668 839 731 911 (31.
746 837 913 911 januarii).

265 975 343 1037 Item
370 976 473 1037 Lucas
496 989 585 1037 sutor
609 973 694 1036 filius
723 974 911 1054 Clementis,
936 976 1041 1058 primo
1074 976 1248 1057 quemdam
1285 975 1422 1039 fundum

150 1101 252 1143 suum
277 1081 373 1143 simul
400 1101 473 1142 curn
499 1080 656 1143 hedificiis
681 1081 712 1142 in
738 1082 810 1142 vico
839 1082 987 1143 exteriori
1012 1095 1157 1143 sutorum
1183 1083 1265 1144 inter
1287 1081 1422 1145 fundum

153 1202 188 1249 et
222 1187 357 1250 domum
392 1187 525 1269 Georgii
557 1188 675 1249 sutoris
705 1187 763 1249 filii
797 1187 941 1269 Georgii,
973 1191 1013 1250 ab
1043 1208 1117 1266 una,
1149 1202 1238 1270 parte
1262 1190 1301 1250 ab
1326 1191 1423 1252 altera

151 1313 233 1355 vero
256 1294 386 1356 semitas
410 1309 441 1356 et
465 1295 531 1355 vias
554 1313 754 1372 communes,
779 1313 876 1355 unam
901 1307 1048 1375 quartam
1066 1294 1097 1355 in
1127 1314 1160 1354 se
1185 1295 1423 1372 continentem

154 1402 235 1462 item
261 1400 360 1461 alium
387 1400 523 1461 iundum
549 1420 642 1460 suum
677 1419 813 1461 vacuum
844 1400 925 1460 inter
959 1398 1076 1460 fundos
1102 1399 1229 1482 Mathye
1253 1402 1369 1462 sutoris
1393 1415 1423 1463 et

156 1505 283 1567 Herrici
311 1506 402 1566 Pater
434 1520 542 1568 noster
575 1506 733 1582 habitum,
758 1525 854 1566 unam
872 1505 1019 1567 similiter
1042 1521 1188 1586 quartam
1215 1507 1246 1566 in
1271 1527 1304 1567 se
1321 1508 1421 1569 conti-

154 1627 299 1690 nentem,
324 1632 396 1673 cum
421 1613 487 1673 suis
511 1613 728 1694 pertinenciis,
754 1612 911 1695 Dyonisio
942 1612 1042 1672 sutori
1066 1610 1135 1672 filio
1161 1613 1286 1674 Crisani
1311 1627 1341 1674 et
1365 1613 1421 1674 ho-

154 1733 243 1780 neste
278 1719 406 1780 mulieri
440 1719 556 1799 Agneti
590 1717 654 1779 filie
686 1718 823 1778 condam
854 1717 1009 1778 lohannis
1041 1717 1158 1778 sutoris
1190 1737 1247 1799 pro
1280 1719 1421 1800 quadam

154 1825 256 1886 domo
281 1844 392 1885 eorum
419 1825 450 1885 in
470 1826 540 1886 vico
564 1839 710 1885 sutorum
735 1824 851 1885 eodem
870 1824 951 1884 inter
969 1823 1084 1884 domos
1109 1822 1238 1885 Thome
1264 1824 1372 1909 Rosyn
1391 1841 1421 1888 et

152 1930 286 1992 alterius
311 1930 439 1992 Thome
465 1930 617 1992 Ochwirk
641 1930 759 2008 habita,
793 1950 889 1991 unam
923 1943 1068 2011 quartam
1107 1929 1138 1989 in
1166 1948 1198 1989 se
1223 1931 1419 2009 continente,

154 2057 190 2098 ac
215 2056 275 2119 pro
300 2037 523 2098 additamento
549 2051 622 2098 octo
654 2056 824 2119 pensarum
859 2036 1063 2097 denariorum
1096 2055 1151 2115 per
1176 2036 1307 2097 eosdem
1334 2037 1419 2119 Dyn-

152 2144 273 2204 nisium
307 2157 337 2204 et
369 2148 527 2223 Agnetem
561 2163 650 2204 suam
684 2157 864 2204 consortem
897 2142 956 2224 ipsi
995 2142 1080 2202 Luce
1113 2141 1205 2222 plene
1238 2142 1333 2219 dam,
1366 2163 1420 2224 per

152 2249 290 2310 modum
315 2249 567 2330 permutacionis
591 2249 730 2311 dedisset
758 2262 915 2330 perpetuo
941 2246 1183 2328 possidendum.

260 2355 338 2416 ltem
364 2355 439 2436 quia
465 2355 626 2416 Fabianus
650 2356 793 2416 literatus
825 2353 911 2415 filius
936 2353 1101 2431 lobannis,
1125 2372 1234 2433 genet,
1259 2366 1290 2413 et
1316 2353 1417 2415 Elena

151 2459 215 2522 filia
244 2461 421 2543 Elyzabeth
448 2461 556 2522 relicte
590 2462 669 2523 olim
695 2461 819 2522 Nicolai
845 2460 944 2520 villici
977 2460 1077 2520 libere
1102 2459 1177 2519 ville
1202 2459 1262 2520 vici
1290 2460 1418 2521 Latino·

152 2587 223 2628 rum
253 2565 449 2628 sufficienter
466 2587 572 2628 coram
591 2569 685 2628 nobis
703 2568 964 2648 comprobarunt,
982 2580 1017 2627 ut
1033 2566 1110 2625 dum
1129 2566 1194 2647 ipsa
1213 2566 1244 2626 in
1270 2567 1419 2628 extremis

151 2675 341 2752 laborasset,
375 2688 451 2735 tunc
476 2675 544 2756 ipsa
576 2674 740 2735 universas
772 2694 821 2735 res
853 2688 883 2734 et
908 2675 991 2733 bona
1025 2673 1056 2733 in
1082 2673 1208 2733 civitate
1239 2672 1363 2733 habitas
1387 2688 1417 2734 et

150 2780 323 2840 existencia
357 2780 478 2841 eisdem
511 2781 646 2861 legasset
678 2781 720 2841 ita
753 2799 808 2862 per
833 2779 988 2857 medium,
1022 2792 1055 2840 ut
1079 2779 1103 2838 si
1131 2779 1189 2860 ipsi
1216 2779 1316 2839 Elene
1341 2793 1414 2839 ante

151 2886 275 2947 dictum
294 2886 471 2947 Fabianum
490 2888 610 2967 absque
628 2886 782 2947 heredum
804 2886 923 2946 solacio
941 2885 1048 2965 (mori)
1072 2885 1283 2964 contingeret,
1300 2899 1414 2946 extunc

151 2993 218 3074 ipse
253 2992 415 3054 Fabianus
447 2992 564 3053 dictam
590 3012 679 3054 suam
714 2992 900 3073 porcionem
933 2990 1072 3052 vendere
1104 3004 1134 3051 et
1165 3010 1223 3071 pro
1247 2992 1415 3052 animabus

151 3099 294 3180 ipsarum
313 3098 494 3180 expendere
512 3099 661 3174 deberet;
678 3099 752 3159 ideo
777 3118 837 3159 nos
853 3097 1014 3178 quandam
1033 3096 1165 3157 domurn
1185 3097 1283 3177 ipsius
1301 3097 1414 3178 Elyza-

151 3204 228 3265 beth
247 3205 280 3264 in
297 3204 380 3266 dicta
395 3206 522 3266 civitate
541 3206 621 3266 inter
638 3205 753 3266 domos
771 3219 802 3267 et
819 3203 937 3265 fundos
954 3205 1130 3264 liberorum
1149 3204 1240 3265 Pauli
1258 3203 1415 3281 Thothar,

148 3312 190 3372 ab
217 3330 292 3388 una,
318 3326 348 3372 et
366 3325 455 3393 parte
472 3313 511 3372 ab
529 3311 626 3372 altera
645 3312 727 3372 inter
752 3311 867 3372 domos
884 3323 1024 3370 muratas
1041 3309 1258 3390 capellanatus
1282 3310 1414 3371 ecclesie

148 3431 260 3478 nostre
285 3417 369 3478 beati
394 3417 494 3478 Marci
512 3417 729 3498 ewangeliste,
754 3419 792 3477 ab
816 3416 980 3493 anteriori,
1005 3415 1207 3496 aposteriori
1232 3434 1308 3476 vero
1326 3430 1413 3497 parte

149 3523 278 3607 providi
296 3524 355 3584 viri
374 3524 528 3585 institoris
544 3523 670 3584 Nicolai
687 3523 841 3601 habitam,
857 3536 920 3584 tres
949 3535 1077 3602 quartas
1094 3522 1126 3581 in
1151 3541 1183 3582 se
1201 3522 1411 3600 continentes,

148 3630 272 3692 eisdem
298 3629 442 3690 Fabiano
475 3642 505 3690 et
530 3629 630 3690 Elene
663 3629 832 3691 statuimus
865 3628 963 3689 modo
996 3628 1150 3710 premisso
1174 3627 1411 3710 possidendam.

256 3734 334 3795 ltem
365 3736 441 3815 quia
474 3735 505 3795 in
537 3748 728 3796 testamento
759 3735 885 3817 providi
917 3735 974 3795 viri
1009 3733 1128 3795 Mathei
1160 3735 1272 3795 decani
1304 3754 1411 3795 coram

148 3841 243 3902 nobis
269 3841 300 3902 in
324 3841 430 3922 specie
456 3841 625 3922 producto,
650 3842 680 3902 id
705 3842 788 3902 clare
816 3842 956 3902 vidimus
988 3840 1156 3919 contineri,
1180 3854 1215 3901 ut
1238 3840 1315 3901 dum
1342 3841 1409 3922 ipse

148 3948 179 4008 in
206 3949 356 4009 extremis
388 3948 451 4009 vite
483 3968 539 4009 sue
572 3949 757 4030 temporalis
790 3950 974 4027 laborasset,
1005 3963 1081 4010 tunc
1114 3949 1179 4030 ipse
1205 3948 1410 4009 medietatem

147 4053 316 4115 cuiusdam
341 4053 457 4115 domus
482 4055 512 4114 in
539 4055 610 4115 vico
643 4069 789 4116 sutorum
821 4055 929 4116 habite
954 4069 984 4116 et
1008 4055 1180 4131 existentis,
1204 4054 1309 4135 ipsum
1334 4053 1409 4134 juri·

147 4159 218 4221 dice
243 4160 482 4236 concernentis;
516 4160 606 4221 cuius
638 4161 754 4222 domus
786 4162 880 4222 aliam
917 4161 1122 4222 medietatem
1154 4160 1247 4222 liberi
1272 4160 1409 4221 condam

148 4265 235 4326 Luce
260 4266 377 4326 sutoris
410 4265 621 4328 dinoscuntur
655 4267 870 4328 literatoriea
903 4282 990 4349 parte
1017 4265 1202 4344 Dragchech
1227 4265 1411 4347 possidere;

149 4370 222 4431 item
249 4373 423 4453 quemdam
448 4371 601 4453 (h)ortum
621 4373 652 4432 in
677 4374 832 4434 suburbio
850 4373 986 4434 civitatis
1011 4373 1092 4434 inter
1117 4370 1252 4454 (h)ortos
1277 4371 1409 4452 Georgii

147 4478 276 4539 sartoris
309 4491 340 4539 et
373 4478 484 4540 Briccii
519 4479 684 4559 piscatoris
716 4479 879 4555 habitum;
912 4480 987 4539 item
1021 4478 1183 4559 quandam
1216 4478 1343 4539 vineam
1379 4479 1410 4537 in

147 4584 308 4645 territorio
340 4585 477 4646 civitatis
510 4585 591 4646 inter
622 4588 731 4645 vineas
764 4585 916 4666 Stephani
941 4586 1058 4646 sutoris
1091 4599 1121 4645 et
1154 4583 1318 4645 Benedicti
1344 4583 1410 4645 cul·

147 4691 224 4751 toris
256 4689 410 4769 habitam,
442 4691 564 4772 Agiche
597 4712 651 4752 sue
684 4692 824 4752 consorti
857 4692 1043 4772 legavisset,
1076 4692 1150 4752 ideo
1183 4710 1241 4751 nos
1274 4690 1410 4752 eandem

148 4796 352 4858 medietatem
377 4796 535 4858 domasa
559 4812 647 4879 parte
668 4798 811 4878 magistri
836 4797 957 4861 Mathei
975 4799 1090 4859 notarii
1117 4813 1147 4860 et
1171 4816 1227 4858 sue
1253 4798 1409 4859 consortis

1308 4907 1317 4947 1
1329 4907 1340 4948 r
