<?xml version="1.0" encoding="UTF-8"?>
<!DOCTYPE html PUBLIC "-//W3C//DTD XHTML 1.0 Transitional//EN"
    "http://www.w3.org/TR/xhtml1/DTD/xhtml1-transitional.dtd">
<html xmlns="http://www.w3.org/1999/xhtml" xml:lang="en" lang="en">
 <head>
  <title>
</title>
<meta http-equiv="Content-Type" content="text/html;charset=utf-8" />
  <meta name='ocr-system' content='tesseract 3.04.00' />
  <meta name='ocr-capabilities' content='ocr_page ocr_carea ocr_par ocr_line ocrx_word'/>
</head>
<body>
  <div class='ocr_page' id='page_1' title='image "./monumentahistor17laszgoog_0144.png"; bbox 0 0 3142 5356; ppageno 0'>
   <div class='ocr_carea' id='block_1_1' title="bbox 502 522 1391 609">
    <p class='ocr_par' dir='ltr' id='par_1_1' title="bbox 502 522 1391 609">
     <span class='ocr_line' id='line_1_1' title="bbox 502 522 1391 609; baseline 0.007 -30"><span class='ocrx_word' id='word_1_1' title='bbox 502 523 589 580; x_wconf 77' lang='lat' dir='ltr'><strong>Anno</strong></span> <span class='ocrx_word' id='word_1_2' title='bbox 611 535 707 601; x_wconf 73' lang='lat'><em>1494.</em></span> <span class='ocrx_word' id='word_1_3' title='bbox 734 556 774 566; x_wconf 92' lang='lat'>—</span> <span class='ocrx_word' id='word_1_4' title='bbox 793 535 827 598; x_wconf 86' lang='lat'><strong>5.</strong></span> <span class='ocrx_word' id='word_1_5' title='bbox 851 522 1017 584; x_wconf 83' lang='lat' dir='ltr'><em>decembris.</em></span> <span class='ocrx_word' id='word_1_6' title='bbox 1350 546 1391 609; x_wconf 87' lang='lat'><strong>97</strong></span> 
     </span>
    </p>
   </div>
   <div class='ocr_carea' id='block_1_2' title="bbox 253 629 1388 641">
    <p class='ocr_par' dir='ltr' id='par_1_2' title="bbox 253 629 1388 641">
     <span class='ocr_line' id='line_1_2' title="bbox 253 629 1388 641; baseline 0.004 -6"><span class='ocrx_word' id='word_1_7' title='bbox 253 629 670 636; x_wconf 46' lang='lat' dir='ltr'><strong>—ffl——o—--a</strong></span> <span class='ocrx_word' id='word_1_8' title='bbox 691 630 724 635; x_wconf 88' lang='lat'><strong>—</strong></span> <span class='ocrx_word' id='word_1_9' title='bbox 745 631 825 636; x_wconf 83' lang='grc'>-..-</span> <span class='ocrx_word' id='word_1_10' title='bbox 838 631 1027 637; x_wconf 54' lang='grc' dir='ltr'>--ψ-Η</span> <span class='ocrx_word' id='word_1_11' title='bbox 1042 632 1388 641; x_wconf 72' lang='lat'>———-—-</span> 
     </span>
    </p>
   </div>
   <div class='ocr_carea' id='block_1_3' title="bbox 161 619 239 632">
    <p class='ocr_par' dir='ltr' id='par_1_3' title="bbox 161 619 239 632">
     <span class='ocr_line' id='line_1_3' title="bbox 161 619 239 632; baseline 0.026 -2"><span class='ocrx_word' id='word_1_12' title='bbox 161 619 239 632; x_wconf 33' lang='lat' dir='ltr'><strong>Q—</strong></span> 
     </span>
    </p>
   </div>
   <div class='ocr_carea' id='block_1_4' title="bbox 155 732 1391 2392">
    <p class='ocr_par' dir='ltr' id='par_1_4' title="bbox 158 732 1391 1240">
     <span class='ocr_line' id='line_1_4' title="bbox 234 732 1391 820; baseline 0.004 -25"><span class='ocrx_word' id='word_1_13' title='bbox 234 732 419 816; x_wconf 85' lang='lat' dir='ltr'><strong>Causaque</strong></span> <span class='ocrx_word' id='word_1_14' title='bbox 444 734 597 796; x_wconf 87' lang='lat' dir='ltr'><strong>ventilata</strong></span> <span class='ocrx_word' id='word_1_15' title='bbox 622 732 705 796; x_wconf 85' lang='lat' dir='ltr'><strong>foret</strong></span> <span class='ocrx_word' id='word_1_16' title='bbox 737 734 819 795; x_wconf 88' lang='lat' dir='ltr'><strong>inter</strong></span> <span class='ocrx_word' id='word_1_17' title='bbox 844 735 1050 811; x_wconf 78' lang='lat' dir='ltr'><strong>Domkonem</strong></span> <span class='ocrx_word' id='word_1_18' title='bbox 1076 736 1254 820; x_wconf 88' lang='lat' dir='ltr'><strong>Perowych</strong></span> <span class='ocrx_word' id='word_1_19' title='bbox 1280 751 1312 800; x_wconf 90' lang='lat' dir='ltr'><strong>et</strong></span> <span class='ocrx_word' id='word_1_20' title='bbox 1334 738 1391 801; x_wconf 89' lang='lat' dir='ltr'><strong>do·</strong></span> 
     </span>
     <span class='ocr_line' id='line_1_5' title="bbox 158 833 1391 925; baseline 0.012 -34"><span class='ocrx_word' id='word_1_21' title='bbox 158 833 244 899; x_wconf 88' lang='lat' dir='ltr'><strong>ninam</strong></span> <span class='ocrx_word' id='word_1_22' title='bbox 265 845 392 902; x_wconf 82' lang='lat' dir='ltr'><strong>Annam</strong></span> <span class='ocrx_word' id='word_1_23' title='bbox 416 841 562 902; x_wconf 87' lang='lat' dir='ltr'><strong>relictam</strong></span> <span class='ocrx_word' id='word_1_24' title='bbox 588 841 726 903; x_wconf 89' lang='lat' dir='ltr'><strong>condam</strong></span> <span class='ocrx_word' id='word_1_25' title='bbox 743 841 984 924; x_wconf 78' lang='lat' dir='ltr'><strong>Wythltowych</strong></span> <span class='ocrx_word' id='word_1_26' title='bbox 1006 842 1135 904; x_wconf 81' lang='lat' dir='ltr'>racione</span> <span class='ocrx_word' id='word_1_27' title='bbox 1160 844 1391 925; x_wconf 86' lang='lat' dir='ltr'><strong>produccionis</strong></span> 
     </span>
     <span class='ocr_line' id='line_1_6' title="bbox 158 946 1390 1030; baseline 0.011 -33"><span class='ocrx_word' id='word_1_28' title='bbox 158 948 333 1016; x_wconf 84' lang='lat' dir='ltr'><strong>quarumdam</strong></span> <span class='ocrx_word' id='word_1_29' title='bbox 366 947 532 1009; x_wconf 88' lang='lat' dir='ltr'><strong>literarum</strong></span> <span class='ocrx_word' id='word_1_30' title='bbox 567 946 788 1028; x_wconf 86' lang='lat' dir='ltr'><strong>expeditarum</strong></span> <span class='ocrx_word' id='word_1_31' title='bbox 824 967 919 1029; x_wconf 88' lang='lat' dir='ltr'><strong>super</strong></span> <span class='ocrx_word' id='word_1_32' title='bbox 962 949 1155 1030; x_wconf 88' lang='lat' dir='ltr'><strong>quibusdam</strong></span> <span class='ocrx_word' id='word_1_33' title='bbox 1195 951 1307 1021; x_wconf 78' lang='lat' dir='ltr'><strong>bonis,</strong></span> <span class='ocrx_word' id='word_1_34' title='bbox 1344 951 1390 1011; x_wconf 93' lang='lat' dir='ltr'><strong>in·</strong></span> 
     </span>
     <span class='ocr_line' id='line_1_7' title="bbox 158 1052 1391 1136; baseline 0.012 -34"><span class='ocrx_word' id='word_1_35' title='bbox 158 1061 253 1111; x_wconf 82' lang='lat' dir='ltr'><strong>lentum</strong></span> <span class='ocrx_word' id='word_1_36' title='bbox 275 1069 319 1114; x_wconf 89' lang='lat' dir='ltr'><strong>est</strong></span> <span class='ocrx_word' id='word_1_37' title='bbox 344 1052 548 1131; x_wconf 86' lang='lat' dir='ltr'><strong>judicialiter,</strong></span> <span class='ocrx_word' id='word_1_38' title='bbox 574 1053 661 1135; x_wconf 93' lang='lat' dir='ltr'><strong>quod</strong></span> <span class='ocrx_word' id='word_1_39' title='bbox 684 1054 751 1134; x_wconf 88' lang='lat' dir='ltr'><strong>ipsa</strong></span> <span class='ocrx_word' id='word_1_40' title='bbox 785 1053 918 1114; x_wconf 91' lang='lat' dir='ltr'><strong>domina</strong></span> <span class='ocrx_word' id='word_1_41' title='bbox 943 1058 1037 1115; x_wconf 82' lang='lat' dir='ltr'><strong>Anna</strong></span> <span class='ocrx_word' id='word_1_42' title='bbox 1069 1055 1102 1115; x_wconf 94' lang='lat' dir='ltr'><strong>in</strong></span> <span class='ocrx_word' id='word_1_43' title='bbox 1127 1055 1232 1136; x_wconf 88' lang='lat' dir='ltr'><strong>primo</strong></span> <span class='ocrx_word' id='word_1_44' title='bbox 1266 1055 1391 1136; x_wconf 90' lang='lat' dir='ltr'><strong>judicio</strong></span> 
     </span>
     <span class='ocr_line' id='line_1_8' title="bbox 158 1159 805 1240; baseline 0.022 -34"><span class='ocrx_word' id='word_1_45' title='bbox 158 1159 312 1232; x_wconf 87' lang='lat' dir='ltr'><strong>respondere</strong></span> <span class='ocrx_word' id='word_1_46' title='bbox 337 1179 435 1240; x_wconf 89' lang='lat' dir='ltr'><strong>super</strong></span> <span class='ocrx_word' id='word_1_47' title='bbox 458 1161 611 1221; x_wconf 87' lang='lat' dir='ltr'><strong>omnibus</strong></span> <span class='ocrx_word' id='word_1_48' title='bbox 634 1160 805 1220; x_wconf 87' lang='lat' dir='ltr'>tenebitur.</span> 
     </span>
    </p>

    <p class='ocr_par' dir='ltr' id='par_1_5' title="bbox 157 1264 1390 1648">
     <span class='ocr_line' id='line_1_9' title="bbox 233 1264 1390 1347; baseline 0.003 -22"><span class='ocrx_word' id='word_1_49' title='bbox 233 1264 330 1326; x_wconf 87' lang='lat' dir='ltr'>Causa</span> <span class='ocrx_word' id='word_1_50' title='bbox 356 1266 440 1327; x_wconf 90' lang='lat' dir='ltr'><strong>inter</strong></span> <span class='ocrx_word' id='word_1_51' title='bbox 465 1265 670 1327; x_wconf 81' lang='lat' dir='ltr'><strong>Domltonem</strong></span> <span class='ocrx_word' id='word_1_52' title='bbox 690 1265 866 1347; x_wconf 85' lang='lat' dir='ltr'><strong>Perowych</strong></span> <span class='ocrx_word' id='word_1_53' title='bbox 892 1279 923 1327; x_wconf 92' lang='lat' dir='ltr'><strong>et</strong></span> <span class='ocrx_word' id='word_1_54' title='bbox 941 1266 1074 1328; x_wconf 88' lang='lat' dir='ltr'><strong>Gallum</strong></span> <span class='ocrx_word' id='word_1_55' title='bbox 1098 1281 1241 1329; x_wconf 86' lang='lat' dir='ltr'><strong>sutorem</strong></span> <span class='ocrx_word' id='word_1_56' title='bbox 1260 1267 1390 1329; x_wconf 81' lang='lat' dir='ltr'>racione</span> 
     </span>
     <span class='ocr_line' id='line_1_10' title="bbox 157 1362 1389 1455; baseline 0.013 -37"><span class='ocrx_word' id='word_1_57' title='bbox 157 1362 286 1432; x_wconf 86' lang='lat' dir='ltr'><strong>cuiusdam</strong></span> <span class='ocrx_word' id='word_1_58' title='bbox 304 1373 428 1433; x_wconf 89' lang='lat' dir='ltr'><strong>incurie</strong></span> <span class='ocrx_word' id='word_1_59' title='bbox 452 1372 537 1452; x_wconf 87' lang='lat' dir='ltr'><strong>apud</strong></span> <span class='ocrx_word' id='word_1_60' title='bbox 556 1373 695 1449; x_wconf 88' lang='lat' dir='ltr'><strong>vincam,</strong></span> <span class='ocrx_word' id='word_1_61' title='bbox 713 1372 880 1433; x_wconf 85' lang='lat' dir='ltr'><strong>inventum</strong></span> <span class='ocrx_word' id='word_1_62' title='bbox 903 1386 948 1434; x_wconf 92' lang='lat' dir='ltr'><strong>est</strong></span> <span class='ocrx_word' id='word_1_63' title='bbox 965 1372 1170 1452; x_wconf 84' lang='lat' dir='ltr'><strong>judicialiter,</strong></span> <span class='ocrx_word' id='word_1_64' title='bbox 1196 1373 1285 1455; x_wconf 91' lang='lat' dir='ltr'><strong>quod</strong></span> <span class='ocrx_word' id='word_1_65' title='bbox 1303 1372 1389 1434; x_wconf 88' lang='lat' dir='ltr'><strong>idem</strong></span> 
     </span>
     <span class='ocr_line' id='line_1_11' title="bbox 159 1464 1388 1561; baseline 0.012 -35"><span class='ocrx_word' id='word_1_66' title='bbox 159 1464 242 1536; x_wconf 80' lang='lat' dir='ltr'>Gallus</span> <span class='ocrx_word' id='word_1_67' title='bbox 262 1493 370 1540; x_wconf 87' lang='lat' dir='ltr'><strong>contra</strong></span> <span class='ocrx_word' id='word_1_68' title='bbox 405 1477 564 1561; x_wconf 85' lang='lat' dir='ltr'><strong>prelatum</strong></span> <span class='ocrx_word' id='word_1_69' title='bbox 598 1478 805 1540; x_wconf 83' lang='lat' dir='ltr'><strong>Domltonem</strong></span> <span class='ocrx_word' id='word_1_70' title='bbox 837 1479 878 1539; x_wconf 89' lang='lat' dir='ltr'><strong>ad</strong></span> <span class='ocrx_word' id='word_1_71' title='bbox 902 1481 1043 1561; x_wconf 90' lang='lat' dir='ltr'><strong>primum</strong></span> <span class='ocrx_word' id='word_1_72' title='bbox 1077 1479 1233 1559; x_wconf 82' lang='lat' dir='ltr'><strong>judicium</strong></span> <span class='ocrx_word' id='word_1_73' title='bbox 1259 1499 1388 1561; x_wconf 89' lang='lat' dir='ltr'><strong>respon·</strong></span> 
     </span>
     <span class='ocr_line' id='line_1_12' title="bbox 157 1572 391 1648; baseline 0.068 -16"><span class='ocrx_word' id='word_1_74' title='bbox 157 1572 209 1640; x_wconf 87' lang='lat' dir='ltr'><strong>dere</strong></span> <span class='ocrx_word' id='word_1_75' title='bbox 228 1587 391 1648; x_wconf 83' lang='lat' dir='ltr'>tenebitur.</span> 
     </span>
    </p>

    <p class='ocr_par' dir='ltr' id='par_1_6' title="bbox 155 1689 1389 2392">
     <span class='ocr_line' id='line_1_13' title="bbox 229 1689 1386 1775; baseline 0.001 -23"><span class='ocrx_word' id='word_1_76' title='bbox 229 1689 326 1753; x_wconf 82' lang='lat' dir='ltr'><strong>Causa</strong></span> <span class='ocrx_word' id='word_1_77' title='bbox 360 1692 444 1753; x_wconf 90' lang='lat' dir='ltr'><strong>inter</strong></span> <span class='ocrx_word' id='word_1_78' title='bbox 476 1691 653 1774; x_wconf 89' lang='lat' dir='ltr'><strong>Gasparem</strong></span> <span class='ocrx_word' id='word_1_79' title='bbox 680 1691 860 1775; x_wconf 88' lang='lat' dir='ltr'><strong>Kysewych</strong></span> <span class='ocrx_word' id='word_1_80' title='bbox 893 1704 924 1753; x_wconf 90' lang='lat' dir='ltr'><strong>et</strong></span> <span class='ocrx_word' id='word_1_81' title='bbox 956 1692 1166 1755; x_wconf 89' lang='lat' dir='ltr'><strong>Benedictum</strong></span> <span class='ocrx_word' id='word_1_82' title='bbox 1193 1692 1386 1774; x_wconf 79' lang='lat' dir='ltr'><strong>Hungarum</strong></span> 
     </span>
     <span class='ocr_line' id='line_1_14' title="bbox 155 1790 1388 1882; baseline 0.01 -34"><span class='ocrx_word' id='word_1_83' title='bbox 155 1790 247 1857; x_wconf 76' lang='lat' dir='ltr'><strong>racione</strong></span> <span class='ocrx_word' id='word_1_84' title='bbox 270 1799 437 1860; x_wconf 90' lang='lat' dir='ltr'><strong>cuiusdam</strong></span> <span class='ocrx_word' id='word_1_85' title='bbox 461 1799 589 1876; x_wconf 89' lang='lat' dir='ltr'><strong>domus,</strong></span> <span class='ocrx_word' id='word_1_86' title='bbox 618 1819 714 1880; x_wconf 90' lang='lat' dir='ltr'><strong>quam</strong></span> <span class='ocrx_word' id='word_1_87' title='bbox 734 1799 801 1880; x_wconf 92' lang='lat' dir='ltr'><strong>ipse</strong></span> <span class='ocrx_word' id='word_1_88' title='bbox 817 1797 940 1880; x_wconf 86' lang='lat' dir='ltr'><strong>Gaspar</strong></span> <span class='ocrx_word' id='word_1_89' title='bbox 958 1799 1137 1882; x_wconf 87' lang='lat' dir='ltr'><strong>Kysewych</strong></span> <span class='ocrx_word' id='word_1_90' title='bbox 1163 1799 1268 1860; x_wconf 88' lang='lat' dir='ltr'><strong>eidem</strong></span> <span class='ocrx_word' id='word_1_91' title='bbox 1287 1800 1388 1861; x_wconf 79' lang='lat' dir='ltr'><strong>Rene-</strong></span> 
     </span>
     <span class='ocr_line' id='line_1_15' title="bbox 155 1889 1389 1988; baseline 0.01 -33"><span class='ocrx_word' id='word_1_92' title='bbox 155 1889 214 1959; x_wconf 90' lang='lat' dir='ltr'><strong>dicto</strong></span> <span class='ocrx_word' id='word_1_93' title='bbox 233 1905 372 1966; x_wconf 87' lang='lat' dir='ltr'><strong>vendidit</strong></span> <span class='ocrx_word' id='word_1_94' title='bbox 396 1920 428 1967; x_wconf 89' lang='lat' dir='ltr'><strong>et</strong></span> <span class='ocrx_word' id='word_1_95' title='bbox 451 1925 515 1966; x_wconf 91' lang='lat' dir='ltr'><strong>non</strong></span> <span class='ocrx_word' id='word_1_96' title='bbox 542 1905 672 1983; x_wconf 82' lang='lat' dir='ltr'>exolvit,</span> <span class='ocrx_word' id='word_1_97' title='bbox 689 1905 783 1986; x_wconf 86' lang='lat' dir='ltr'><strong>jurati</strong></span> <span class='ocrx_word' id='word_1_98' title='bbox 815 1905 1095 1985; x_wconf 78' lang='lat' dir='ltr'><strong>adjudicaverunt,</strong></span> <span class='ocrx_word' id='word_1_99' title='bbox 1127 1907 1217 1988; x_wconf 93' lang='lat' dir='ltr'><strong>quod</strong></span> <span class='ocrx_word' id='word_1_100' title='bbox 1241 1904 1389 1988; x_wconf 86' lang='lat' dir='ltr'><strong>prelatus</strong></span> 
     </span>
     <span class='ocr_line' id='line_1_16' title="bbox 156 1995 1386 2092; baseline 0.007 -26"><span class='ocrx_word' id='word_1_101' title='bbox 156 1995 310 2071; x_wconf 77' lang='lat' dir='ltr'><strong>Benedictus</strong></span> <span class='ocrx_word' id='word_1_102' title='bbox 335 2030 437 2092; x_wconf 87' lang='lat' dir='ltr'><strong>usque</strong></span> <span class='ocrx_word' id='word_1_103' title='bbox 466 2027 617 2072; x_wconf 89' lang='lat' dir='ltr'><strong>octavum</strong></span> <span class='ocrx_word' id='word_1_104' title='bbox 643 2012 729 2073; x_wconf 90' lang='lat' dir='ltr'><strong>diem</strong></span> <span class='ocrx_word' id='word_1_105' title='bbox 761 2013 821 2072; x_wconf 91' lang='lat' dir='ltr'>sibi</span> <span class='ocrx_word' id='word_1_106' title='bbox 847 2013 886 2072; x_wconf 93' lang='lat' dir='ltr'><strong>de</strong></span> <span class='ocrx_word' id='word_1_107' title='bbox 912 2012 1011 2073; x_wconf 90' lang='lat' dir='ltr'><strong>domo</strong></span> <span class='ocrx_word' id='word_1_108' title='bbox 1035 2012 1218 2075; x_wconf 79' lang='lat' dir='ltr'><strong>satisfacere</strong></span> <span class='ocrx_word' id='word_1_109' title='bbox 1244 2012 1386 2091; x_wconf 86' lang='lat' dir='ltr'><strong>debebit,</strong></span> 
     </span>
     <span class='ocr_line' id='line_1_17' title="bbox 155 2103 1387 2199; baseline 0.017 -40"><span class='ocrx_word' id='word_1_110' title='bbox 155 2103 246 2175; x_wconf 83' lang='lat' dir='ltr'><strong>sivero</strong></span> <span class='ocrx_word' id='word_1_111' title='bbox 268 2136 331 2179; x_wconf 93' lang='lat' dir='ltr'><strong>non</strong></span> <span class='ocrx_word' id='word_1_112' title='bbox 357 2117 524 2195; x_wconf 85' lang='lat' dir='ltr'><strong>exolverit,</strong></span> <span class='ocrx_word' id='word_1_113' title='bbox 550 2132 667 2179; x_wconf 88' lang='lat' dir='ltr'><strong>extunc</strong></span> <span class='ocrx_word' id='word_1_114' title='bbox 692 2119 842 2199; x_wconf 91' lang='lat' dir='ltr'><strong>quitquid</strong></span> <span class='ocrx_word' id='word_1_115' title='bbox 858 2117 921 2198; x_wconf 86' lang='lat' dir='ltr'><strong>jam</strong></span> <span class='ocrx_word' id='word_1_116' title='bbox 943 2119 1049 2180; x_wconf 88' lang='lat' dir='ltr'><strong>eidem</strong></span> <span class='ocrx_word' id='word_1_117' title='bbox 1074 2119 1114 2180; x_wconf 88' lang='lat' dir='ltr'><strong>ad</strong></span> <span class='ocrx_word' id='word_1_118' title='bbox 1139 2119 1272 2180; x_wconf 91' lang='lat' dir='ltr'><strong>domum</strong></span> <span class='ocrx_word' id='word_1_119' title='bbox 1298 2118 1387 2180; x_wconf 90' lang='lat' dir='ltr'><strong>dedit</strong></span> 
     </span>
     <span class='ocr_line' id='line_1_18' title="bbox 156 2206 1387 2307; baseline 0.015 -40"><span class='ocrx_word' id='word_1_120' title='bbox 156 2206 200 2273; x_wconf 87' lang='lat' dir='ltr'><strong>illis</strong></span> <span class='ocrx_word' id='word_1_121' title='bbox 217 2225 323 2284; x_wconf 76' lang='lat' dir='ltr'><strong>carebit</strong></span> <span class='ocrx_word' id='word_1_122' title='bbox 336 2238 367 2285; x_wconf 89' lang='lat' dir='ltr'><strong>et</strong></span> <span class='ocrx_word' id='word_1_123' title='bbox 385 2224 424 2284; x_wconf 92' lang='lat' dir='ltr'><strong>de</strong></span> <span class='ocrx_word' id='word_1_124' title='bbox 449 2223 549 2285; x_wconf 92' lang='lat' dir='ltr'><strong>domo</strong></span> <span class='ocrx_word' id='word_1_125' title='bbox 567 2224 651 2285; x_wconf 86' lang='lat' dir='ltr'><strong>exire</strong></span> <span class='ocrx_word' id='word_1_126' title='bbox 670 2224 785 2286; x_wconf 87' lang='lat' dir='ltr'><strong>debeat</strong></span> <span class='ocrx_word' id='word_1_127' title='bbox 809 2225 924 2306; x_wconf 88' lang='lat' dir='ltr'><strong>etipse</strong></span> <span class='ocrx_word' id='word_1_128' title='bbox 947 2223 1071 2306; x_wconf 88' lang='lat' dir='ltr'><strong>Gaspar</strong></span> <span class='ocrx_word' id='word_1_129' title='bbox 1088 2245 1253 2307; x_wconf 83' lang='lat' dir='ltr'><strong>possessor</strong></span> <span class='ocrx_word' id='word_1_130' title='bbox 1270 2224 1387 2286; x_wconf 90' lang='lat' dir='ltr'><strong>domus</strong></span> 
     </span>
     <span class='ocr_line' id='line_1_19' title="bbox 155 2319 331 2392; baseline 0 0"><span class='ocrx_word' id='word_1_131' title='bbox 155 2319 242 2391; x_wconf 77' lang='lat' dir='ltr'><strong>neno</strong></span> <span class='ocrx_word' id='word_1_132' title='bbox 264 2330 331 2392; x_wconf 92' lang='lat' dir='ltr'><strong>erit.</strong></span> 
     </span>
    </p>
   </div>
   <div class='ocr_carea' id='block_1_5' title="bbox 371 2530 1147 2605">
    <p class='ocr_par' dir='ltr' id='par_1_7' title="bbox 371 2530 1147 2605">
     <span class='ocr_line' id='line_1_20' title="bbox 371 2530 1147 2605; baseline 0 -3"><span class='ocrx_word' id='word_1_133' title='bbox 371 2530 467 2604; x_wconf 85' lang='lat' dir='ltr'><strong>Feria</strong></span> <span class='ocrx_word' id='word_1_134' title='bbox 496 2540 595 2604; x_wconf 85' lang='lat' dir='ltr'><strong>sexta</strong></span> <span class='ocrx_word' id='word_1_135' title='bbox 623 2531 656 2603; x_wconf 92' lang='lat' dir='ltr'><strong>in</strong></span> <span class='ocrx_word' id='word_1_136' title='bbox 685 2533 770 2604; x_wconf 84' lang='lat' dir='ltr'><strong>festo</strong></span> <span class='ocrx_word' id='word_1_137' title='bbox 800 2534 841 2604; x_wconf 91' lang='lat' dir='ltr'><strong>ad</strong></span> <span class='ocrx_word' id='word_1_138' title='bbox 871 2533 1013 2605; x_wconf 84' lang='lat' dir='ltr'><strong>Vincula</strong></span> <span class='ocrx_word' id='word_1_139' title='bbox 1043 2534 1147 2605; x_wconf 88' lang='lat' dir='ltr'><strong>Petri.</strong></span> 
     </span>
    </p>
   </div>
   <div class='ocr_carea' id='block_1_6' title="bbox 151 2685 1385 4273">
    <p class='ocr_par' dir='ltr' id='par_1_8' title="bbox 643 2685 856 2764">
     <span class='ocr_line' id='line_1_21' title="bbox 643 2685 856 2764; baseline 0.023 -20"><span class='ocrx_word' id='word_1_140' title='bbox 643 2690 688 2764; x_wconf 80' lang='lat'><strong>(1.</strong></span> <span class='ocrx_word' id='word_1_141' title='bbox 712 2685 856 2763; x_wconf 73' lang='lat' dir='ltr'><strong>augusti).</strong></span> 
     </span>
    </p>

    <p class='ocr_par' dir='ltr' id='par_1_9' title="bbox 151 2805 1385 4273">
     <span class='ocr_line' id='line_1_22' title="bbox 231 2805 1385 2890; baseline 0 -21"><span class='ocrx_word' id='word_1_142' title='bbox 231 2805 319 2880; x_wconf 88' lang='lat' dir='ltr'><strong>Quod</strong></span> <span class='ocrx_word' id='word_1_143' title='bbox 344 2809 420 2890; x_wconf 92' lang='lat' dir='ltr'><strong>quia</strong></span> <span class='ocrx_word' id='word_1_144' title='bbox 453 2808 585 2890; x_wconf 89' lang='lat' dir='ltr'><strong>quidam</strong></span> <span class='ocrx_word' id='word_1_145' title='bbox 620 2809 746 2870; x_wconf 89' lang='lat' dir='ltr'><strong>Blasius</strong></span> <span class='ocrx_word' id='word_1_146' title='bbox 776 2807 862 2870; x_wconf 90' lang='lat' dir='ltr'><strong>filius</strong></span> <span class='ocrx_word' id='word_1_147' title='bbox 893 2807 1031 2870; x_wconf 89' lang='lat' dir='ltr'><strong>condam</strong></span> <span class='ocrx_word' id='word_1_148' title='bbox 1057 2807 1236 2870; x_wconf 90' lang='lat' dir='ltr'><strong>Clementis</strong></span> <span class='ocrx_word' id='word_1_149' title='bbox 1260 2809 1385 2870; x_wconf 85' lang='lat' dir='ltr'><strong>Plawar</strong></span> 
     </span>
     <span class='ocr_line' id='line_1_23' title="bbox 153 2893 1384 2994; baseline 0.001 -18"><span class='ocrx_word' id='word_1_150' title='bbox 153 2893 240 2988; x_wconf 51' lang='lat' dir='ltr'><strong>dicius,</strong></span> <span class='ocrx_word' id='word_1_151' title='bbox 260 2916 297 2977; x_wconf 91' lang='lat' dir='ltr'><strong>de</strong></span> <span class='ocrx_word' id='word_1_152' title='bbox 320 2932 428 2978; x_wconf 89' lang='lat' dir='ltr'><strong>sancta</strong></span> <span class='ocrx_word' id='word_1_153' title='bbox 448 2916 543 2978; x_wconf 88' lang='lat' dir='ltr'><strong>Clara</strong></span> <span class='ocrx_word' id='word_1_154' title='bbox 569 2916 649 2978; x_wconf 91' lang='lat' dir='ltr'><strong>ultra</strong></span> <span class='ocrx_word' id='word_1_155' title='bbox 668 2917 798 2977; x_wconf 87' lang='lat' dir='ltr'><strong>Zawam</strong></span> <span class='ocrx_word' id='word_1_156' title='bbox 817 2936 1032 2994; x_wconf 91' lang='lat' dir='ltr'><strong>commorans,</strong></span> <span class='ocrx_word' id='word_1_157' title='bbox 1057 2916 1088 2976; x_wconf 93' lang='lat' dir='ltr'><strong>in</strong></span> <span class='ocrx_word' id='word_1_158' title='bbox 1107 2913 1278 2977; x_wconf 84' lang='lat' dir='ltr'><strong>manifesto</strong></span> <span class='ocrx_word' id='word_1_159' title='bbox 1295 2914 1384 2977; x_wconf 83' lang='lat' dir='ltr'><strong>furti-</strong></span> 
     </span>
     <span class='ocr_line' id='line_1_24' title="bbox 151 2999 1384 3101; baseline 0.021 -44"><span class='ocrx_word' id='word_1_160' title='bbox 151 2999 214 3071; x_wconf 90' lang='lat' dir='ltr'><strong>ciuio</strong></span> <span class='ocrx_word' id='word_1_161' title='bbox 234 3022 441 3099; x_wconf 88' lang='lat' dir='ltr'><strong>quorumdam</strong></span> <span class='ocrx_word' id='word_1_162' title='bbox 466 3023 733 3084; x_wconf 86' lang='lat' dir='ltr'><strong>vestimentorum</strong></span> <span class='ocrx_word' id='word_1_163' title='bbox 759 3023 966 3083; x_wconf 84' lang='lat' dir='ltr'><strong>muliebrium</strong></span> <span class='ocrx_word' id='word_1_164' title='bbox 992 3021 1143 3083; x_wconf 86' lang='lat' dir='ltr'><strong>videlicet</strong></span> <span class='ocrx_word' id='word_1_165' title='bbox 1168 3022 1384 3101; x_wconf 68' lang='lat' dir='ltr'><strong>cambiarum,</strong></span> 
     </span>
     <span class='ocr_line' id='line_1_25' title="bbox 151 3107 1384 3209; baseline 0.002 -23"><span class='ocrx_word' id='word_1_166' title='bbox 151 3107 197 3172; x_wconf 63' lang='lat'><strong>¹²¹⁸</strong></span> <span class='ocrx_word' id='word_1_167' title='bbox 216 3137 240 3185; x_wconf 90' lang='lat' dir='ltr'><strong>et</strong></span> <span class='ocrx_word' id='word_1_168' title='bbox 259 3128 385 3208; x_wconf 81' lang='lat' dir='ltr'><strong>ligonis,</strong></span> <span class='ocrx_word' id='word_1_169' title='bbox 408 3147 471 3209; x_wconf 89' lang='lat' dir='ltr'><strong>quc</strong></span> <span class='ocrx_word' id='word_1_170' title='bbox 504 3129 588 3189; x_wconf 91' lang='lat' dir='ltr'><strong>bona</strong></span> <span class='ocrx_word' id='word_1_171' title='bbox 621 3126 752 3189; x_wconf 87' lang='lat' dir='ltr'><strong>luerunt</strong></span> <span class='ocrx_word' id='word_1_172' title='bbox 777 3127 909 3208; x_wconf 82' lang='lat' dir='ltr'><strong>Georgii</strong></span> <span class='ocrx_word' id='word_1_173' title='bbox 942 3128 1083 3209; x_wconf 80' lang='lat' dir='ltr'><strong>agricole</strong></span> <span class='ocrx_word' id='word_1_174' title='bbox 1117 3128 1260 3189; x_wconf 90' lang='lat' dir='ltr'><strong>concivis</strong></span> <span class='ocrx_word' id='word_1_175' title='bbox 1285 3128 1384 3189; x_wconf 91' lang='lat' dir='ltr'><strong>nostri</strong></span> 
     </span>
     <span class='ocr_line' id='line_1_26' title="bbox 152 3219 1385 3316; baseline 0.001 -23"><span class='ocrx_word' id='word_1_176' title='bbox 152 3219 216 3284; x_wconf 60' lang='lat' dir='ltr'><strong>‘sin</strong></span> <span class='ocrx_word' id='word_1_177' title='bbox 236 3235 454 3296; x_wconf 91' lang='lat' dir='ltr'><strong>consistorium</strong></span> <span class='ocrx_word' id='word_1_178' title='bbox 484 3248 628 3296; x_wconf 88' lang='lat' dir='ltr'><strong>nostrum</strong></span> <span class='ocrx_word' id='word_1_179' title='bbox 662 3235 791 3316; x_wconf 90' lang='lat' dir='ltr'><strong>publice</strong></span> <span class='ocrx_word' id='word_1_180' title='bbox 824 3247 959 3316; x_wconf 87' lang='lat' dir='ltr'><strong>portata,</strong></span> <span class='ocrx_word' id='word_1_181' title='bbox 985 3235 1070 3295; x_wconf 90' lang='lat' dir='ltr'><strong>etin</strong></span> <span class='ocrx_word' id='word_1_182' title='bbox 1103 3234 1273 3295; x_wconf 90' lang='lat' dir='ltr'><strong>tormentis</strong></span> <span class='ocrx_word' id='word_1_183' title='bbox 1297 3233 1385 3295; x_wconf 90' lang='lat' dir='ltr'><strong>idem</strong></span> 
     </span>
     <span class='ocr_line' id='line_1_27' title="bbox 152 3316 1384 3423; baseline 0.014 -40"><span class='ocrx_word' id='word_1_184' title='bbox 152 3316 246 3397; x_wconf 83' lang='lat' dir='ltr'><strong>Blasius</strong></span> <span class='ocrx_word' id='word_1_185' title='bbox 265 3338 365 3403; x_wconf 81' lang='lat' dir='ltr'><strong>lassus</strong></span> <span class='ocrx_word' id='word_1_186' title='bbox 389 3356 436 3403; x_wconf 89' lang='lat' dir='ltr'><strong>est</strong></span> <span class='ocrx_word' id='word_1_187' title='bbox 459 3362 515 3423; x_wconf 91' lang='lat' dir='ltr'><strong>per</strong></span> <span class='ocrx_word' id='word_1_188' title='bbox 540 3361 613 3402; x_wconf 93' lang='lat' dir='ltr'><strong>eum</strong></span> <span class='ocrx_word' id='word_1_189' title='bbox 644 3341 712 3422; x_wconf 88' lang='lat' dir='ltr'><strong>ipsa</strong></span> <span class='ocrx_word' id='word_1_190' title='bbox 744 3343 828 3402; x_wconf 94' lang='lat' dir='ltr'><strong>bona</strong></span> <span class='ocrx_word' id='word_1_191' title='bbox 854 3342 1025 3418; x_wconf 87' lang='lat' dir='ltr'><strong>subtracta,</strong></span> <span class='ocrx_word' id='word_1_192' title='bbox 1056 3338 1150 3420; x_wconf 89' lang='lat' dir='ltr'><strong>jurati</strong></span> <span class='ocrx_word' id='word_1_193' title='bbox 1175 3338 1384 3419; x_wconf 85' lang='lat' dir='ltr'><strong>adjudicave-</strong></span> 
     </span>
     <span class='ocr_line' id='line_1_28' title="bbox 152 3442 1383 3530; baseline -0.006 -18"><span class='ocrx_word' id='word_1_194' title='bbox 152 3442 214 3512; x_wconf 67' lang='lat' dir='ltr'><strong>¹¹¹¹¹¹s</strong></span> <span class='ocrx_word' id='word_1_195' title='bbox 231 3447 308 3524; x_wconf 85' lang='lat' dir='ltr'><strong>quod</strong></span> <span class='ocrx_word' id='word_1_196' title='bbox 325 3449 393 3529; x_wconf 89' lang='lat' dir='ltr'><strong>ipse</strong></span> <span class='ocrx_word' id='word_1_197' title='bbox 417 3461 547 3530; x_wconf 90' lang='lat' dir='ltr'><strong>propter</strong></span> <span class='ocrx_word' id='word_1_198' title='bbox 571 3447 674 3508; x_wconf 90' lang='lat' dir='ltr'><strong>scelus</strong></span> <span class='ocrx_word' id='word_1_199' title='bbox 691 3467 785 3508; x_wconf 88' lang='lat' dir='ltr'><strong>suum</strong></span> <span class='ocrx_word' id='word_1_200' title='bbox 811 3447 927 3528; x_wconf 88' lang='lat' dir='ltr'><strong>expelli</strong></span> <span class='ocrx_word' id='word_1_201' title='bbox 946 3447 1041 3508; x_wconf 91' lang='lat' dir='ltr'><strong>debet</strong></span> <span class='ocrx_word' id='word_1_202' title='bbox 1066 3466 1103 3506; x_wconf 83' lang='lat' dir='ltr'><strong>ex</strong></span> <span class='ocrx_word' id='word_1_203' title='bbox 1127 3445 1289 3506; x_wconf 89' lang='lat' dir='ltr'><strong>territorio</strong></span> <span class='ocrx_word' id='word_1_204' title='bbox 1306 3445 1383 3505; x_wconf 92' lang='lat' dir='ltr'><strong>civi·</strong></span> 
     </span>
     <span class='ocr_line' id='line_1_29' title="bbox 153 3536 1385 3633; baseline 0.016 -42"><span class='ocrx_word' id='word_1_205' title='bbox 153 3536 206 3597; x_wconf 84' lang='lat' dir='ltr'><strong>tatis</strong></span> <span class='ocrx_word' id='word_1_206' title='bbox 224 3566 285 3613; x_wconf 88' lang='lat' dir='ltr'><strong>cum</strong></span> <span class='ocrx_word' id='word_1_207' title='bbox 309 3554 450 3614; x_wconf 89' lang='lat' dir='ltr'><strong>bacculis</strong></span> <span class='ocrx_word' id='word_1_208' title='bbox 476 3567 506 3614; x_wconf 88' lang='lat' dir='ltr'><strong>et</strong></span> <span class='ocrx_word' id='word_1_209' title='bbox 530 3573 698 3633; x_wconf 90' lang='lat' dir='ltr'><strong>nunquam</strong></span> <span class='ocrx_word' id='word_1_210' title='bbox 725 3553 756 3613; x_wconf 92' lang='lat' dir='ltr'><strong>in</strong></span> <span class='ocrx_word' id='word_1_211' title='bbox 781 3553 977 3613; x_wconf 89' lang='lat' dir='ltr'><strong>territorium</strong></span> <span class='ocrx_word' id='word_1_212' title='bbox 1004 3552 1140 3613; x_wconf 88' lang='lat' dir='ltr'><strong>civitatis</strong></span> <span class='ocrx_word' id='word_1_213' title='bbox 1165 3570 1221 3633; x_wconf 92' lang='lat' dir='ltr'><strong>per</strong></span> <span class='ocrx_word' id='word_1_214' title='bbox 1245 3551 1385 3632; x_wconf 89' lang='lat' dir='ltr'><strong>amplius</strong></span> 
     </span>
     <span class='ocr_line' id='line_1_30' title="bbox 154 3645 1383 3739; baseline -0.001 -22"><span class='ocrx_word' id='word_1_215' title='bbox 154 3645 233 3712; x_wconf 67' lang='lat' dir='ltr'><strong>venire</strong></span> <span class='ocrx_word' id='word_1_216' title='bbox 253 3659 376 3737; x_wconf 87' lang='lat' dir='ltr'><strong>debeat,</strong></span> <span class='ocrx_word' id='word_1_217' title='bbox 407 3661 432 3719; x_wconf 89' lang='lat' dir='ltr'><strong>si</strong></span> <span class='ocrx_word' id='word_1_218' title='bbox 461 3679 538 3720; x_wconf 91' lang='lat' dir='ltr'><strong>vero</strong></span> <span class='ocrx_word' id='word_1_219' title='bbox 560 3659 811 3739; x_wconf 88' lang='lat' dir='ltr'><strong>comprehensus</strong></span> <span class='ocrx_word' id='word_1_220' title='bbox 845 3657 949 3735; x_wconf 88' lang='lat' dir='ltr'><strong>fuerit,</strong></span> <span class='ocrx_word' id='word_1_221' title='bbox 982 3673 1058 3718; x_wconf 90' lang='lat' dir='ltr'><strong>tunc</strong></span> <span class='ocrx_word' id='word_1_222' title='bbox 1089 3657 1241 3738; x_wconf 85' lang='lat' dir='ltr'><strong>suspendi</strong></span> <span class='ocrx_word' id='word_1_223' title='bbox 1266 3655 1383 3717; x_wconf 91' lang='lat' dir='ltr'><strong>debeat</strong></span> 
     </span>
     <span class='ocr_line' id='line_1_31' title="bbox 153 3759 1381 3844; baseline 0 -21"><span class='ocrx_word' id='word_1_224' title='bbox 153 3759 425 3828; x_wconf 61' lang='lat' dir='ltr'><strong>imminuebatur.</strong></span> <span class='ocrx_word' id='word_1_225' title='bbox 459 3766 605 3826; x_wconf 85' lang='lat' dir='ltr'><strong>Thomas</strong></span> <span class='ocrx_word' id='word_1_226' title='bbox 635 3784 711 3826; x_wconf 88' lang='lat' dir='ltr'><strong>vero</strong></span> <span class='ocrx_word' id='word_1_227' title='bbox 744 3765 984 3825; x_wconf 90' lang='lat' dir='ltr'><strong>molendinator</strong></span> <span class='ocrx_word' id='word_1_228' title='bbox 1016 3784 1111 3844; x_wconf 90' lang='lat' dir='ltr'><strong>quem</strong></span> <span class='ocrx_word' id='word_1_229' title='bbox 1137 3764 1261 3824; x_wconf 90' lang='lat' dir='ltr'><strong>socium</strong></span> <span class='ocrx_word' id='word_1_230' title='bbox 1288 3782 1381 3824; x_wconf 90' lang='lat' dir='ltr'><strong>suum</strong></span> 
     </span>
     <span class='ocr_line' id='line_1_32' title="bbox 154 3865 1381 3953; baseline 0.017 -44"><span class='ocrx_word' id='word_1_231' title='bbox 154 3865 275 3931; x_wconf 76' lang='lat' dir='ltr'><strong>asserebat</strong></span> <span class='ocrx_word' id='word_1_232' title='bbox 305 3874 337 3934; x_wconf 92' lang='lat' dir='ltr'><strong>in</strong></span> <span class='ocrx_word' id='word_1_233' title='bbox 369 3869 541 3934; x_wconf 90' lang='lat' dir='ltr'><strong>forticiniis</strong></span> <span class='ocrx_word' id='word_1_234' title='bbox 573 3870 702 3953; x_wconf 86' lang='lat' dir='ltr'><strong>prelatis</strong></span> <span class='ocrx_word' id='word_1_235' title='bbox 734 3870 849 3949; x_wconf 88' lang='lat' dir='ltr'><strong>luisse,</strong></span> <span class='ocrx_word' id='word_1_236' title='bbox 882 3872 921 3930; x_wconf 93' lang='lat' dir='ltr'><strong>ad</strong></span> <span class='ocrx_word' id='word_1_237' title='bbox 955 3871 1269 3951; x_wconf 90' lang='lat' dir='ltr'><strong>quintumdecimum</strong></span> <span class='ocrx_word' id='word_1_238' title='bbox 1295 3869 1381 3930; x_wconf 88' lang='lat' dir='ltr'><strong>diem</strong></span> 
     </span>
     <span class='ocr_line' id='line_1_33' title="bbox 154 3961 1383 4065; baseline 0.018 -51"><span class='ocrx_word' id='word_1_239' title='bbox 154 3961 297 4065; x_wconf 71' lang='lat' dir='ltr'><strong>terciusntct</strong></span> <span class='ocrx_word' id='word_1_240' title='bbox 320 3979 424 4059; x_wconf 90' lang='lat' dir='ltr'><strong>jurare</strong></span> <span class='ocrx_word' id='word_1_241' title='bbox 450 3976 581 4039; x_wconf 89' lang='lat' dir='ltr'><strong>debebit</strong></span> <span class='ocrx_word' id='word_1_242' title='bbox 605 3977 692 4058; x_wconf 94' lang='lat' dir='ltr'><strong>quod</strong></span> <span class='ocrx_word' id='word_1_243' title='bbox 719 3977 817 4038; x_wconf 88' lang='lat' dir='ltr'><strong>nichil</strong></span> <span class='ocrx_word' id='word_1_244' title='bbox 847 3977 974 4058; x_wconf 88' lang='lat' dir='ltr'><strong>penitus</strong></span> <span class='ocrx_word' id='word_1_245' title='bbox 998 3977 1145 4038; x_wconf 92' lang='lat' dir='ltr'><strong>conscius</strong></span> <span class='ocrx_word' id='word_1_246' title='bbox 1169 3991 1216 4036; x_wconf 90' lang='lat' dir='ltr'><strong>est</strong></span> <span class='ocrx_word' id='word_1_247' title='bbox 1240 3975 1272 4036; x_wconf 92' lang='lat' dir='ltr'><strong>in</strong></span> <span class='ocrx_word' id='word_1_248' title='bbox 1298 3974 1383 4036; x_wconf 82' lang='lat' dir='ltr'><strong>furto</strong></span> 
     </span>
     <span class='ocr_line' id='line_1_34' title="bbox 155 4057 1381 4163; baseline 0.022 -49"><span class='ocrx_word' id='word_1_249' title='bbox 155 4057 197 4121; x_wconf 86' lang='lat' dir='ltr'><strong>llo</strong></span> <span class='ocrx_word' id='word_1_250' title='bbox 216 4091 302 4163; x_wconf 85' lang='lat' dir='ltr'><strong>neque</strong></span> <span class='ocrx_word' id='word_1_251' title='bbox 326 4085 434 4146; x_wconf 90' lang='lat' dir='ltr'><strong>socius</strong></span> <span class='ocrx_word' id='word_1_252' title='bbox 457 4104 533 4144; x_wconf 88' lang='lat' dir='ltr'><strong>suus</strong></span> <span class='ocrx_word' id='word_1_253' title='bbox 558 4082 635 4159; x_wconf 88' lang='lat' dir='ltr'><strong>luit;</strong></span> <span class='ocrx_word' id='word_1_254' title='bbox 660 4085 684 4144; x_wconf 88' lang='lat' dir='ltr'><strong>si</strong></span> <span class='ocrx_word' id='word_1_255' title='bbox 715 4083 843 4163; x_wconf 80' lang='lat' dir='ltr'><strong>jurabit,</strong></span> <span class='ocrx_word' id='word_1_256' title='bbox 868 4083 950 4143; x_wconf 90' lang='lat' dir='ltr'><strong>liber</strong></span> <span class='ocrx_word' id='word_1_257' title='bbox 982 4082 1050 4158; x_wconf 89' lang='lat' dir='ltr'><strong>erit,</strong></span> <span class='ocrx_word' id='word_1_258' title='bbox 1076 4082 1100 4142; x_wconf 91' lang='lat' dir='ltr'><strong>si</strong></span> <span class='ocrx_word' id='word_1_259' title='bbox 1126 4101 1203 4142; x_wconf 90' lang='lat' dir='ltr'><strong>vero</strong></span> <span class='ocrx_word' id='word_1_260' title='bbox 1228 4101 1304 4159; x_wconf 89' lang='lat' dir='ltr'><strong>non,</strong></span> <span class='ocrx_word' id='word_1_261' title='bbox 1330 4101 1381 4142; x_wconf 84' lang='lat' dir='ltr'><strong>ex·</strong></span> 
     </span>
     <span class='ocr_line' id='line_1_35' title="bbox 153 4174 1382 4273; baseline 0.002 -26"><span class='ocrx_word' id='word_1_262' title='bbox 153 4174 208 4231; x_wconf 66' lang='lat'><strong>¹⁰⁰⁶</strong></span> <span class='ocrx_word' id='word_1_263' title='bbox 219 4198 319 4258; x_wconf 81' lang='lat' dir='ltr'><strong>penam</strong></span> <span class='ocrx_word' id='word_1_264' title='bbox 337 4210 436 4272; x_wconf 89' lang='lat' dir='ltr'><strong>quam</strong></span> <span class='ocrx_word' id='word_1_265' title='bbox 450 4189 592 4273; x_wconf 84' lang='lat' dir='ltr'><strong>prefatus</strong></span> <span class='ocrx_word' id='word_1_266' title='bbox 606 4190 730 4251; x_wconf 90' lang='lat' dir='ltr'><strong>Blasius</strong></span> <span class='ocrx_word' id='word_1_267' title='bbox 743 4190 879 4271; x_wconf 90' lang='lat' dir='ltr'><strong>adeptus</strong></span> <span class='ocrx_word' id='word_1_268' title='bbox 892 4204 937 4250; x_wconf 87' lang='lat' dir='ltr'><strong>est</strong></span> <span class='ocrx_word' id='word_1_269' title='bbox 950 4189 1048 4249; x_wconf 91' lang='lat' dir='ltr'><strong>simili</strong></span> <span class='ocrx_word' id='word_1_270' title='bbox 1063 4189 1162 4250; x_wconf 92' lang='lat' dir='ltr'><strong>modo</strong></span> <span class='ocrx_word' id='word_1_271' title='bbox 1176 4187 1241 4270; x_wconf 91' lang='lat' dir='ltr'><strong>pati</strong></span> <span class='ocrx_word' id='word_1_272' title='bbox 1255 4187 1382 4250; x_wconf 89' lang='lat' dir='ltr'><strong>debeat.</strong></span> 
     </span>
    </p>
   </div>
   <div class='ocr_carea' id='block_1_7' title="bbox 369 4388 1126 4480">
    <p class='ocr_par' dir='ltr' id='par_1_10' title="bbox 369 4388 1126 4480">
     <span class='ocr_line' id='line_1_36' title="bbox 369 4388 1126 4480; baseline -0.001 -18"><span class='ocrx_word' id='word_1_273' title='bbox 369 4388 467 4463; x_wconf 80' lang='lat' dir='ltr'><strong>lesia</strong></span> <span class='ocrx_word' id='word_1_274' title='bbox 496 4400 595 4464; x_wconf 85' lang='lat' dir='ltr'><strong>sexta</strong></span> <span class='ocrx_word' id='word_1_275' title='bbox 625 4394 657 4461; x_wconf 92' lang='lat' dir='ltr'><strong>in</strong></span> <span class='ocrx_word' id='word_1_276' title='bbox 687 4392 836 4480; x_wconf 84' lang='lat' dir='ltr'><strong>profesto</strong></span> <span class='ocrx_word' id='word_1_277' title='bbox 864 4391 955 4462; x_wconf 89' lang='lat' dir='ltr'><strong>beati</strong></span> <span class='ocrx_word' id='word_1_278' title='bbox 984 4390 1126 4463; x_wconf 86' lang='lat' dir='ltr'><strong>Nicolai.</strong></span> 
     </span>
    </p>
   </div>
   <div class='ocr_carea' id='block_1_8' title="bbox 627 4544 867 4622">
    <p class='ocr_par' dir='ltr' id='par_1_11' title="bbox 627 4544 867 4622">
     <span class='ocr_line' id='line_1_37' title="bbox 627 4544 867 4622; baseline 0.013 -20"><span class='ocrx_word' id='word_1_279' title='bbox 627 4546 666 4622; x_wconf 80' lang='lat'><strong>(5.</strong></span> <span class='ocrx_word' id='word_1_280' title='bbox 693 4544 867 4620; x_wconf 84' lang='lat' dir='ltr'><strong>decembris).</strong></span> 
     </span>
    </p>
   </div>
   <div class='ocr_carea' id='block_1_9' title="bbox 147 4658 1390 5070">
    <p class='ocr_par' dir='ltr' id='par_1_12' title="bbox 147 4658 1390 5070">
     <span class='ocr_line' id='line_1_38' title="bbox 231 4658 1381 4748; baseline 0 -25"><span class='ocrx_word' id='word_1_281' title='bbox 231 4658 326 4729; x_wconf 84' lang='lat' dir='ltr'><strong>Causa</strong></span> <span class='ocrx_word' id='word_1_282' title='bbox 352 4668 435 4729; x_wconf 88' lang='lat' dir='ltr'><strong>inter</strong></span> <span class='ocrx_word' id='word_1_283' title='bbox 458 4667 667 4728; x_wconf 88' lang='lat' dir='ltr'><strong>Valentinum</strong></span> <span class='ocrx_word' id='word_1_284' title='bbox 700 4666 893 4748; x_wconf 86' lang='lat' dir='ltr'><strong>freniparem</strong></span> <span class='ocrx_word' id='word_1_285' title='bbox 926 4681 956 4728; x_wconf 90' lang='lat' dir='ltr'><strong>et</strong></span> <span class='ocrx_word' id='word_1_286' title='bbox 981 4666 1086 4727; x_wconf 81' lang='lat' dir='ltr'><strong>Elium</strong></span> <span class='ocrx_word' id='word_1_287' title='bbox 1112 4664 1260 4726; x_wconf 89' lang='lat' dir='ltr'><strong>similiter</strong></span> <span class='ocrx_word' id='word_1_288' title='bbox 1285 4662 1381 4724; x_wconf 85' lang='lat' dir='ltr'><strong>ireni-</strong></span> 
     </span>
     <span class='ocr_line' id='line_1_39' title="bbox 147 4759 1380 4859; baseline -0.002 -27"><span class='ocrx_word' id='word_1_289' title='bbox 147 4759 233 4859; x_wconf 53' lang='lat' dir='ltr'><strong>PJ‘VV</strong></span> <span class='ocrx_word' id='word_1_290' title='bbox 253 4776 377 4837; x_wconf 88' lang='lat' dir='ltr'><strong>racione</strong></span> <span class='ocrx_word' id='word_1_291' title='bbox 402 4790 433 4836; x_wconf 92' lang='lat' dir='ltr'><strong>et</strong></span> <span class='ocrx_word' id='word_1_292' title='bbox 447 4787 590 4855; x_wconf 84' lang='lat' dir='ltr'><strong>pretextu</strong></span> <span class='ocrx_word' id='word_1_293' title='bbox 615 4775 782 4834; x_wconf 90' lang='lat' dir='ltr'><strong>cuiusdam</strong></span> <span class='ocrx_word' id='word_1_294' title='bbox 800 4775 958 4855; x_wconf 87' lang='lat' dir='ltr'><strong>potencie,</strong></span> <span class='ocrx_word' id='word_1_295' title='bbox 984 4773 1039 4834; x_wconf 93' lang='lat' dir='ltr'><strong>ubi</strong></span> <span class='ocrx_word' id='word_1_296' title='bbox 1066 4773 1133 4854; x_wconf 89' lang='lat' dir='ltr'><strong>ipse</strong></span> <span class='ocrx_word' id='word_1_297' title='bbox 1160 4771 1246 4832; x_wconf 86' lang='lat' dir='ltr'><strong>Elias</strong></span> <span class='ocrx_word' id='word_1_298' title='bbox 1270 4783 1380 4831; x_wconf 90' lang='lat' dir='ltr'><strong>contra</strong></span> 
     </span>
     <span class='ocr_line' id='line_1_40' title="bbox 147 4845 1383 4962; baseline -0.006 -18"><span class='ocrx_word' id='word_1_299' title='bbox 147 4845 243 4933; x_wconf 57' lang='lat' dir='ltr'><strong>dmum</strong></span> <span class='ocrx_word' id='word_1_300' title='bbox 271 4879 478 4944; x_wconf 87' lang='lat' dir='ltr'><strong>Valentinum</strong></span> <span class='ocrx_word' id='word_1_301' title='bbox 512 4881 641 4942; x_wconf 89' lang='lat' dir='ltr'><strong>dicebat</strong></span> <span class='ocrx_word' id='word_1_302' title='bbox 672 4881 759 4962; x_wconf 93' lang='lat' dir='ltr'><strong>quod</strong></span> <span class='ocrx_word' id='word_1_303' title='bbox 793 4881 951 4941; x_wconf 88' lang='lat' dir='ltr'><strong>violenter</strong></span> <span class='ocrx_word' id='word_1_304' title='bbox 975 4893 1006 4940; x_wconf 90' lang='lat' dir='ltr'><strong>et</strong></span> <span class='ocrx_word' id='word_1_305' title='bbox 1038 4877 1185 4961; x_wconf 89' lang='lat' dir='ltr'><strong>potencia</strong></span> <span class='ocrx_word' id='word_1_306' title='bbox 1218 4875 1383 4938; x_wconf 90' lang='lat' dir='ltr'><strong>mediante</strong></span> 
     </span>
     <span class='ocr_line' id='line_1_41' title="bbox 147 4970 1390 5070; baseline -0.002 -24"><span class='ocrx_word' id='word_1_307' title='bbox 147 4970 299 5049; x_wconf 61' lang='lat' dir='ltr'><strong>extruisset</strong></span> <span class='ocrx_word' id='word_1_308' title='bbox 322 4988 363 5049; x_wconf 86' lang='lat' dir='ltr'><strong>de</strong></span> <span class='ocrx_word' id='word_1_309' title='bbox 388 4986 532 5049; x_wconf 82' lang='lat' dir='ltr'><strong>stacione</strong></span> <span class='ocrx_word' id='word_1_310' title='bbox 565 5006 621 5047; x_wconf 89' lang='lat' dir='ltr'><strong>sua</strong></span> <span class='ocrx_word' id='word_1_311' title='bbox 653 4986 826 5066; x_wconf 85' lang='lat' dir='ltr'><strong>quemdam</strong></span> <span class='ocrx_word' id='word_1_312' title='bbox 860 4985 1040 5048; x_wconf 89' lang='lat' dir='ltr'><strong>thurcicum</strong></span> <span class='ocrx_word' id='word_1_313' title='bbox 1074 4984 1207 5070; x_wconf 67' lang='lat' dir='ltr'><strong>(tapete)</strong></span> <span class='ocrx_word' id='word_1_314' title='bbox 1232 4995 1265 5048; x_wconf 88' lang='lat' dir='ltr'><strong>et</strong></span> <span class='ocrx_word' id='word_1_315' title='bbox 1287 4996 1390 5045; x_wconf 75' lang='lat' dir='ltr'><strong>extra·</strong></span> 
     </span>
    </p>
   </div>
   <div class='ocr_carea' id='block_1_10' title="bbox 1291 5098 1309 5164">
    <p class='ocr_par' dir='ltr' id='par_1_13' title="bbox 1291 5098 1309 5164">
     <span class='ocr_line' id='line_1_42' title="bbox 1291 5098 1309 5164; baseline 0 0"><span class='ocrx_word' id='word_1_316' title='bbox 1291 5098 1309 5164; x_wconf 87' lang='lat' dir='ltr'><strong>&#39;l</strong></span> 
     </span>
    </p>
   </div>
   <div class='ocr_carea' id='block_1_11' title="bbox 0 0 1576 5356">
    <p class='ocr_par' dir='ltr' id='par_1_14' title="bbox 0 0 1576 5356">
     <span class='ocr_line' id='line_1_43' title="bbox 0 0 1576 5356; baseline 0 1"><span class='ocrx_word' id='word_1_317' title='bbox 0 0 1576 5356; x_wconf 95' lang='lat' dir='ltr'><strong> </strong></span> 
     </span>
    </p>
   </div>
  </div>
 </body>
</html>
