3142 5356
213 314 270 375 192
742 297 826 351 Anno
851 307 942 370 1430·

1107 400 1125 404 --
1134 399 1473 407 .-—.--.—--.-—.—-—-

209 526 281 567 cum
306 506 371 566 suis
394 504 601 586 pertinenciis
634 504 782 565 Emerico
815 501 882 564 filio
917 503 1043 564 Martini
1070 502 1286 564 vendiderunt
1319 517 1474 585 perpetuo

213 610 451 692 possidendam,
478 610 518 670 ita
544 624 661 684 tamen,
687 610 773 689 quod
798 608 939 690 prelatus
957 609 1124 669 Emericus
1148 621 1203 669 aut
1220 607 1320 689 ipsius
1344 607 1478 673 heredes

210 737 265 780 seu
290 736 490 778 successores
512 717 611 798 ipsius
629 717 745 776 domus
762 736 820 797 pro
838 730 983 796 tempore
1001 734 1210 797 possessores,
1234 715 1372 795 singulis
1388 716 1479 774 annis

210 824 387 885 decadem
421 822 521 884 domo
546 837 652 883 nostre
689 822 911 882 communitati
945 821 1089 882 medium
1123 820 1191 882 flor.
1224 821 1293 882 auri
1327 835 1359 881 et
1390 820 1478 881 dacia

211 944 360 990 consveta
386 929 462 990 dare
486 928 682 990 tedebuntur
707 942 738 989 et
762 928 1007 989 amministrare.

279 1151 358 1221 item
388 1149 473 1219 laria
503 1158 599 1218 sexta
630 1147 783 1235 proxima
812 1159 887 1237 post
917 1148 1038 1218 festum
1067 1146 1300 1218 conversionis
1328 1148 1419 1218 beati

701 1271 797 1342 Pauli
826 1273 982 1359 apostoli.

720 1438 780 1502 (27.
796 1427 961 1499 januarii).

320 1566 396 1627 Item
422 1565 564 1626 Briccius
597 1566 719 1646 pridem
753 1564 850 1640 judex
878 1565 963 1626 filius
989 1565 1152 1626 Benedicti
1187 1565 1329 1626 concivis
1362 1580 1483 1643 noster,

213 1675 377 1735 universas
400 1673 627 1755 possessiones,
651 1671 801 1733 videlicet
835 1672 950 1733 domos
971 1685 1035 1732 tam
1071 1686 1211 1732 muratas
1235 1691 1332 1752 quam
1358 1672 1484 1752 ligneas

213 1795 243 1840 et
267 1780 441 1840 stacionem
478 1797 550 1839 cum
583 1779 740 1838 universis
773 1798 881 1840 earum
915 1778 1131 1859 pertinenciis,
1163 1777 1420 1859 suppellectibus
1453 1795 1484 1838 et

212 1886 284 1947 aliis
308 1885 500 1946 utilitatibus
538 1885 568 1944 in
594 1885 694 1945 literis
719 1885 975 1966 privilegialibus
1002 1883 1201 1966 specificatis,
1226 1903 1289 1965 que
1315 1883 1484 1946 Johannes

212 1993 333 2074 juratus
357 1990 441 2052 filius
467 1991 599 2052 Peronis
629 1991 795 2072 privignus
820 1991 919 2071 ipsius
951 1990 1064 2051 Briccii
1090 1990 1206 2069 judicis
1237 1990 1345 2051 eidem
1371 1990 1479 2052 litera·

213 2100 295 2160 torie
319 2098 505 2175 donaverat,
531 2097 589 2177 ipsi
616 2096 753 2157 Johanni
781 2096 884 2175 jurato
909 2096 1077 2158 redonavit
1101 2109 1132 2156 et
1157 2096 1387 2177 repropinavit.

319 2204 395 2265 Item
423 2206 553 2265 Marena
578 2204 694 2264 mulier
712 2203 821 2264 relicta
847 2202 982 2264 condam
1010 2203 1093 2264 Petri
1112 2201 1168 2263 filii
1197 2202 1377 2281 Mikchech,
1396 2224 1485 2266 nunc

212 2331 343 2373 consors
376 2311 471 2371 lwani
506 2310 581 2370 dicti
615 2309 706 2371 Jelko
740 2309 778 2369 de
813 2311 1011 2387 Krawarslra‚
1045 2324 1075 2370 et
1110 2310 1233 2370 Blasius
1264 2308 1350 2370 lilius
1382 2311 1486 2391 ipsius

211 2416 382 2480 Mikchech
422 2415 516 2477 lrater
541 2416 616 2477 dicti
642 2416 737 2495 Petri,
770 2416 849 2476 levir
882 2416 980 2496 ipsius
1006 2417 1135 2477 Marene
1169 2416 1325 2493 mulieris,
1359 2418 1484 2478 medie·

213 2541 309 2586 tatem
335 2524 501 2585 cuiusdam
528 2524 644 2584 domus
669 2537 804 2600 mutate,
830 2522 920 2584 fundi
946 2539 976 2583 et
994 2522 1218 2585 hedificiorum
1244 2523 1275 2583 in
1302 2523 1386 2585 dicta
1405 2525 1485 2585 civi-

212 2645 274 2692 tate
300 2631 381 2691 inter
405 2629 521 2690 domos
545 2644 575 2690 et
599 2627 718 2689 fundos
743 2630 876 2710 provide
911 2630 1044 2691 domine
1068 2610 1187 2691 Vrsule
1216 2629 1371 2713 Ternyna
1398 2631 1486 2692 dicte

212 2736 321 2798 relicte
347 2735 484 2797 condam
511 2736 629 2796 Vrbani
655 2735 747 2815 jurati
774 2749 804 2796 et
836 2735 1014 2797 liberorum
1040 2736 1178 2797 condam
1204 2736 1360 2818 Stephani
1387 2736 1484 2816 jurati

213 2842 359 2904 Perstech
384 2842 459 2902 dicti
487 2840 606 2919 habite,
632 2841 771 2902 mediam
804 2841 953 2903 videlicet
978 2842 1098 2903 curiam
1133 2841 1163 2902 in
1189 2862 1222 2903 se
1247 2843 1485 2920 continentem,

212 2947 348 3029 provido
381 2948 449 3008 viro
484 2947 577 3007 Petro
612 2947 766 3028 Hungaro
797 2946 865 3009 filio
899 2949 989 3009 Pauli
1015 2968 1073 3030 pro
1106 2948 1278 3010 medietate
1310 2949 1483 3010 cuiusdam

212 3055 327 3114 domus
350 3073 416 3131 sue,
441 3073 537 3134 quam
566 3074 581 3113 a
608 3054 694 3114 Kusa
721 3052 947 3116 Gerlichichna
971 3055 1145 3116 literatorie
1176 3070 1404 3136 comparasset,
1424 3076 1483 3138 per

222 3160 355 3220 modurn
381 3160 632 3241 permutacionis
656 3160 818 3222 dedissent
842 3176 996 3243 perpetuo
1021 3161 1259 3243 possidendam.

318 3265 394 3326 ltem
421 3267 560 3346 quedam
587 3267 739 3348 particula
767 3267 899 3327 vinealis
923 3269 1015 3329 vinee
1040 3268 1178 3330 condam
1204 3268 1334 3329 domine
1360 3267 1482 3350 Elyza-

213 3370 287 3431 beth
313 3370 430 3452 Copre,
455 3372 610 3453 superior,
637 3373 668 3433 in
694 3373 853 3434 territorio
888 3374 1023 3435 civitatis
1047 3374 1130 3435 inter
1154 3375 1249 3436 aliam
1274 3374 1406 3436 vineam
1434 3377 1485 3436 in·

213 3475 362 3538 leriorem
396 3477 521 3538 Peterin
557 3478 678 3539 scilicet
709 3479 835 3540 vineam
873 3480 998 3561 providi
1032 3480 1091 3541 viri
1125 3480 1253 3542 Martini
1289 3479 1383 3560 jurati
1424 3479 1487 3543 tilii

214 3583 353 3662 Thorne,
378 3604 434 3664 per
452 3599 569 3645 metam
595 3585 665 3646 rubi
691 3605 834 3647 rosarum
853 3586 1046 3647 silvestrium
1072 3600 1156 3647 recte
1181 3605 1282 3667 usque
1307 3586 1486 3649 decursum

212 3711 294 3772 aque
320 3690 468 3772 pluvialis
500 3711 532 3751 se
557 3690 759 3752 extendendo
787 3707 963 3773 separatam
990 3707 1021 3754 et
1049 3693 1207 3771 distincta,
1240 3707 1270 3754 et
1295 3693 1360 3754 vias
1390 3714 1482 3756 com·

213 3816 326 3858 munes
350 3796 470 3874 habita,
499 3797 600 3858 Paulo
632 3798 746 3858 cultori
779 3797 846 3859 filio
880 3799 1017 3860 Emerici
1043 3799 1180 3881 patrueli
1213 3799 1312 3882 ipsius
1344 3799 1483 3861 domine

213 3903 389 3985 Elyzabeth
414 3924 451 3965 ex
476 3923 531 3965 sua
549 3906 787 3966 testamentaria
815 3905 982 3986 legacione
1007 3906 1176 3967 statuimus
1200 3921 1355 3988 perpetuo
1372 3908 1481 3989 possi·

213 4009 361 4074 dendam.

318 4116 394 4177 ltem
414 4115 532 4178 Paulus
549 4114 689 4177 carnifex
713 4115 799 4178 filius
817 4118 969 4199 Stephani
989 4134 1018 4180 et
1037 4119 1156 4180 Mathia
1174 4119 1323 4181 similiter
1339 4120 1485 4183 carnifex

212 4221 297 4285 lilius
322 4222 487 4301 iohannis,
513 4223 675 4304 quandam
694 4224 881 4305 porcionem
900 4225 1059 4287 vinealem
1085 4224 1283 4304 inferiorem,
1301 4244 1364 4306 que
1390 4241 1487 4290 vetus

212 4331 305 4392 vinea
332 4330 457 4408 dicitur,
476 4331 557 4392 inter
581 4330 709 4391 vineam
727 4330 802 4391 dicti
828 4331 919 4392 Pauli
938 4331 1071 4413 Coprin,
1097 4351 1152 4413 per
1170 4345 1288 4393 metam
1314 4331 1392 4393 dicti
1411 4335 1485 4396 rubi

213 4456 356 4498 rosarum
375 4437 568 4498 silvestrium
587 4450 671 4498 recte
696 4435 779 4498 inira
804 4457 906 4518 usque
923 4438 1092 4499 decursum
1111 4459 1193 4520 aque
1216 4438 1367 4521 pluvialis
1391 4461 1486 4523 sepa·

213 4557 324 4619 ratam,
349 4558 378 4603 et
404 4543 484 4603 inter
509 4543 637 4603 vineam
663 4542 841 4604 Clementis
866 4557 896 4605 et
921 4544 1087 4606 Benedicti
1112 4543 1250 4607 filiorum
1277 4546 1408 4607 Andree
1425 4567 1485 4628 per

213 4664 329 4712 metam
344 4651 466 4711 arboris
481 4651 541 4731 piri
556 4653 650 4730 tepka
665 4666 774 4712 vocate
790 4651 984 4728 distinctam,
999 4653 1137 4713 Martiuo
1147 4652 1252 4730 jurato
1272 4650 1484 4716 filioThome

213 4777 270 4839 pro
296 4758 406 4838 viginti
440 4758 568 4817 duobus
600 4757 668 4820 flor.
701 4759 768 4820 auri
803 4759 1016 4819 vendiderunt
1047 4773 1203 4841 perpetuo
1236 4759 1483 4840 possidendam.
