3142 5356
505 478 710 558 Ann01484.
737 516 775 524 —
800 491 849 558 27.
873 479 1005 560 augusti.

636 694 830 756 Anthonius.

635 800 804 863 Fabianus.

634 907 756 968 Petrus,

633 1013 839 1075 Laurencius.

636 1120 828 1202 Stephanus.

633 1228 795 1291 Nicolaus.

632 1335 779 1397 Michael.

635 1441 826 1523 Stephanus.

634 1548 805 1611 lohannes.

635 1656 810 1718 Emericus.

635 1762 822 1843 Gregorius.

635 1870 833 1932 Valentinus.

635 1977 791 2037 Martinus
815 1977 893 2036 alias
922 1974 1067 2035 Sthansa.

634 2083 781 2145 Mathias.

634 2189 819 2270 Gregorius.

150 2438 246 2512 Feria
276 2450 373 2513 sexta
402 2447 556 2532 proxima
586 2452 664 2516 ante
701 2445 823 2515 lestum
862 2441 950 2514 beati
979 2438 1156 2529 Augustini
1195 2439 1359 2509 doctoris.

639 2600 700 2676 (27.
724 2598 865 2671 ariguslr).

230 2735 306 2797 Item
340 2738 371 2798 in
396 2757 488 2799 causa
523 2739 604 2800 inter
637 2739 721 2799 lwan
754 2737 893 2819 juratum
922 2751 952 2796 et
986 2734 1188 2796 Demetrium
1219 2746 1388 2809 sartorem,

123 2843 262 2904 secunda
288 2845 411 2922 citacio‚
438 2865 501 2906 non
527 2846 707 2927 comparuit
732 2844 914 2906 Demetrius
938 2857 1049 2903 sartor.

230 2967 306 3028 Item
332 2989 424 3031 causa
451 2971 531 3031 inter
548 2971 757 3031 Valentinum
776 2969 894 3049 Sporar
918 2982 949 3027 et
970 2967 1099 3027 Petrum
1117 2963 1387 3047 pancz(erarium)

124 3074 251 3135 racione
277 3077 491 3155 quorumdam
517 3077 744 3158 dampnorum,
769 3075 909 3136 secunda
933 3074 1057 3134 citacio.

229 3199 305 3261 ltem
332 3201 363 3260 in
389 3222 482 3262 causa
508 3203 589 3262 inter
607 3202 813 3263 Valentinum
838 3215 978 3261 sutorem
1005 3213 1035 3260 et
1058 3197 1189 3260 Gallum
1217 3195 1387 3278 Kudelycz

123 3304 216 3385 jurati
241 3306 505 3386 adjudicaverunt
530 3322 659 3389 propter
676 3309 898 3369 vadiacionenr
924 3322 953 3367 et
977 3306 1198 3386 recepcionem
1217 3302 1385 3364 cuiusdam

123 3413 238 3472 ancille
263 3414 444 3491 servitricis,
469 3434 565 3494 quam
592 3415 675 3474 idem
708 3414 820 3475 Gallus
855 3414 1036 3474 radiaverat
1069 3413 1100 3472 in
1126 3411 1226 3472 libera
1252 3409 1301 3468 via
1326 3429 1385 3490 po·

122 3519 225 3579 rencia
251 3520 428 3596 mediante3
456 3520 515 3582 hoc
539 3521 564 3580 si
597 3520 772 3599 judicatum
806 3521 915 3581 fnisset
939 3535 1084 3600 tempore
1117 3517 1275 3598 judicatus
1307 3516 1386 3576 anni

123 3626 261 3706 preteriri
277 3627 361 3687 idern
378 3626 490 3687 Gallus
504 3626 613 3688 luisset
627 3627 815 3709 (convictus)
830 3626 937 3703 judici,
955 3625 1064 3703 iuratis
1078 3625 1109 3684 in
1126 3625 1199 3684 vivo
1216 3621 1384 3702 homagio,

123 3732 178 3792 sed
197 3752 280 3793 nunc
301 3749 444 3814 tempore
469 3735 623 3815 presentis
648 3734 804 3813 judicatus
822 3746 868 3792 est
891 3732 921 3791 in
948 3732 1085 3811 birsagio
1103 3744 1212 3792 contra
1230 3728 1384 3808 judicem,

123 3836 242 3918 juratos
266 3852 297 3900 et
321 3853 431 3901 contra
464 3840 567 3920 ipsum
600 3839 807 3900 Valentinum
840 3853 981 3898 sutorem
1014 3839 1045 3898 in
1079 3837 1204 3896 duabus
1228 3835 1386 3916 partibus,

123 3945 220 4006 tercia
246 3961 353 4008 autem
379 3966 450 4027 pars
474 3946 602 4025 birsagii
628 3959 674 4006 est
698 3964 763 4025 quo
788 3964 900 4025 pacem
926 3943 1000 4004 lecit
1024 3964 1096 4004 cum
1122 3944 1176 4004 illa
1200 3941 1327 4004 ancilla.

231 4070 306 4131 ltem
333 4071 417 4130 idem
443 4070 599 4149 causaln)s
623 4069 758 4130 eandem
793 4088 919 4128 causam
945 4069 983 4127 ad
1017 4069 1157 4128 seniores
1182 4067 1284 4148 ipsam
1310 4085 1387 4126 cau-

124 4196 192 4237 sam
217 4177 401 4258 appellavit.

231 4302 308 4364 ltem
334 4323 426 4363 causa
450 4303 532 4364 inter
556 4301 762 4363 Valentinum
788 4316 818 4361 et
843 4302 962 4361 dictum
994 4300 1124 4361 Gallum
1151 4298 1318 4379 Kudelycz
1336 4318 1385 4358 ra-

125 4411 217 4472 cione
242 4410 458 4492 quorumdam
482 4428 640 4490 equorum
665 4429 720 4490 per
745 4409 849 4489 ipsum
875 4408 1081 4468 Valentinum
1107 4407 1138 4465 in
1163 4405 1305 4486 dampno
1331 4424 1386 4465 va·

126 4517 299 4594 dictorum,
325 4515 436 4576 famuli
459 4517 559 4598 ipsius
591 4515 751 4574 Valentini
785 4515 901 4574 sutoris
933 4514 1068 4594 quilibet
1092 4513 1234 4594 ipsorum
1267 4511 1388 4591 jurabit

125 4623 310 4685 terciusmet
336 4624 367 4683 in
392 4643 445 4684 ara
468 4637 574 4683 sancte
600 4620 712 4683 Crucis
745 4621 821 4701 ipsis
853 4621 1023 4698 similibus,
1048 4633 1078 4680 et
1109 4620 1153 4679 sic
1179 4620 1244 4700 ipse
1271 4617 1386 4679 Gallus

126 4731 335 4792 convincetur
360 4731 391 4790 in
417 4729 562 4810 potencia
580 4742 689 4789 contra
715 4728 818 4806 ipsum
838 4728 1044 4788 Valentinum
1070 4742 1100 4787 et
1117 4727 1294 4807 dampnum
1311 4744 1384 4807 per-

124 4836 225 4913 solvi;
250 4837 335 4899 idem
362 4834 475 4898 Gallus
499 4851 529 4898 et
546 4836 681 4898 eandem
706 4854 833 4896 causam
859 4833 1033 4916 appellavit
1058 4853 1088 4892 rn
1114 4832 1310 4915 presenciam
1336 4852 1385 4892 se·

28 4932 106 5024 ι
123 4943 254 5007 uiarum
282 4942 436 5026 judicum.
