3142 5356
233 374 294 436 3²⁰
763 346 966 429 Anno1438.

234 567 330 627 Blasii
357 566 502 627 vendidit
535 579 691 645 perpetuo
725 562 952 640 possidendam
987 577 1018 624 et
1041 564 1214 644 superinde
1248 579 1296 625 est
1320 565 1415 625 litera
1448 565 1501 625 sub

234 673 385 754 pendenti
412 672 519 751 sigillo
544 670 787 730 communitatis
811 683 969 731 emanata.

339 777 415 838 ltem
442 776 581 857 quedam
608 776 735 852 domus,
752 773 873 836 fundus
889 789 919 835 et
937 773 1084 838 hedificia
1103 776 1134 836 in
1164 775 1250 836 dicta
1276 777 1406 838 civitate
1424 777 1501 838 inter

234 883 351 945 fundos
376 896 407 943 et
431 882 547 942 domos
572 880 701 942 Thome
727 880 854 942 Konicb
879 895 910 941 et
935 881 1019 941 Petri
1049 881 1176 942 clientis
1199 901 1236 943 ac
1261 882 1351 944 lwan
1379 883 1502 966 Poyeya

232 990 350 1065 habita,
374 988 515 1049 mediam
541 987 661 1048 curiam
693 1001 725 1048 et
756 1001 901 1048 octavam
936 987 967 1047 in
992 1007 1025 1047 se
1049 987 1229 1065 continens,
1262 988 1406 1050 discreto
1439 989 1501 1049 viro

232 1096 366 1157 domino
391 1095 527 1155 Nicolao
551 1093 729 1174 presbitero
755 1092 896 1174 plebano
921 1093 1020 1154 sancti
1040 1093 1139 1154 Marci
1165 1093 1206 1155 de
1232 1093 1354 1174 Spinis,
1379 1095 1502 1156 concivi

233 1216 356 1279 nostro,
388 1221 445 1283 per
483 1199 709 1260 vendicionem
743 1199 825 1260 Petri
859 1198 985 1260 Cltikan
1018 1213 1049 1259 et
1080 1199 1164 1260 Petri
1197 1199 1344 1261 Budislai
1378 1200 1437 1262 filii
1462 1216 1502 1262 est

232 1307 383 1388 pendenti
409 1306 515 1387 sigillo
541 1305 781 1365 communitatis
804 1319 991 1385 perpetuata
1016 1319 1047 1365 et
1071 1303 1271 1367 confirmata.

338 1412 416 1473 ltem
441 1427 504 1472 tres
527 1425 632 1493 partes
665 1409 831 1471 cuiusdam
866 1411 958 1471 vinee
984 1430 1046 1491 que
1072 1411 1210 1472 condam
1244 1411 1387 1473 Fudriclt
1424 1413 1501 1474 Petri

232 1517 403 1601 prefuerat,
429 1517 460 1577 in
486 1517 647 1578 territorio
672 1516 808 1577 civitatis
841 1515 959 1594 habite,
985 1516 1147 1578 Clementi
1173 1518 1261 1579 dicto
1287 1519 1431 1580 Drusina
1455 1540 1501 1580 su·

231 1626 292 1685 tori
318 1623 384 1685 filio
403 1623 502 1705 ipsius
528 1623 611 1683 Petri
634 1623 775 1684 Fudrich
792 1636 823 1684 et
848 1638 960 1703 quarta
976 1643 1049 1704 pars
1066 1623 1211 1685 eiusdem
1228 1624 1326 1687 vinee
1354 1626 1500 1686 Ladislao

232 1729 299 1790 filio
324 1729 467 1803 eiusdem
487 1729 571 1789 Petri
598 1728 737 1789 Fudrich
758 1729 905 1789 similiter
922 1729 1035 1807 sutori,
1060 1743 1106 1791 est
1123 1729 1223 1790 literis
1247 1730 1501 1812 privilegialibus

234 1856 289 1917 per
314 1836 539 1896 vendicionem
565 1848 596 1895 et
612 1835 805 1896 divisionem
827 1835 858 1896 in
884 1835 1005 1896 eisdem
1025 1835 1124 1896 literis
1142 1850 1372 1918 expressatam,
1397 1839 1500 1917 sigillo

233 1941 384 2022 pendenti
411 1941 653 2002 communitatis
671 1956 855 2022 perpetuata
875 1955 905 2002 et
930 1940 1127 2018 confirmata,
1150 1943 1192 2003 ita
1217 1957 1339 2021 tamen,
1358 1944 1447 2024 quod
1464 1945 1500 2004 de

233 2050 345 2109 eadem
372 2048 464 2108 vinea
489 2048 629 2107 decanus
653 2047 816 2108 colendini
842 2046 1109 2108 confraternitatis
1133 2049 1351 2128 sacerdotum,
1377 2065 1497 2112 contra·

235 2155 380 2214 diccione
406 2153 565 2214 dictorum
591 2172 810 2234 possessorum
830 2153 928 2234 ipsius
952 2153 1044 2213 vinee
1069 2173 1134 2214 non
1152 2155 1313 2232 obstante,
1337 2157 1499 2238 percipere

234 2261 349 2321 debeat
374 2259 540 2319 annuatim
565 2272 711 2340 tempore
736 2257 923 2319 vindemiali
955 2258 1099 2340 quinque
1124 2259 1260 2320 cubulos
1285 2262 1395 2322 musti.

340 2365 417 2426 ltem
435 2365 591 2426 medietas
608 2363 774 2425 cuiusdam
793 2364 885 2425 vinee
904 2364 934 2424 in
953 2365 1114 2425 territorio
1132 2364 1270 2426 civitatis
1293 2367 1378 2428 inter
1395 2368 1500 2428 vineas

236 2473 320 2531 luce
346 2470 478 2532 cultoris
502 2485 532 2531 et
555 2470 732 2530 liberorum
757 2470 894 2530 condam
921 2469 1076 2530 iohannis
1099 2471 1209 2551 generi
1236 2471 1367 2533 Martini
1395 2473 1498 2534 Terba

232 2578 349 2653 habita,
376 2576 505 2638 Thome
530 2574 669 2637 carnifici
696 2574 762 2636 filio
788 2576 874 2638 Luce
899 2575 1030 2637 cultoris
1055 2595 1110 2657 per
1135 2576 1363 2639 vendicionem
1383 2578 1497 2640 Cosme

232 2685 363 2747 cultoris
387 2682 442 2744 lilii
469 2683 598 2744 Andree
624 2697 670 2744 est
691 2682 783 2744 litera
808 2683 1001 2764 privilegiali
1027 2685 1085 2745 sub
1103 2683 1256 2764 pendenti
1280 2684 1391 2766 sigillo
1416 2704 1498 2746 com·

232 2791 397 2852 munitatis
421 2802 608 2870 perpetuata
634 2803 665 2849 et
689 2787 886 2849 confirmata.

341 2895 416 2955 ltem
451 2895 591 2975 quedam
625 2894 751 2972 domus,
784 2893 913 2972 fundus,
945 2893 1097 2956 celarium
1130 2908 1162 2956 et
1190 2893 1340 2956 hedificia
1366 2896 1398 2957 in
1433 2896 1500 2957 vico

234 3016 342 3063 nostro
367 3001 514 3062 exteriori
532 3020 587 3061 seu
612 2999 717 3082 platea
736 2999 999 3079 Theuthonicali‚
1021 3015 1107 3061 extra
1124 3014 1249 3082 portam
1274 3000 1416 3063 civitatis
1433 3022 1497 3083 pre·

236 3108 297 3170 fate
324 3108 511 3188 lapideam,
536 3108 618 3168 inter
649 3107 764 3168 domos
790 3107 950 3168 Dominici
985 3107 1094 3189 Popek
1128 3120 1158 3169 et
1183 3108 1266 3169 Petri
1296 3109 1440 3170 Barberii
1465 3129 1498 3169 ac

236 3214 391 3276 Johannis
416 3215 545 3274 sartoris
577 3214 695 3289 habita,
719 3213 858 3274 mediam
892 3213 1013 3275 curiam
1047 3213 1087 3274 ad
1112 3233 1205 3274 usum
1240 3214 1380 3275 civitatis
1405 3217 1436 3276 in
1468 3235 1498 3276 se

238 3321 417 3395 continens,
442 3341 477 3380 ac
502 3320 633 3399 quidam
659 3319 796 3401 (h)ortus
820 3319 923 3380 civilis
951 3333 1036 3380 extra
1061 3320 1187 3380 Novam
1213 3334 1338 3401 portam
1364 3321 1497 3382 civitatis

233 3427 374 3508 predicte
400 3426 480 3485 inter
505 3424 640 3505 (hlortos
665 3424 813 3506 Gregorii
843 3425 974 3486 cultoris
1006 3440 1036 3486 et
1061 3425 1223 3486 Ambrosii
1249 3423 1422 3508 lreniparis
1445 3426 1497 3487 ha·

232 3533 327 3608 bitus,
354 3551 450 3591 unam
476 3545 620 3610 quartam
647 3532 733 3592 curie
759 3532 789 3591 in
815 3551 847 3592 se
872 3532 1053 3609 continens,
1079 3531 1217 3592 Barbare
1242 3532 1352 3593 relicte
1379 3547 1410 3593 et
1435 3532 1496 3593 Do·

233 3638 341 3697 tothee
375 3635 438 3697 filie
463 3637 601 3697 condam
636 3637 797 3698 Valentini
830 3637 993 3719 arcuparis
1024 3656 1080 3719 per
1111 3637 1388 3699 testamentariam
1414 3638 1495 3720 lega·

232 3746 358 3805 cionem
393 3744 536 3804 eiusdem
570 3744 732 3804 Valentini
765 3745 856 3804 litera
888 3744 1079 3825 privilegiali
1112 3744 1171 3804 sub
1203 3743 1357 3825 pendenti
1390 3745 1496 3826 sigillo

234 3851 474 3911 communitatis
498 3864 571 3910 sunt
596 3865 780 3930 perpetuata
808 3865 838 3912 et
862 3849 1061 3912 confirmata.

336 3957 413 4016 ltern
448 3956 635 4016 Franciscus
676 3953 816 4036 frenipar
848 3956 1053 4017 medietatem
1094 3955 1248 4017 directam
1283 3969 1314 4016 et
1346 3957 1493 4037 equalem

229 4062 396 4122 cuiusdam
423 4063 549 4140 domus,
574 4061 677 4138 fundi,
710 4061 883 4141 celatiique
916 4061 1115 4123 subterranei
1141 4076 1173 4123 et
1204 4059 1432 4124 hedificiorum
1464 4063 1494 4123 in

229 4170 299 4228 vico
333 4169 431 4250 ipsius
464 4168 600 4228 civitatis
632 4167 778 4228 exteriori
810 4182 955 4228 sutorum
994 4168 1075 4228 inter
1106 4167 1260 4246 domum,
1297 4165 1438 4230 fundum
1462 4181 1493 4229 et

229 4273 375 4335 hedificia
409 4274 622 4355 predictarum
659 4274 795 4333 Barbare
829 4287 859 4334 et
888 4272 1052 4334 Dorothee
1086 4271 1149 4334 filie
1174 4293 1229 4333 sue
1254 4292 1290 4334 ac
1315 4274 1387 4335 vias
1410 4294 1494 4336 com·

230 4401 341 4440 munes
366 4381 484 4458 habite,
510 4400 605 4439 unam
625 4393 769 4459 quartam
796 4378 883 4439 curie
910 4379 940 4438 in
966 4399 998 4439 se
1017 4378 1248 4457 continentem,
1271 4398 1312 4440 ex
1336 4399 1494 4441 consensu

228 4487 383 4547 Anthonii
409 4486 501 4566 jurati
528 4487 624 4546 aliam
651 4486 855 4546 medietatem
884 4486 982 4566 ipsius
1005 4485 1132 4562 domus,
1157 4483 1248 4545 fundi
1274 4497 1306 4546 et
1330 4484 1494 4548 hedificio·

229 4614 297 4653 rum
335 4594 544 4674 possidentis,
583 4592 753 4652 Dominico
791 4592 899 4671 l'opek
934 4591 1118 4672 supradicto
1154 4591 1301 4652 vendidit
1339 4606 1495 4675 perpetuo

227 4700 453 4782 possidendam
481 4715 511 4759 et
533 4699 704 4781 superinde
729 4713 775 4758 est
799 4699 890 4758 litera
914 4700 973 4757 sub
1003 4698 1156 4779 pendenti
1181 4697 1289 4778 sigillo
1312 4701 1496 4762 communi·

227 4822 298 4866 tans
328 4820 485 4867 emanata.
