3142 5356
167 306 224 368 160
691 302 894 382 Ann01428.

161 539 366 580 communem
385 518 539 589 habitam,
566 518 645 578 duas
670 519 772 577 dietas
797 520 826 577 in
854 539 885 578 se
904 519 1086 591 habentem,
1111 518 1257 597 predicto
1284 517 1383 575 Petro
1403 518 1435 575 in

162 645 297 706 persona
323 626 422 706 ipsius
448 624 601 704 Stephani
627 622 734 685 Iratris
757 627 817 700 sui,
844 627 913 705 ipso
939 624 1032 684 l³etr0
1058 624 1207 684 benivole
1233 637 1436 704 acceptante,

162 752 220 813 pro
244 731 334 791 totali
361 731 503 810 ipsorum
537 731 691 812 porcione
724 729 915 790 hereditaria
942 729 1101 804 dedisset;
1125 728 1193 810 ipse
1217 748 1294 789 vero
1323 728 1437 789 Petrus

162 837 300 898 eundem
327 838 506 898 Iohannem
528 835 666 915 judicem
694 837 725 896 in
749 855 884 916 persona
902 834 1006 897 fratris
1023 836 1070 896 sui
1091 834 1244 917 Stephani
1271 834 1434 915 prenotati

162 943 302 1003 reddidit
332 943 516 1023 expeditum
551 961 623 1002 cum
656 941 721 1001 suis
754 942 927 1002 heredibus
961 943 1102 1018 cunctis,
1135 960 1302 1002 assumens
1327 942 1433 1015 ipsum

163 1062 272 1109 contra
298 1049 460 1129 quoslibet
484 1048 684 1128 illegittimos
709 1047 908 1129 impetitores
942 1061 1109 1128 protegere
1134 1048 1200 1107 suis
1225 1046 1366 1128 propriis
1389 1047 1434 1106 la·

163 1155 295 1215 boribus
320 1169 350 1215 et
375 1154 532 1235 expensis,
558 1154 659 1214 immo
685 1155 752 1233 ipse
777 1168 882 1234 partes
913 1154 1056 1215 totaliter
1078 1173 1146 1214 sese
1172 1168 1283 1213 mutua
1309 1151 1433 1212 vicissi-

162 1260 273 1322 tudine
299 1260 507 1321 reddiderunt
532 1261 704 1340 expeditas.

270 1384 345 1444 Item
372 1384 504 1464 provida
531 1385 647 1444 mulier
673 1383 846 1444 Katherina
882 1399 1004 1460 vocata,
1030 1384 1138 1444 relicta
1164 1382 1302 1442 condam
1331 1383 1432 1442 Bene·

166 1490 238 1550 dicti
272 1487 328 1548 Iilii
363 1489 445 1548 Iwan
472 1489 510 1548 de
545 1489 730 1567 Moraucha,
764 1509 848 1549 nunc
881 1509 1013 1550 consors
1042 1488 1171 1548 Thorne
1203 1487 1322 1548 sutoris
1356 1486 1430 1548 dicti

164 1594 329 1671 Ochwirlr,
354 1594 516 1674 quandam
543 1595 676 1655 domum
699 1615 788 1656 suam
816 1596 846 1655 in
872 1597 1000 1656 civitate
1019 1596 1101 1655 inter
1118 1594 1235 1654 domos
1259 1609 1289 1654 et
1315 1591 1431 1654 fundos

165 1701 325 1760 Dominici
349 1701 459 1779 generi
495 1701 631 1761 condam
658 1701 787 1762 Thome
813 1701 1027 1783 Wychethich
1063 1717 1093 1761 et
1127 1700 1283 1761 Anthonii
1310 1699 1349 1759 de
1374 1699 1430 1760 Za-

165 1806 274 1864 wersia
300 1807 339 1864 ab
365 1825 427 1864 una
445 1821 544 1885 parte,
570 1822 599 1867 et
625 1807 757 1867 Fabiani
789 1808 865 1868 dicti
889 1807 1086 1869 Gornichich
1112 1806 1265 1882 habitam,
1291 1805 1427 1866 mediam

164 1912 283 1971 curiam
311 1911 342 1970 in
369 1931 400 1970 se
426 1913 656 1989 continentem,
680 1933 751 1974 cum
772 1915 837 1973 suis
862 1915 1067 1994 pertinenciis
1086 1914 1195 1973 Marco
1220 1910 1289 1972 filio
1307 1910 1426 1972 Nicolai

166 2038 223 2100 pro
249 2033 322 2078 octo
346 2016 414 2079 flor.
440 2020 506 2077 auri
539 2034 568 2079 et
601 2020 701 2079 tribus
726 2021 832 2100 pensis
866 2022 1073 2081 denariorum
1108 2020 1253 2079 vendidit
1277 2032 1427 2101 perpetuo

166 2123 403 2204 possidendam.

272 2248 347 2307 Item
374 2246 534 2326 Georgius
561 2248 709 2308 Pohaben
744 2251 907 2329 quandam
941 2251 1075 2310 domum
1110 2269 1200 2310 suam
1228 2250 1259 2308 in
1285 2249 1356 2309 vico
1380 2267 1424 2306 su·

165 2370 271 2417 torum
298 2355 379 2414 inter
411 2354 526 2414 domos
558 2355 690 2415 Fabiani
723 2357 840 2416 sutoris
876 2372 906 2417 et
932 2357 1059 2416 Andree
1093 2355 1334 2416 Stamberchich
1377 2355 1424 2414 ha·

165 2462 276 2536 bitam,
302 2479 398 2520 unam
424 2474 568 2539 quartam
605 2461 634 2520 in
661 2481 693 2520 se
727 2464 958 2538 continentem,
985 2461 1081 2523 Gallo
1105 2460 1173 2522 filio
1200 2461 1348 2542 Gregorii
1373 2478 1424 2541 pto

166 2569 277 2628 decent
303 2564 371 2625 flor.
397 2566 464 2624 auri
490 2580 520 2624 et
546 2586 607 2625 una
633 2587 727 2646 pensa
747 2568 953 2628 denariorum
980 2568 1125 2628 vendidit
1151 2572 1307 2649 perpetuo
1334 2566 1421 2648 possi·

166 2674 315 2735 dendam.

272 2796 348 2856 Item
385 2794 540 2854 Martinus
572 2792 656 2855 filius
692 2810 722 2856 et
756 2797 857 2856 Elena
889 2795 954 2857 filia
989 2797 1071 2858 Petri
1105 2797 1235 2874 stich,
1269 2798 1422 2877 quendam

167 2902 301 2963 Iundum
327 2921 420 2962 suum
447 2899 603 2961 hedificiis
636 2902 820 2962 decoratum
848 2904 878 2962 in
913 2903 1040 2964 civitate
1073 2904 1104 2963 in
1137 2904 1208 2963 vico
1234 2902 1424 2965 Carnificum

166 3011 248 3072 inter
273 3009 387 3069 domos
413 3008 565 3067 Demetrii
592 3008 701 3088 Zepko
726 3007 782 3068 lilii
809 3010 927 3069 Vrbani
954 3024 983 3069 et
1009 3010 1119 3069 Zuden
1145 3010 1183 3069 de
1208 3010 1365 3070 Zawersia
1389 3011 1425 3067 ab

169 3136 242 3193 una,
266 3129 354 3196 parte
379 3115 418 3173 ab
444 3113 541 3174 altera
566 3132 642 3173 vero
668 3113 795 3174 Thome
823 3115 888 3174 Ban
919 3115 993 3175 dicti
1030 3115 1184 3192 habitam,
1210 3115 1351 3176 mediam
1377 3134 1424 3174 cu-

169 3222 248 3281 riam
277 3221 306 3280 in
332 3240 363 3279 se
397 3220 626 3295 continentem,
658 3234 837 3280 meinorato
863 3221 1026 3281 Demetrio
1052 3222 1195 3302 Zepkoui
1220 3235 1251 3282 et
1276 3241 1332 3303 per
1356 3239 1424 3281 eum

171 3326 344 3387 Valentino
362 3340 392 3386 et
411 3325 509 3384 Paulo
528 3324 600 3384 liliis
624 3325 689 3384 suis
717 3345 775 3407 pro
803 3342 925 3406 septem
951 3327 1065 3386 marcis
1093 3328 1298 3388 denariorum
1319 3326 1424 3387 vendi·

167 3433 282 3491 derunt
307 3446 462 3512 perpetuo
488 3430 723 3510 possidendam.

273 3555 349 3615 Item
378 3552 517 3635 prelatus
544 3555 724 3614 Demetrius
749 3556 858 3636 Zepko
892 3557 1097 3617 medietatem
1123 3556 1289 3616 cuiusdam
1316 3556 1429 3616 domus

168 3676 302 3737 murate,
326 3659 482 3741 fundique
508 3676 538 3721 et
570 3659 793 3721 hedificiorum
828 3664 857 3722 in
885 3663 970 3723 dicta
1003 3664 1128 3724 civitate
1155 3663 1236 3723 inter
1262 3663 1377 3723 domos
1401 3675 1429 3720 et

169 3766 286 3827 fundos
304 3766 435 3846 Georgii
461 3768 651 3828 successoris
668 3767 803 3826 condam
816 3769 926 3848 Zupan
944 3769 1070 3852 Mathye
1089 3783 1119 3830 et
1137 3768 1266 3829 Thome
1291 3768 1428 3830 Gochle·

168 3873 240 3932 nich
266 3874 305 3933 ab
332 3893 393 3932 una
412 3887 511 3954 parte,
535 3875 575 3932 ab
593 3873 689 3932 altera
709 3893 783 3933 vero
809 3889 895 3953 parte
915 3876 997 3934 inter
1014 3875 1108 3934 aliam
1134 3875 1267 3935 domum
1285 3875 1427 3936 eiusdem

168 3979 322 4039 Demetrii
339 3979 444 4039 habite
460 3993 490 4040 et
507 3979 680 4054 existentis,
698 3979 903 4040 medietatem
923 3981 1072 4041 videlicet
1085 3996 1203 4042 rectam
1223 3996 1253 4041 et
1270 3982 1427 4062 equalem,

167 4085 353 4164 porcionem
380 4085 530 4146 videlicet
547 4104 648 4159 suam,
674 4105 769 4144 unam
789 4101 934 4165 quartam
961 4088 992 4146 in
1018 4107 1050 4146 se
1080 4087 1312 4165 continentem,
1339 4089 1427 4148 Petro

167 4190 234 4252 filio
262 4193 427 4253 Michaelis
452 4192 491 4253 de
517 4192 674 4252 Zawersia
701 4212 758 4272 pro
784 4193 922 4271 quadarn
948 4195 1038 4254 vinea
1064 4214 1120 4254 sua
1145 4195 1176 4254 in
1204 4193 1359 4276 Gorymla
1378 4195 1427 4255 ha·

168 4299 242 4376 bita,
275 4319 346 4359 cum
382 4298 603 4360 additamento
636 4313 773 4378 quatuor
807 4299 874 4360 lior.
909 4301 976 4359 auri
1003 4320 1058 4380 per
1092 4301 1196 4381 ipsum
1229 4300 1425 4361 Demetrium

169 4405 226 4484 ipsi
253 4405 346 4466 I'etro
371 4405 445 4464 dato
472 4419 502 4464 et
526 4405 701 4485 persolut0,
727 4425 783 4484 per
808 4406 941 4465 modum
960 4405 1210 4486 permutacionis
1235 4406 1374 4467 dedisset
1398 4419 1426 4465 et

168 4512 357 4590 assignasset
395 4527 550 4591 perpetuo
581 4511 827 4590 possidendam,
864 4513 949 4571 salva
984 4513 1044 4571 alia
1078 4511 1248 4571 medietate
1282 4513 1422 4572 eiusdem

168 4618 283 4678 domus
314 4632 448 4692 mutate,
481 4637 541 4676 una
576 4617 785 4677 consimiliter
819 4635 941 4698 quarta,
973 4618 1124 4699 porcione
1158 4618 1308 4678 videlicet
1344 4617 1421 4678 Galli

169 4723 280 4783 Zuden
308 4723 411 4782 eidem
438 4742 547 4782 secura
573 4739 768 4783 remanente.

28 4926 221 5024 A
