3142 5356
530 479 617 536 Anno
639 491 733 556 1494.
758 512 799 520 -
824 492 870 538 rr.
895 478 1009 552 aprilis.

1098 585 1139 589 0-
1166 581 1410 590 -..--..-..--

251 690 357 753 Causa
390 691 473 752 inter
507 689 713 751 Domkonem
747 688 923 771 Perowych
952 703 983 750 et
1014 689 1179 751 dominam
1208 693 1342 750 ¹Annam
1367 709 1413 750 re·

148 798 255 859 lictam
280 797 418 858 condam
446 795 578 876 Georgii
604 793 855 879 Wythkowych‚
880 795 993 857 citacio
1018 794 1169 857 secunda.

255 903 359 966 Causa
387 903 468 963 inter
494 901 688 982 Gregorium
715 899 836 961 Pethko
868 915 899 961 et
924 902 1095 963 Nicolaum
1121 899 1278 962 famulum
1305 901 1414 962 Jacobi

150 1010 348 1094 Bekethych,
374 1011 486 1072 citacio
513 1008 663 1071 secunda.

254 1117 358 1180 Causa
385 1119 467 1179 inter
485 1117 659 1178 Matrinum
687 1115 898 1198 lakchevvych
917 1130 948 1177 et
973 1116 1160 1198 Synkonem
1186 1116 1347 1177 literatum
1369 1135 1417 1177 ta-

149 1225 242 1286 cione
267 1223 432 1285 cuiusdam
460 1223 551 1284 bovis
575 1222 675 1303 ipsius
708 1222 849 1300 Martini,
882 1241 978 1304 quem
1010 1222 1120 1305 Synko
1146 1223 1177 1283 in
1202 1222 1345 1305 dampno
1369 1241 1411 1283 re·

149 1332 275 1414 periens
298 1351 357 1392 suo
381 1331 421 1392 ad
446 1331 580 1392 domum
605 1349 695 1390 suam
722 1330 865 1410 abigerat
886 1344 916 1390 et
941 1328 1062 1390 ibidem
1086 1330 1118 1391 in
1144 1330 1244 1391 domo
1268 1349 1323 1390 sua
1349 1329 1418 1412 ipse

150 1439 208 1500 bos
232 1438 346 1499 leserat
379 1437 506 1519 pedem,
538 1436 631 1517 jurati
666 1436 942 1517 adjudicaverunt,
974 1437 1061 1518 quod
1093 1457 1130 1498 ex
1162 1456 1228 1518 quo
1252 1449 1349 1518 prout
1373 1449 1421 1497 est

149 1545 347 1607 consvetudo
371 1544 508 1605 civitatis
532 1543 720 1625 depullisset
753 1544 857 1625 ipsum
891 1544 1009 1605 bovem
1034 1543 1074 1604 ad
1100 1543 1220 1605 curiam
1246 1542 1362 1622 judicis
1387 1556 1421 1605 et

149 1651 271 1714 ibidem
288 1651 443 1712 lesionem
464 1649 611 1727 subisset,
636 1663 750 1710 extunc
776 1648 873 1711 nichil
891 1648 1013 1727 fuisset,
1037 1649 1093 1711 sed
1115 1670 1151 1710 ex
1177 1668 1242 1730 quo
1266 1647 1334 1730 ipse
1360 1649 1420 1710 bos

151 1758 237 1819 lesus
260 1771 307 1819 est
331 1757 361 1817 in
377 1756 476 1818 domo
501 1756 600 1837 ipsius
621 1755 792 1839 Synkonis‚
810 1756 948 1818 eundem
968 1758 1085 1817 bovem
1110 1756 1169 1837 ipsi
1196 1756 1336 1816 Martino
1354 1755 1419 1817 sol·

151 1884 222 1925 vere
248 1863 343 1925 debet
359 1877 429 1944 post
446 1861 661 1942 juramentum
687 1862 830 1924 valorem
845 1862 944 1943 ipsius
968 1863 1077 1937 bovis;
1102 1860 1189 1923 idem
1215 1861 1325 1945 Synko
1350 1881 1418 1923 non

154 1984 323 2033 contentus
347 1969 521 2051 appellavit
544 1968 584 2029 ad
609 1969 761 2030 seniores.

259 2076 398 2139 Causam
424 2076 506 2136 inter
531 2074 710 2156 Georgium
730 2075 835 2136 lliczki
857 2090 887 2137 et
912 2076 1066 2137 Jacobum
1087 2074 1270 2156 Beketlrych
1287 2074 1420 2135 racione

152 2183 260 2260 tritici,
278 2182 370 2263 jurati
382 2178 418 2263 (l)
437 2180 707 2243 confirmaverunt
729 2181 1007 2263 adjudicacionem
1025 2181 1201 2263 juratorum
1215 2181 1301 2264 juxta
1320 2202 1420 2263 quarn

152 2291 238 2352 idem
263 2290 401 2351 lacobus
433 2289 493 2350 sibi
526 2287 706 2350 satisfacere
738 2289 851 2365 debet;
884 2289 924 2351 de
957 2309 1022 2370 quo
1053 2289 1173 2371 judicio
1195 2291 1289 2351 ambe
1314 2283 1422 2372 partes

151 2409 301 2457 contente
325 2407 408 2455 sunt.

259 2501 363 2564 Causa
390 2501 472 2562 inter
496 2500 702 2562 Domkonem
724 2501 900 2583 Perowych
925 2515 956 2563 et
981 2503 1136 2564 Jacobum
1162 2501 1346 2586 Bekethych
1372 2524 1421 2566 ra·

153 2608 246 2670 cione
278 2607 494 2689 quorumdam
527 2607 700 2687 lignorum,
726 2627 788 2689 que
822 2609 889 2690 ipse
914 2609 1053 2671 lacobus
1084 2612 1144 2672 sub
1176 2623 1290 2688 mesto,
1323 2627 1424 2692 prout

154 2714 240 2775 idem
273 2714 402 2775 Domko
434 2714 592 2795 probavit,
629 2715 762 2775 domum
795 2716 982 2795 exportavit,
1015 2714 1109 2794 jurati
1142 2709 1422 2797 adjudicaverunt,>

152 2820 240 2902 quod
273 2839 310 2881 ex
339 2840 404 2902 quo
430 2821 497 2903 ipse
528 2820 667 2881 lacobus
697 2823 756 2881 sub
788 2835 892 2882 aresto
927 2822 993 2902 ipsa
1026 2822 1113 2902 ligna
1145 2823 1275 2906 recepit,
1308 2813 1422 2887 contra

154 2927 293 2988 eundem
327 2926 531 2988 Domkonem
565 2927 731 2988 convictus
763 2941 810 2989 est
845 2928 876 2988 in
910 2928 1076 3009 potencia;
1108 2928 1248 3010 prelatus
1280 2929 1422 3013 Jacobus

155 3032 338 3115 Bekethych
365 3052 430 3094 non
455 3046 625 3094 contentus
649 3033 823 3115 appellavit
847 3034 886 3094 ad
912 3034 1063 3096 seniores.

259 3140 364 3202 Causa
390 3141 472 3201 inter
497 3139 660 3201 Andream
685 3139 864 3201 carnificem
890 3155 919 3202 et
947 3142 1066 3202 Lucam
1096 3141 1265 3226 Rybarych
1290 3143 1422 3205 racione

153 3247 319 3309 cuiusdam
345 3247 480 3329 pecunie
504 3246 595 3325 lucri,
620 3247 674 3308 ubi
711 3247 778 3328 ipse
802 3248 950 3328 equalem
975 3262 1099 3329 partem
1124 3249 1204 3310 lucri
1230 3249 1261 3310 in
1286 3251 1422 3331 quibus·

154 3355 226 3415 dam
253 3355 356 3415 bobus
382 3357 519 3435 petebat,
542 3353 634 3434 jurati
669 3353 944 3434 adjudicaverunt,
970 3356 1057 3435 quod
1093 3356 1159 3437 ipse
1186 3357 1288 3417 Lucas
1314 3357 1422 3439 Ryba-

156 3462 231 3544 rych
257 3461 405 3541 equalem
431 3474 554 3541 partem
580 3461 658 3521 lucri
685 3460 725 3521 de
750 3460 815 3520 illis
847 3461 951 3521 bobus
974 3481 1055 3542 quos
1087 3463 1264 3543 abigerent,
1288 3463 1365 3526 dare
1391 3479 1424 3526 et

155 3567 303 3629 exolvere
328 3566 435 3643 debet,
460 3581 490 3627 et
515 3567 553 3627 de
580 3566 643 3627 illis
668 3586 744 3627 vero
770 3567 874 3626 bobus
898 3586 980 3646 quos
1004 3581 1268 3648 sequestraverat,
1291 3570 1332 3631 ab
1358 3569 1423 3631 illis

154 3686 185 3735 et
208 3672 272 3733 suis
296 3671 494 3752 adjunxerat,
523 3673 673 3753 quitquid
698 3672 830 3754 dampni
855 3672 905 3733 hic
924 3672 955 3732 in
981 3673 1172 3736 venditione
1189 3674 1320 3736 illorum
1337 3694 1422 3761 quos

153 3792 406 3859 sequestraverat
429 3779 513 3860 passi
544 3792 628 3856 sunt,
660 3794 781 3860 partem
810 3779 869 3860 ipsi
902 3779 1031 3840 Andree
1063 3781 1187 3841 solvere
1213 3780 1319 3860 debet,
1343 3783 1421 3863 quia

71 3904 74 3908 ·
156 3884 274 3945 minori
299 3884 407 3967 precio
432 3885 554 3946 venditi
577 3899 650 3945 sunt
667 3904 764 3965 quam
789 3885 835 3946 illi
861 3905 943 3966 quos
967 3885 1153 3966 abigerunt;
1177 3886 1319 3969 prefatus
1342 3909 1421 3951 vero

155 3990 258 4052 Lucas
282 3989 452 4074 Rybarych
477 4010 541 4052 non
567 4005 736 4052 contentus
760 3992 936 4074 appellavit
960 3992 1000 4053 ad
1025 3993 1178 4056 seniores.

288 4228 385 4300 Feria
414 4237 512 4301 sexta
543 4237 621 4301 ante
658 4229 856 4302 dominicam
890 4231 1122 4303 Misericordia
1152 4232 1287 4306 domini.
1346 4247 1348 4250 ’

682 4383 744 4461 (rr.
769 4384 899 4465 aprilis).

262 4521 368 4584 Causa
392 4523 473 4584 inter
497 4525 715 4586 venerabilem
747 4525 916 4587 dominum
951 4525 1130 4590 iohannem
1159 4528 1424 4594 archidiaconum

157 4626 368 4691 Goricensem
386 4642 417 4691 et
440 4630 631 4692 canonicum
656 4633 898 4711 zagrabiensem
923 4647 953 4694 et
971 4632 1150 4694 lohannem
1174 4649 1328 4698 sartorem
1354 4658 1424 4702 mo·

156 4735 293 4798 dernum
317 4735 468 4818 juratum,
493 4737 607 4799 citacio
632 4739 746 4820 prima.

262 4842 368 4906 Causa
400 4844 482 4905 inter
516 4845 659 4906 Marcum
693 4845 884 4907 familiarem
915 4846 1039 4908 domini
1059 4847 1202 4929 ¹plebani
1234 4860 1266 4910 et
1296 4849 1424 4920 Antho-

157 4949 247 5019 nium
271 4963 427 5014 sartorem
451 4950 579 5014 racione
604 4951 829 5036 percussionis,
854 4953 967 5016 citacio
990 4954 1104 5038 prima.
