3156 5364
524 509 610 565 Anno
631 520 726 586 1494.
755 540 796 550 —
821 502 870 568 16.
887 506 1041 584 januarii.
1375 524 1412 586 91
1503 581 1505 586 Ι

152 716 302 780 Coruino
328 719 401 780 duci
428 719 611 798 Sclauonie,
638 719 830 802 Lypthouie,
867 719 1081 802 Oppauieque
1105 734 1164 781 etc.
1188 718 1417 800 conquerendo

151 825 269 886 obtulit
294 826 570 908 supplicacionem
596 827 655 888 sub
680 825 739 887 hac
756 828 927 888 verborum
953 827 1074 887 forma:
1100 825 1314 889 Illustrissime
1331 825 1401 909 prin

152 950 225 1013 ceps
250 947 281 994 et
306 933 448 1010 domine,
474 932 605 994 domine
638 933 883 1014 graciosissime.
909 932 1023 996 Gallus
1055 934 1190 1012 institor,
1222 933 1299 995 civis
1323 933 1418 994 huius

153 1037 289 1099 civitatis
314 1053 415 1099 vestre
436 1039 728 1120 Montisgrecensis,
753 1039 865 1120 quales
882 1053 913 1100 et
928 1053 1064 1120 quantas
1088 1039 1261 1117 molestias,
1285 1039 1417 1102 tribula·

155 1144 272 1222 ciones,
298 1144 446 1205 infamias
470 1158 500 1205 et
525 1145 721 1206 calamitates
743 1165 760 1205 a
785 1145 979 1227 quibusdam
998 1145 1125 1207 duobus
1149 1146 1336 1207 concivibus
1352 1146 1418 1207 suis

155 1251 304 1312 videlicet
321 1251 500 1313 Valenthek
525 1265 556 1312 et
582 1252 700 1312 Lucam
726 1251 895 1336 Rybarych
921 1252 1025 1313 adhuc
1050 1253 1081 1313 in
1100 1253 1163 1314 vita
1188 1251 1289 1316 felicis
1312 1271 1415 1314 recor·

155 1357 298 1418 dacionis
322 1357 475 1418 carissimi
501 1357 655 1438 genitoris
679 1357 789 1418 Vestre
821 1357 1035 1419 Illustrissime
1061 1358 1304 1420 Dominacionis
1328 1357 1417 1420 vide·

155 1462 227 1524 licet
253 1463 455 1525 Serenissimi
490 1464 614 1524 domini
653 1464 751 1525 nostri
787 1464 923 1524 condam
957 1465 1081 1525 domini
1108 1465 1227 1527 Matbie
1252 1464 1418 1546 Hungarie

156 1572 235 1651 regis
259 1585 319 1633 etc.
344 1572 518 1654 susceperit
542 1572 676 1652 longum
695 1585 777 1632 esset
802 1591 910 1633 coram
929 1573 1039 1634 Vestra
1066 1573 1280 1636 lllustrissima
1307 1573 1417 1634 Domi·

157 1677 290 1739 nacione
324 1678 493 1760 explicare,
525 1697 588 1758 que
613 1678 723 1739 omnia
756 1678 787 1739 in
822 1678 922 1739 literis
954 1679 1097 1740 eiusdem
1130 1679 1269 1741 condam
1294 1679 1418 1740 domini

157 1785 253 1844 nostri
280 1784 364 1865 regis
388 1783 471 1845 clare
504 1785 716 1846 continentur,
745 1784 850 1847 Causa
884 1785 991 1866 itaque
1024 1786 1089 1867 ipsa
1118 1805 1190 1846 curn
1216 1785 1330 1846 eodem
1356 1785 1417 1846 Va·

157 1889 284 1950 lenthelr
310 1888 370 1951 fuit
394 1905 480 1951 mota
506 1909 612 1951 coram
639 1891 749 1971 juratis
766 1890 926 1970 judicibus
951 1891 1045 1953 huius
1069 1891 1216 1969 civitatis,
1241 1905 1271 1952 et
1286 1891 1417 1953 tandem

158 2015 191 2055 et
216 1997 311 2057 certis
334 1997 575 2077 gravaminibus
606 2016 704 2078 penes
736 1998 1000 2059 consvetudinem
1035 1997 1170 2059 civitatis
1198 2018 1254 2080 per
1278 1996 1417 2058 eundem

158 2100 287 2164 Gallum
312 2104 352 2164 ad
377 2104 519 2165 seniores
544 2103 715 2186 appellata,
747 2104 802 2185 qui
836 2105 867 2164 in
894 2102 1037 2165 favorem
1070 2104 1214 2166 eiusdem
1239 2103 1418 2166 Valenthek

158 2209 329 2271 noluerunt
354 2229 425 2271 eam
449 2209 603 2290 judicare,
627 2209 681 2271 sed
713 2224 822 2271 contra
855 2211 1052 2271 voluntatem
1078 2210 1222 2272 eiusdem
1248 2209 1334 2272 Galli
1359 2210 1417 2271 mi·

159 2329 262 2377 serant
274 2336 344 2377 eam
359 2335 415 2398 per
432 2317 648 2378 arbitrativam
663 2317 936 2398 composicionem
950 2317 1152 2399 sopiendam,
1169 2336 1266 2399 quam
1284 2336 1417 2399 compo·

158 2424 309 2485 sirionem
336 2424 403 2505 ipse
430 2421 606 2484 Valentbelt
625 2423 759 2484 minime
780 2438 966 2504 prosecutus
988 2438 1044 2501 est,
1061 2424 1117 2485 sed
1135 2444 1203 2485 earn
1229 2423 1323 2485 surda
1341 2443 1417 2485 aure

158 2531 368 2610 pertransivit.
402 2531 551 2592 Tandem
584 2544 752 2612 propterea
794 2531 859 2612 ipse
894 2529 1007 2593 Gallus
1039 2530 1150 2592 habuit
1182 2551 1344 2592 recursum
1378 2530 1417 2591 ad

159 2636 353 2716 Maiestatem
386 2637 525 2717 regiam,
558 2635 681 2717 fuitque
715 2637 902 2698 mandatum
940 2657 996 2720 per
1031 2638 1166 2698 eandem
1200 2653 1294 2719 prout
1327 2637 1418 2698 litere

157 2743 298 2804 eiusdem
324 2743 490 2805 continent
515 2743 611 2820 judici
636 2758 666 2804 et
692 2743 802 2824 juratis
826 2743 950 2804 civibus
974 2758 1008 2804 ut
1036 2742 1183 2805 iecissent
1207 2744 1362 2824 judicium
1388 2757 1419 2805 et

157 2847 309 2927 iusticiam
336 2850 368 2910 in
394 2869 486 2910 causa
512 2849 543 2910 in
570 2849 809 2910 restitucionem
836 2848 919 2910 fame
948 2864 978 2911 et
1002 2850 1135 2911 honoris
1159 2850 1303 2911 eiusdem
1330 2848 1416 2911 Galli

157 2957 353 3038 exponentis,
371 2972 401 3018 et
424 2976 524 3037 usque
549 2957 589 3017 ad
607 2975 736 3038 presens
756 2971 882 3037 tempus
900 2956 997 3018 nichil
1022 2970 1167 3018 secutum
1192 2957 1286 3017 estin
1305 2956 1416 3017 eadem

158 3081 259 3141 causa,
283 3063 358 3124 ideo
383 3063 581 3145 supplicatur
605 3063 715 3124 Vestre
740 3062 956 3124 illustrissime
988 3063 1213 3125 Dominacioni
1247 3083 1305 3144 pro
1329 3077 1418 3145 parte

158 3170 298 3232 eiusdem
325 3169 411 3232 Galli
444 3170 597 3231 institoris
629 3168 794 3231 humiliter
826 3184 984 3250 quatenus
1011 3171 1124 3234 eadem
1155 3171 1305 3252 dignetur
1328 3191 1418 3233 man·

158 3275 229 3337 dare
255 3277 351 3355 iudici
378 3289 409 3338 et
432 3276 542 3357 juratis
560 3275 694 3353 civibus,
720 3291 754 3337 ut
778 3277 861 3355 juxta
881 3291 1029 3339 contenta
1052 3278 1216 3340 literarum
1242 3278 1317 3340 dicti
1342 3298 1418 3340 con·

158 3381 227 3443 dam
246 3381 366 3444 Mathie
384 3383 466 3463 regis
484 3402 611 3444 causam
634 3383 770 3443 eandem
788 3399 1019 3445 assummercnt
1036 3399 1066 3445 et
1083 3385 1290 3446 terminarent
1307 3399 1417 3447 ettam

157 3502 263 3550 contra
288 3488 427 3550 eundem
452 3488 631 3550 Valentbek
657 3509 753 3570 quam
789 3490 889 3550 eciam
920 3504 1028 3551 contra
1062 3489 1181 3552 dictum
1210 3491 1328 3552 Lucam
1354 3491 1418 3575 Ry-

158 3595 272 3677 barych
298 3595 448 3656 concives
481 3595 634 3671 habitam,
668 3614 706 3655 ne
739 3596 805 3676 ipse
839 3595 953 3657 Gallus
976 3597 1109 3658 ulterius
1141 3617 1177 3658 ex
1204 3595 1334 3657 infamia
1359 3597 1419 3657 sibi

159 3699 243 3761 illata
269 3700 300 3761 in
326 3701 436 3762 animo
459 3702 614 3762 turbetur.
639 3736 682 3745 -
704 3699 848 3762 Prefatus
873 3723 948 3763 vero
966 3703 1117 3764 dominus
1142 3718 1248 3763 noster
1272 3703 1335 3763 dux
1353 3702 1418 3763 visa

158 3806 222 3888 ipsa
247 3808 487 3890 supplicacione
512 3808 674 3869 commisit
698 3808 796 3889 judici
831 3829 902 3870 cum
927 3810 1107 3871 senioribus
1132 3811 1267 3872 civitatis
1291 3829 1418 3870 causam

159 3913 238 3976 inter
262 3929 367 3997 partes
399 3914 557 3996 predictas
589 3914 744 3992 revidere,
776 3915 922 3995 egregios
954 3916 1054 3975 eciam
1081 3915 1296 3976 Baltbusarem
1323 3914 1416 3996 Alapi

157 4020 418 4082 tricesimatorem
446 4021 476 4080 in
502 4019 560 4081 hac
584 4021 711 4081 civitate
737 4034 768 4081 et
789 4021 916 4082 Petrum
944 4021 1067 4105 Orsyeh
1086 4042 1160 4082 suos
1184 4022 1338 4103 speciales
1361 4021 1418 4082 ho·

158 4126 259 4186 mines
283 4126 322 4186 ad
348 4127 542 4188 audiendam
577 4126 762 4187 huiusmodi
795 4147 888 4189 cause
914 4127 1042 4189 finalem
1076 4128 1268 4190 revisionem
1296 4129 1327 4188 in
1352 4147 1418 4189 me·

158 4231 245 4293 dium
278 4233 470 4309 transmisit3
502 4248 532 4293 et
556 4234 631 4314 quia
664 4253 720 4314 per
752 4249 931 4301 presentem
964 4249 1154 4314 quaternum
1190 4235 1221 4294 in
1255 4234 1419 4295 transactis

157 4335 349 4417 judicatibus
366 4339 503 4400 civitatis
523 4340 663 4420 predicte
681 4340 895 4420 conscriptum
915 4338 1081 4401 manifeste
1104 4355 1134 4402 et
1152 4340 1316 4401 evidenter
1333 4360 1419 4402 com·

157 4457 281 4524 pertum
308 4459 364 4522 est,
397 4444 485 4526 quod
519 4445 623 4507 dictus
648 4444 761 4507 Gallus
795 4446 970 4531 Kwdelych
1004 4462 1068 4507 tam
1101 4462 1209 4508 contra
1242 4447 1420 4508 antedictos

160 4550 365 4613 Valentinum
391 4567 421 4613 et
439 4553 559 4613 Lucam
578 4572 673 4634 quam
693 4553 793 4613 eciam
819 4553 971 4615 adversus
994 4555 1137 4615 seniores
1162 4554 1296 4614 civitatis
1314 4552 1418 4614 fictam

157 4657 411 4739 calumpniosam
437 4678 472 4719 ac
498 4660 684 4720 mendosam
711 4661 874 4740 querelam
901 4658 1024 4741 prefato
1054 4661 1187 4721 domino
1213 4676 1321 4720 nostro
1346 4660 1419 4720 duci

157 4765 307 4845 porrexit,
333 4765 471 4846 ideoque
496 4785 532 4826 ex
558 4767 785 4826 commissione
811 4767 955 4826 eiusdem
974 4769 1097 4827 domini
1124 4768 1221 4826 nostri
1247 4767 1346 4843 ducis,
1364 4766 1419 4847 qui

157 4889 194 4930 ex
220 4885 307 4952 parte
332 4871 431 4952 ipsius
456 4870 542 4933 Galli
568 4872 765 4933 mendaciter
789 4873 988 4953 querulantis
1007 4873 1159 4948 judicium
1187 4873 1246 4932 sibi
1274 4871 1338 4932 lieri
1365 4891 1421 4953 per

157 4978 423 5044 communitatem
456 4979 593 5047 civitatis
625 4979 801 5066 requisivit,
835 4980 946 5044 eadem
980 4980 1193 5046 communitas
1225 4979 1268 5040 ita
1295 4978 1420 5060 adiudi-
