3142 5356
222 345 281 389 rao
747 327 834 384 Anno
856 338 947 396 1401.

325 539 406 601 Item
432 540 517 600 Luca
543 538 681 600 carnifex
711 535 855 598 vendidit
885 533 1022 597 fundum
1048 554 1143 596 suum
1168 533 1329 619 Mychaeli
1355 535 1493 597 Mezche

220 646 307 722 dicti,
331 659 477 728 tempore
502 645 577 706 dicti
603 644 727 726 judicis.

327 752 402 812 ltem
437 752 548 813 Petrus
582 749 773 812 Dauidouch
799 764 829 811 et
861 768 918 810 sua
946 768 1077 810 consors
1111 748 1326 810 vendiderunt
1349 746 1493 811 fundum

223 856 353 919 Thome
378 858 539 939 arcuparis
563 857 751 918 auctoritate
787 855 1004 917 commissaria
1034 852 1173 916 iohanni
1197 867 1228 915 et
1251 874 1308 916 sue
1333 855 1495 933 consorti,

220 965 332 1041 sutori,
355 979 499 1045 tempore
519 963 594 1025 dicti
620 963 744 1035 iudicis.

325 1072 401 1132 ltem
420 1071 529 1132 Petrus
546 1069 691 1152 gladipar
716 1083 746 1130 et
772 1069 876 1130 Sabka
894 1067 1109 1130 vendiderunt
1126 1067 1255 1129 vineam
1272 1085 1389 1129 eorum
1409 1068 1493 1129 Leo·

220 1179 320 1239 nardo
344 1177 469 1254 sartori,
493 1191 638 1258 tempore
664 1175 739 1236 dicti
765 1175 889 1255 judicis.

325 1283 400 1345 Item
439 1283 563 1345 Blasius
596 1282 762 1343 Kusilonis
805 1295 836 1342 et
868 1281 1062 1343 Benedictus
1099 1280 1316 1342 vendiderunt
1347 1278 1493 1342 fundum

221 1391 360 1468 Martini,
385 1389 514 1450 Andree
539 1388 605 1449 filio
632 1389 690 1465 lsk,
714 1403 859 1468 tempore
884 1387 958 1448 dicti
985 1386 1109 1465 judicis.

325 1497 402 1558 Item
429 1495 588 1575 Georgius
606 1493 689 1555 lilius
715 1492 815 1555 Gocel
843 1507 873 1555 et
890 1513 947 1554 sua
971 1513 1102 1554 consors
1118 1493 1337 1555 vendiderunt
1356 1493 1493 1556 vineam

219 1621 329 1663 eorum
356 1601 484 1662 Thome
509 1600 576 1661 filio
601 1599 744 1661 Franche
770 1613 800 1661 et
826 1601 951 1682 Mayke,
976 1614 1121 1682 tempore
1146 1600 1222 1662 dicti
1246 1599 1375 1680 judicis.

325 1707 402 1768 ltem
429 1706 588 1787 Georgius
605 1707 709 1767 dictus
726 1706 886 1766 Paulastin
910 1707 1056 1769 vendidit
1080 1705 1218 1768 fundum
1235 1726 1329 1768 suum
1355 1707 1492 1770 Thome

219 1831 249 1877 et
276 1817 401 1897 Mayke,
425 1830 569 1896 tempore
595 1814 690 1875 Chun
717 1813 840 1892 judicis.

327 1921 403 1982 ltem
430 1922 514 1981 luca
540 1919 680 1981 carnifex
698 1919 783 1980 filius
809 1919 920 1981 Raden
946 1920 1091 1980 vendidit
1109 1919 1263 2002 (h)ortum
1287 1940 1384 1982 suum
1403 1936 1489 1982 extra

220 2042 344 2110 portam
370 2025 566 2090 Carnificum
581 2027 710 2087 Vrbano
729 2031 873 2108 Ansetyn
898 2040 928 2087 et
952 2046 1008 2088 sue
1025 2027 1177 2105 consorti,
1201 2039 1351 2110 tempore
1371 2026 1489 2110 Gyuan

222 2135 345 2215 judicis.

326 2241 403 2301 ltem
429 2239 502 2300 fecit
526 2239 689 2299 lohannes
713 2237 869 2319 Boletych
894 2257 968 2299 cum
986 2237 1145 2319 Gregorio
1171 2237 1311 2301 Scurcba
1338 2259 1485 2301 concam·

219 2349 307 2408 bium
331 2348 362 2407 in
388 2347 481 2407 vinea
507 2366 541 2406 ac
567 2344 766 2423 molendin0,
790 2358 936 2426 tempore
961 2359 1020 2408 etc.

326 2452 401 2512 ltem
440 2452 588 2512 dedimus
623 2451 754 2530 (literas)
789 2470 847 2533 pro
885 2451 992 2512 Marco
1025 2466 1055 2512 et
1080 2451 1210 2513 Thomu
1242 2450 1317 2514 filiis
1342 2452 1482 2515 Gerdine

219 2578 313 2639 super
331 2557 473 2639 quodam
498 2556 600 2617 fundo
625 2557 756 2618 domine
782 2558 961 2640 Rumenye,
983 2577 1046 2618 una
1071 2557 1222 2619 videlicet
1255 2574 1380 2639 quarta,
1404 2575 1480 2622 tem·

220 2683 298 2745 pore
324 2663 398 2724 dicti
423 2664 546 2744 judicis.

327 2771 404 2832 ltem
430 2770 581 2830 dominus
605 2771 724 2830 Paulus
753 2771 889 2851 Spiritus
908 2770 1053 2832 vendidit
1077 2771 1156 2831 duas
1180 2785 1285 2853 partes
1309 2773 1406 2835 vinee
1430 2792 1482 2834 sue

221 2876 383 2958 Stephano
408 2878 518 2937 sartori
546 2893 574 2937 et
599 2897 654 2937 sue
680 2878 829 2954 consorti,
853 2892 997 2959 tempore
1023 2877 1098 2938 dicti
1123 2876 1249 2958 judicis.

327 2984 403 3043 ltem
430 2983 581 3044 dominus
606 2983 723 3044 Paulus
748 2983 885 3064 Spiritus
918 2983 1063 3045 vendidit
1086 2985 1217 3046 terciam
1242 2997 1367 3067 partem
1392 2985 1480 3046 vinee

220 3111 276 3151 sue
303 3089 461 3170 Gregorio
488 3089 633 3165 Scurtha,
658 3105 803 3171 tempore
829 3090 903 3150 dicti
928 3090 1053 3170 judicis.

327 3197 403 3256 ltem
430 3196 561 3256 domina
587 3196 786 3277 Margaretha
820 3216 950 3257 consors
980 3197 1068 3257 Pauli
1096 3198 1204 3258 Leualr
1230 3196 1405 3282 (vendidit)
1428 3198 1482 3259 do-

222 3304 308 3364 mine
335 3302 533 3383 Margarethe
559 3303 667 3363 relicte
694 3302 816 3363 Odolas
849 3318 976 3381 terram,
1001 3316 1145 3386 tempore
1171 3304 1247 3365 dicti
1271 3304 1398 3385 judicis.

328 3410 406 3471 ltem
432 3409 542 3469 Petrus
568 3408 752 3470 mechotreb
785 3423 815 3469 et
840 3409 1007 3471 Elisabeth
1033 3431 1088 3470 sua
1114 3429 1244 3471 consors
1268 3411 1483 3473 vendiderunt

223 3535 317 3577 unam
351 3529 496 3595 quartam
532 3513 620 3575 fundi
656 3534 765 3576 eorum
792 3516 968 3594 desertam,
1002 3516 1194 3595 Valentin0,
1226 3531 1373 3599 tempore
1411 3517 1484 3580 dicti

221 3622 344 3703 judicis.

328 3728 404 3789 ltem
431 3728 591 3787 lohannes
624 3727 778 3807 Zagorch,
811 3728 963 3808 (h)ortum
998 3749 1090 3789 suum
1124 3728 1212 3791 dedit
1242 3727 1357 3809 Kathe,
1383 3730 1484 3793 Kartha

222 3854 297 3895 vero
323 3834 382 3894 sibi
408 3849 523 3894 terram
548 3854 637 3894 suam
656 3853 711 3916 per
728 3834 861 3895 modum
888 3837 1079 3913 concambii,
1096 3851 1241 3917 tempore
1260 3834 1336 3898 dicti
1361 3837 1484 3916 judicis.

332 3941 408 4001 ltem
434 3941 565 4001 domina
592 3942 614 4000 F
620 3961 719 4022 urnya
737 3941 845 4002 relicta
872 3941 947 4001 luan
973 3940 1030 4003 filii
1049 3941 1218 4004 Marchech
1243 3943 1283 4004 ab
1306 3962 1382 4022 una,
1399 3959 1485 4026 parte

221 4067 296 4107 vero
323 4047 482 4108 etaltera
509 4047 630 4128 Symon
665 4046 750 4108 lilius
784 4047 936 4127 Stephani
972 4062 1002 4109 et
1028 4049 1170 4110 Kusman
1204 4069 1301 4132 super
1330 4050 1486 4113 universis

221 4153 311 4213 factis
335 4168 365 4213 et
383 4153 492 4212 litibus
511 4153 674 4234 hucusque
702 4155 782 4214 inter
800 4155 885 4234 ipsos
908 4153 1026 4216 habitis
1043 4170 1072 4215 et
1090 4156 1300 4218 existentibus
1324 4177 1357 4218 se
1375 4171 1485 4219 mutua

221 4260 439 4320 vicissitudine
473 4260 651 4320 alternatim
686 4262 916 4322 commiserunt
948 4261 1137 4342 expeditos,
1169 4263 1296 4345 quietos
1320 4277 1350 4325 et
1382 4263 1485 4326 modis

220 4365 371 4426 omnibus
395 4367 569 4429 absolutos

327 4471 402 4532 ltem
430 4472 579 4532 dedimus
603 4473 733 4533 domine
754 4474 852 4534 Elene
871 4475 980 4536 relicte
999 4475 1128 4537 Bachlro
1152 4474 1368 4557 superfundo
1386 4477 1483 4558 ipsius

222 4577 361 4654 Rachle,
386 4593 531 4660 tempore
557 4580 631 4640 dicti
658 4580 780 4641 domini
808 4580 930 4655 iudicis.

326 4685 403 4746 lrem
439 4687 593 4746 Martinus
626 4685 709 4748 filius
742 4686 868 4748 Gcrdalr
904 4688 1048 4748 vendidit
1081 4690 1207 4749 vineam
1232 4708 1323 4750 suam
1351 4690 1480 4772 Stoylro,

221 4805 365 4870 tempore
393 4790 468 4852 dicti
495 4791 619 4871 judicis
