3156 5364
526 475 611 531 Anno
634 483 722 550 1507.
747 506 790 516 -
813 487 863 533 12.
886 474 1053 534 novembris.
1373 495 1429 557 173

168 686 410 761 convictuum,
436 685 467 745 in
493 703 682 745 communes
714 703 790 744 vero
824 703 977 764 expensas
1001 699 1129 746 centum
1163 686 1329 762 denarios;
1361 705 1430 768 pre-

169 790 249 853 fatus
274 811 349 852 vero
373 790 500 852 Vlricus
523 810 586 850 non
606 803 775 851 contentus
796 790 850 850 sed
869 790 1043 871 appellavit
1068 791 1107 852 ad
1132 793 1274 854 seniores
1297 793 1430 875 judices.

165 934 204 942 -
232 898 382 959 Seniores
406 896 527 978 judices
551 895 705 978 prefatam
732 916 859 956 causam
885 895 1165 961 confirmaverunt.

269 1003 394 1065 Eodem
421 1003 473 1064 die
498 1022 592 1064 causa
611 1003 692 1063 inter
713 1002 893 1063 Fabianum
912 1002 1146 1085 Dwymowych
1164 1017 1195 1066 et
1219 1004 1429 1066 Valentinum

165 1110 344 1172 carnificem
371 1111 498 1172 racione
524 1110 690 1171 cuiusdam
716 1109 790 1190 equi
823 1107 929 1188 furati,
953 1108 1046 1189 jurati
1079 1110 1314 1190 adjudicarunt,
1339 1112 1428 1193 quod

165 1216 305 1298 prelatus
329 1216 491 1279 Fabianus
515 1216 555 1277 ad
581 1215 895 1296 decimumquintum
914 1215 1000 1276 diem
1025 1217 1056 1277 in
1075 1217 1165 1278 altari
1191 1231 1298 1279 sancte
1316 1217 1430 1279 Crucis

167 1324 268 1404 jurare
293 1323 424 1386 debebit
449 1323 481 1384 in
505 1343 555 1401 eo,
572 1322 660 1403 quod
683 1319 825 1402 prelatus
842 1321 1004 1383 Fabianus
1029 1323 1148 1383 inscius
1172 1338 1218 1384 est
1235 1323 1274 1385 de
1298 1343 1430 1406 compo-

166 1432 285 1495 sicione
310 1431 450 1511 quadam
475 1449 533 1511 pro
562 1448 647 1510 equo
679 1428 841 1489 Valentini
874 1427 1033 1489 carnificis
1058 1449 1130 1489 cum
1163 1428 1231 1491 lure
1257 1428 1349 1507 facta,
1374 1430 1427 1491 ubi

167 1537 267 1598 dictus
291 1535 482 1596 Valentinus
506 1536 666 1595 asserebat
690 1553 757 1594 esse
789 1533 955 1594 conscium
982 1533 1021 1595 de
1054 1533 1239 1595 huiusmodi
1265 1535 1426 1616 composi·

166 1643 254 1703 cione
280 1655 311 1702 et
335 1641 423 1722 quod
449 1640 551 1701 dictus
583 1640 773 1701 Valentinus
807 1639 938 1700 dixisset
964 1640 1025 1700 sibi
1058 1639 1244 1701 huiusmodi
1269 1639 1425 1721 composi·

164 1751 300 1828 cionem,
325 1748 413 1830 quod
439 1749 464 1808 si
489 1748 592 1808 dictus
618 1746 779 1807 Fabianus
812 1745 966 1824 juraverit
997 1760 1112 1807 extunc
1137 1746 1328 1808 Valentinus
1352 1766 1428 1807 con·

164 1856 262 1917 victus
286 1868 332 1916 est
357 1855 388 1915 in
414 1854 500 1915 dicto
525 1873 628 1935 equo;
661 1853 714 1914 ubi
750 1853 853 1913 dictus
881 1852 1072 1914 Valentinus
1096 1872 1160 1915 non
1194 1866 1363 1915 contentus
1388 1853 1428 1915 de

165 1961 281 2041 judicio
306 1961 362 2022 sed
386 1961 561 2043 appellavit
584 1961 624 2021 ad
649 1960 802 2022 seniores.

284 2180 377 2252 Faria
407 2189 510 2253 sexta
536 2178 689 2269 proxima
719 2189 796 2268 post
824 2180 948 2250 festum
977 2179 1115 2249 Martini
1146 2181 1302 2268 episcopi.

658 2334 719 2409 (12.
743 2333 926 2407 novembris).

265 2473 427 2535 lohannes
444 2473 589 2555 Posegay
614 2487 724 2534 contra
742 2472 905 2534 Andream
928 2471 1163 2553 carpentarium
1180 2470 1286 2552 primo
1311 2471 1424 2533 citatus

163 2599 223 2640 non
248 2580 441 2662 comparuit.

264 2685 403 2747 Michael
427 2704 537 2766 sporar
561 2698 671 2746 contra
698 2683 876 2766 Georgium
914 2682 1150 2765 carpentarium
1182 2682 1287 2764 primo
1311 2683 1425 2744 citatus

160 2811 221 2853 non
247 2791 440 2872 comparuit.

263 2896 426 2959 lohannes
451 2898 593 2981 Posegay
619 2910 730 2958 contra
758 2895 920 2957 andream
955 2893 1190 2977 carpentarium
1215 2893 1357 2954 secundo
1382 2893 1424 2954 ci·

157 3017 240 3065 tatus
263 3024 327 3065 non
355 3005 544 3086 comparuit.

264 3111 366 3171 Lucas
389 3123 478 3171 sutor
503 3125 612 3171 contra
638 3110 767 3170 Petrum
785 3126 940 3189 generum
963 3107 1072 3167 Benalt
1097 3106 1201 3187 primo
1227 3117 1258 3166 et
1281 3104 1423 3167 secundo

155 3216 269 3278 citatus
295 3236 359 3277 non
386 3217 576 3296 comparuit.

262 3322 367 3384 Causa
401 3323 482 3383 inter
514 3322 665 3402 Magdam
699 3321 894 3381 servitricem
925 3317 1058 3398 Georgii
1092 3318 1281 3400 carpentarii
1307 3332 1338 3379 et
1363 3318 1424 3379 Mi·

153 3427 298 3491 chaelem
324 3448 436 3510 sporar
460 3430 589 3490 racione
614 3442 645 3490 et
670 3441 815 3508 pretextu
849 3424 1075 3508 percussionis,
1100 3422 1195 3504 jurati
1220 3423 1424 3504 adjudicave-

151 3550 238 3598 runt.
264 3537 380 3612 (deest).
