3142 5356
146 456 207 463 -—-
223 454 463 463 --—-——--
484 454 569 461 —-.....

264 559 341 621 item
368 559 500 620 domina
527 560 643 640 Katrya
671 559 778 620 relicta
805 558 960 620 Anthonii
997 560 1141 620 vendidit
1167 562 1328 640 quandam
1356 581 1423 642 par*

143 665 289 728 ticulum
315 684 371 726 sue
395 666 489 726 vinee
516 665 672 750 Dyonisio
696 685 756 726 suo
781 665 898 744 amico,
923 680 1068 748 tempore
1094 667 1170 728 dicti
1195 667 1318 747 judicis.

264 773 342 834 item
378 773 530 834 dominus
565 773 720 834 vicearius
752 772 897 834 Thomas
938 772 1013 835 iecit
1043 775 1318 856 permutacionem
1352 795 1423 837 cum

150 880 253 942 Petro
279 879 411 943 Ochech
435 880 467 941 in
493 878 602 941 fundis
626 898 751 957 eorum,
779 894 924 962 tempore
950 880 1027 942 dicti
1051 880 1177 962 judicis.

264 986 341 1048 Item
366 984 528 1048 iohannes
545 987 645 1067 Niger
668 986 816 1049 vendidit
832 985 969 1048 fundum
994 1007 1089 1049 suum
1108 987 1255 1067 lucheeh,
1279 1001 1424 1069 tempore

153 1092 292 1175 predicti
317 1091 442 1172 judicis.

263 1198 340 1259 Item
366 1197 530 1260 iohannes
553 1197 703 1260 officialis
727 1197 852 1260 domini
877 1198 1026 1280 Gregorii
1052 1199 1235 1262 dubicensis
1260 1214 1290 1262 et
1314 1200 1425 1261 Petrus

157 1304 282 1366 Prunar
317 1303 532 1367 vendiderunt
568 1302 705 1366 fundum
748 1323 861 1366 eorum
898 1304 1041 1387 Georgio
1077 1307 1244 1385 Rakonik,
1278 1320 1424 1389 tempore

156 1411 233 1473 dicti
258 1410 384 1491 judicis.

264 1517 342 1577 Item
368 1515 512 1579 fecerunt
544 1517 848 1599 (permutacionem)
881 1517 988 1597 Chun‚
1015 1519 1124 1597 Lucia,
1158 1518 1320 1581 Johannes
1350 1539 1423 1581 cum

113 1687 119 1700 ‚
157 1622 260 1684 Paulo
284 1637 392 1684 sutore
417 1621 485 1684 filio
511 1621 640 1686 Gerdak
665 1623 697 1684 in
723 1624 876 1686 domibus
904 1645 1016 1687 eorum
1041 1640 1166 1705 mutuo,
1191 1642 1336 1708 tempore
1353 1646 1424 1708 pre·

156 1728 233 1790 dicti
258 1728 384 1790 domini
409 1728 534 1811 judicis.

263 1834 342 1897 Item
360 1834 509 1896 dedimus
525 1835 633 1897 literas
651 1849 774 1897 nostras
796 1835 902 1897 Blasio
920 1836 1100 1899 Plsuchech
1116 1857 1173 1920 per
1197 1851 1422 1900 testamentum

157 1941 278 2003 Mathei
303 1938 408 2002 fratris
432 1942 480 2003 sui
505 1962 601 2024 super
625 1943 719 2004 vinee
744 1942 961 2019 medietatem,
985 1958 1130 2027 tempore
1154 1944 1230 2005 dicti
1254 1943 1378 2026 judicis.
