3142 5356
685 327 772 384 Anno
796 323 887 404 1428.
1362 344 1419 405 ¹59

153 434 394 442 ——————
1016 434 1159 440 --—-
1217 432 1419 439 ——--·-—-

150 538 239 619 ginta
265 538 473 600 denariorum
492 539 586 599 nobis
610 551 641 599 et
658 551 764 599 nostre
779 538 1001 599 communitati
1019 537 1185 598 annuatim
1203 536 1419 619 persolvendi,

151 643 256 705 Fratre
281 642 349 704 filio
375 644 501 705 Mikech
527 644 778 705 molendinatori
804 644 974 705 statuimus
999 658 1154 726 perpetuo
1179 643 1419 725 possidendam.

259 750 338 812 Item
366 751 468 812 Elena
493 749 559 812 lilia
584 751 746 833 Symonis,
766 751 875 811 relicta
897 751 1033 812 condam
1053 750 1205 832 Stephani
1231 750 1420 830 carpentarii

150 855 209 919 filii
237 857 329 918 Pauli
355 857 431 918 dicti
456 856 633 940 Cobylicza
659 857 690 917 in
716 878 771 918 sua
806 871 836 917 et
862 857 1030 917 Laurencii
1057 876 1092 917 ac
1119 856 1254 917 Emerici
1280 854 1420 917 filiorum

147 982 283 1025 auorum
310 963 467 1045 personis,
499 962 662 1044 quandam
697 964 904 1024 medietatem
931 963 1096 1024 cuiusdam
1129 959 1237 1024 senilis
1259 982 1315 1024 seu
1340 963 1420 1043 prati

148 1071 211 1130 sub
236 1069 417 1130 monticulo
443 1069 474 1129 in
500 1088 566 1150 quo
583 1070 676 1130 vinea
701 1084 732 1130 et
755 1070 834 1130 silva
854 1069 1041 1131 eorumdem
1068 1070 1168 1131 Elene
1194 1083 1224 1130 et
1250 1069 1419 1131 Laurencii

148 1195 185 1238 ac
212 1175 352 1236 Emerici
378 1176 409 1236 in
435 1177 596 1238 territorio
623 1176 721 1256 ipsius
744 1177 881 1237 civitatis
905 1175 986 1237 foret
1011 1176 1194 1253 constituta,
1219 1195 1317 1258 penes
1333 1176 1418 1236 viam

147 1281 333 1342 currualem
366 1283 425 1342 sub
458 1280 574 1342 eodem
606 1282 785 1342 monticulo
818 1302 835 1342 a
867 1283 993 1344 koucha
1026 1284 1167 1363 ipsorum
1194 1282 1305 1360 Eleae,
1338 1282 1416 1344 Lau·

149 1388 249 1449 rencii
277 1401 307 1447 et
333 1387 470 1448 Emerici
496 1387 581 1467 juxta
607 1388 723 1449 dictam
758 1389 885 1449 vineam
911 1389 1098 1449 eorumdem
1125 1409 1141 1449 a
1167 1403 1253 1469 parte
1277 1403 1414 1470 septem-

150 1493 282 1555 trionali
307 1493 366 1553 sita
403 1494 641 1574 procedentem,
667 1493 765 1554 habiti
793 1509 823 1554 et
844 1495 1018 1572 existentis,
1043 1495 1133 1555 cuius
1158 1493 1263 1555 senilis
1287 1507 1318 1556 et
1334 1494 1415 1576 prati

149 1599 253 1660 aliam·
274 1600 481 1660 medietatem
514 1620 531 1659 a
555 1614 643 1682 parte
676 1600 852 1661 occidentis
877 1601 1013 1662 Michael
1040 1601 1217 1663 Sebastiani
1243 1601 1415 1663 literatorie

149 1706 330 1768 dinoscitur
354 1706 535 1787 possidere;
561 1707 635 1766 item
662 1707 748 1767 aliud
781 1728 913 1788 parvum
941 1706 1037 1768 fenile
1061 1728 1116 1768 seu
1142 1722 1267 1790 pratum
1294 1707 1416 1769 ibidem

150 1831 253 1894 prope
280 1813 310 1872 in
346 1832 445 1892 parvo
477 1813 586 1894 spacio
618 1812 657 1872 ad
692 1827 812 1893 partem
847 1813 1092 1875 meridionalem
1126 1834 1236 1876 versus
1267 1833 1416 1895 campum

148 1917 288 1979 civitatis
320 1918 547 1998 procedend0,
578 1919 638 1978 sub
681 1920 796 1979 eodem
833 1920 1011 1980 monticulo
1043 1934 1074 1981 et
1104 1920 1183 1980 silva
1220 1919 1415 2001 prefatorum

150 2025 253 2086 Elene
279 2038 309 2084 et
335 2025 503 2085 Laurencii
529 2044 564 2085 ac
590 2025 727 2086 Emerici
749 2026 830 2086 inter
854 2026 992 2087 cundem
1019 2027 1232 2087 monticulum
1258 2043 1289 2087 et
1304 2027 1417 2089 silvam

149 2150 250 2212 penes
274 2130 437 2210 quandam
472 2131 554 2191 viam
582 2131 723 2192 Clanech
757 2148 914 2208 vocatam,
949 2133 989 2192 ab
1023 2133 1091 2213 ipso
1116 2133 1239 2194 oriente
1264 2132 1417 2211 habitam,

151 2251 181 2297 et
207 2237 291 2298 inter
315 2236 477 2316 quendam
503 2237 642 2297 rivulum
677 2239 716 2297 ab
749 2237 818 2317 ipso
847 2237 1014 2299 occidente
1046 2239 1232 2300 existentem
1259 2238 1416 2316 adjacens,

151 2341 235 2404 infra
261 2362 363 2423 usque
388 2343 561 2423 quemdam
592 2362 783 2403 concursum
816 2343 954 2404 duorum
987 2345 1176 2422 rivulorum,
1201 2346 1255 2405 ubi
1281 2345 1412 2426 quidam

150 2448 275 2510 rivulus
300 2470 316 2508 a
341 2449 424 2510 dicta
450 2449 598 2510 orientali
625 2464 712 2530 parte
738 2451 909 2510 decurrens
937 2451 1097 2511 concurrit
1121 2451 1152 2510 in
1178 2451 1356 2532 predictum
1375 2451 1415 2512 ri·

150 2555 264 2615 vulum
290 2556 330 2615 ab
355 2554 520 2616 occidente
546 2555 702 2633 habitum,
728 2576 783 2636 per
808 2556 898 2616 cuius
924 2554 1029 2617 fenilis
1054 2558 1141 2639 parvi
1160 2557 1302 2618 medium
1327 2558 1415 2620 vadit

149 2661 293 2744 predicta
310 2662 360 2722 via
379 2662 533 2722 cursualis
557 2663 713 2722 ambabus
730 2663 872 2742 partibus
889 2662 1039 2743 predictis
1056 2678 1086 2724 et
1103 2683 1214 2724 eorum
1240 2663 1412 2725 heredibus

148 2768 181 2828 in
207 2786 303 2827 evum
336 2767 537 2841 deserviens;
570 2768 756 2847 premissam
784 2768 890 2848 itaque
920 2769 1122 2829 medietatem
1149 2769 1282 2850 predicti
1307 2768 1412 2830 senilis

148 2874 283 2935 maioris
307 2893 342 2933 ac
366 2886 515 2953 quartum
542 2872 638 2933 fenile
655 2893 711 2933 seu
735 2886 860 2954 pratum
881 2893 1013 2954 parvum
1032 2894 1104 2935 cum
1122 2876 1186 2936 suis
1211 2875 1416 2956 pertinenciis

149 2979 297 3061 predicto
324 2979 472 3040 Michaeli
499 2979 677 3040 Sebastiam
704 2999 761 3061 pro
787 2980 878 3041 certis
899 2981 1016 3041 debitis
1039 2977 1150 3062 prefati
1177 2981 1330 3062 Stephani
1349 2981 1411 3043 Co·

149 3084 250 3146 bilich
265 3085 407 3166 ipsorum
426 3085 669 3167 predecessoris,
687 3085 791 3145 eidem
820 3085 967 3146 Michaeli
985 3085 1083 3166 judici
1102 3107 1159 3168 pro
1174 3106 1291 3147 novem
1310 3087 1416 3167 peusis

148 3191 357 3251 denariorum
384 3192 529 3252 vendidit
554 3205 710 3272 perpetuo
734 3192 977 3272 possidendum.

258 3295 336 3357 Item
361 3297 514 3378 providus
538 3297 586 3356 vir
611 3297 773 3357 Johannes
806 3298 929 3378 pridem
954 3298 1048 3378 judex
1080 3296 1166 3358 filius
1198 3300 1336 3378 Nicolai,
1374 3302 1413 3360 ab

150 3422 216 3463 una
242 3415 341 3481 parte,
364 3416 397 3463 et
421 3402 531 3462 Petrus
555 3401 639 3463 filius
658 3402 743 3464 Galli
770 3403 873 3463 dictus
890 3403 1045 3464 Panthera
1071 3404 1101 3463 in
1128 3424 1183 3464 sua
1208 3419 1239 3466 et
1257 3405 1410 3487 Stephani

147 3506 206 3569 filii
222 3507 388 3568 Michaelis
402 3507 593 3589 Orthoplich
611 3509 698 3586 dicti,
718 3507 821 3569 fratris
845 3510 904 3587 sui,
929 3530 984 3590 per
1000 3525 1134 3571 matrem
1152 3531 1264 3572 eorum
1282 3512 1413 3573 nomine

148 3613 308 3677 Ceciliam
337 3613 434 3674 liliam
460 3613 572 3695 prefati
598 3615 734 3690 Nicolai,
759 3635 902 3677 sororem
927 3616 1075 3677 videlicet
1100 3617 1232 3697 predicti
1259 3617 1414 3678 iohannis

148 3720 265 3798 judicis
288 3722 447 3782 seniorem
467 3723 624 3783 uterinam
641 3736 672 3782 et
693 3723 864 3800 carnalem,
882 3737 1063 3783 consortem
1089 3724 1226 3784 condam
1253 3724 1411 3786 dictorum

149 3825 319 3887 Michaelis
344 3840 375 3887 et
400 3825 497 3904 Galli,
522 3828 638 3887 uterini
656 3841 687 3888 et
711 3828 845 3888 carnalis
863 3829 902 3888 ab
920 3828 1016 3889 altera
1042 3829 1195 3908 partibus,
1219 3829 1314 3889 talem
1334 3830 1414 3889 inter

148 3951 182 3992 se
207 3931 482 4013 composicionem
509 3947 539 3992 et
564 3933 717 3992 unionem
751 3953 806 4014 per
832 3934 1037 3994 concordiam
1071 3936 1246 4015 proborum
1272 3935 1413 3995 virorum

149 4056 262 4119 pacem
296 4037 435 4118 ipsarum
470 4040 612 4119 parcium
645 4039 824 4100 zelancium
857 4037 1010 4117 lecerunt,
1043 4040 1130 4120 quod
1160 4041 1226 4121 ipse
1251 4039 1414 4101 Johannes

149 4142 246 4221 judex
273 4144 366 4205 dictis
393 4145 485 4205 Petro
511 4158 541 4204 et
566 4144 730 4225 Stephano
748 4146 908 4226 quandam
936 4146 1070 4206 domum
1096 4160 1252 4205 muratam
1279 4146 1309 4205 in
1335 4146 1412 4206 civi·

149 4263 213 4309 tate
239 4249 321 4310 inter
345 4256 519 4310 stacionem
546 4250 712 4310 Jacomelli
739 4266 769 4312 et
791 4250 926 4311 fundum
957 4252 1031 4312 dicti
1059 4252 1213 4312 Johannis
1237 4251 1351 4330 judicis
1376 4272 1413 4312 ac

151 4355 182 4416 in
207 4368 358 4437 postergo
384 4355 499 4416 domus
517 4371 546 4416 et
572 4355 661 4416 fundi
688 4356 834 4436 Gregorii
854 4358 946 4438 jurati
968 4378 1025 4418 nec
1050 4378 1115 4418 non
1134 4358 1200 4417 vias
1225 4377 1414 4419 communes

149 4480 205 4522 seu
231 4462 352 4542 plateas
375 4461 529 4539 habitam,
554 4463 693 4521 mediam
719 4464 838 4523 curiam
866 4464 896 4522 io
926 4484 958 4522 se
982 4464 1212 4540 continentem,
1250 4483 1322 4524 cum
1348 4465 1414 4525 suis

149 4567 374 4648 pertinenciis3
393 4568 469 4629 item
495 4570 656 4648 quandam
676 4583 792 4629 terram
810 4569 964 4629 arabilem
990 4570 1020 4629 in
1040 4589 1154 4650 campo
1179 4569 1314 4630 civitatis
1332 4570 1414 4632 inter

150 4686 247 4733 terras
273 4672 438 4734 Michaelis
464 4673 641 4734 Sebastiani
669 4675 707 4734 ab
726 4675 848 4735 oriente
874 4688 904 4735 et
929 4696 945 4734 a
970 4674 1160 4753 meridione,
1183 4676 1222 4735 ab
1247 4676 1413 4738 occidente

149 4797 223 4839 vero
255 4797 355 4858 penes
388 4793 486 4839 terras
519 4779 613 4839 Blasii
649 4779 864 4857 Kurmanich,
896 4801 913 4840 a
945 4781 1174 4863 septemtrione
1205 4801 1295 4842 secus
1328 4783 1412 4844 viam
