<?xml version="1.0" encoding="UTF-8"?>
<!DOCTYPE html PUBLIC "-//W3C//DTD XHTML 1.0 Transitional//EN"
    "http://www.w3.org/TR/xhtml1/DTD/xhtml1-transitional.dtd">
<html xmlns="http://www.w3.org/1999/xhtml" xml:lang="en" lang="en">
 <head>
  <title>
</title>
<meta http-equiv="Content-Type" content="text/html;charset=utf-8" />
  <meta name='ocr-system' content='tesseract 3.04.00' />
  <meta name='ocr-capabilities' content='ocr_page ocr_carea ocr_par ocr_line ocrx_word'/>
</head>
<body>
  <div class='ocr_page' id='page_1' title='image "./monumentahistor17laszgoog_0311.png"; bbox 0 0 3142 5356; ppageno 0'>
   <div class='ocr_carea' id='block_1_1' title="bbox 150 468 851 547">
    <p class='ocr_par' dir='ltr' id='par_1_1' title="bbox 150 468 851 547">
     <span class='ocr_line' id='line_1_1' title="bbox 150 468 851 547; baseline -0.004 -18"><span class='ocrx_word' id='word_1_1' title='bbox 150 471 211 547; x_wconf 86' lang='lat'>258</span> <span class='ocrx_word' id='word_1_2' title='bbox 700 468 851 527; x_wconf 82' lang='lat' dir='ltr'>Addenda.</span> 
     </span>
    </p>
   </div>
   <div class='ocr_carea' id='block_1_2' title="bbox 150 570 1405 584">
    <p class='ocr_par' dir='ltr' id='par_1_2' title="bbox 150 570 1405 584">
     <span class='ocr_line' id='line_1_2' title="bbox 150 570 1405 584; baseline 0 -2"><span class='ocrx_word' id='word_1_3' title='bbox 150 576 264 583; x_wconf 75' lang='grc'>-.-.</span> <span class='ocrx_word' id='word_1_4' title='bbox 309 576 686 584; x_wconf 60' lang='lat'>.——.-—.—--</span> <span class='ocrx_word' id='word_1_5' title='bbox 727 577 756 581; x_wconf 77' lang='lat'>—</span> <span class='ocrx_word' id='word_1_6' title='bbox 789 577 822 581; x_wconf 81' lang='lat'>—</span> <span class='ocrx_word' id='word_1_7' title='bbox 898 570 1405 583; x_wconf 55' lang='lat' dir='ltr'>--.—-—..-....----—-..ae</span> 
     </span>
    </p>
   </div>
   <div class='ocr_carea' id='block_1_3' title="bbox 745 696 801 763">
    <p class='ocr_par' dir='ltr' id='par_1_3' title="bbox 745 696 801 763">
     <span class='ocr_line' id='line_1_3' title="bbox 745 696 801 763; baseline 0 -1"><span class='ocrx_word' id='word_1_8' title='bbox 745 696 801 763; x_wconf 73' lang='lat' dir='ltr'>aa.</span> 
     </span>
    </p>
   </div>
   <div class='ocr_carea' id='block_1_4' title="bbox 147 858 1405 1684">
    <p class='ocr_par' dir='ltr' id='par_1_4' title="bbox 147 858 1405 1684">
     <span class='ocr_line' id='line_1_4' title="bbox 254 858 1349 941; baseline 0 -21"><span class='ocrx_word' id='word_1_9' title='bbox 254 861 345 920; x_wconf 85' lang='lat' dir='ltr'>Feria</span> <span class='ocrx_word' id='word_1_10' title='bbox 377 861 474 920; x_wconf 89' lang='lat' dir='ltr'>tercia</span> <span class='ocrx_word' id='word_1_11' title='bbox 509 875 580 941; x_wconf 89' lang='lat' dir='ltr'>post</span> <span class='ocrx_word' id='word_1_12' title='bbox 614 859 721 921; x_wconf 87' lang='lat' dir='ltr'>Lucie.</span> <span class='ocrx_word' id='word_1_13' title='bbox 755 858 861 920; x_wconf 81' lang='lat' dir='ltr'>Causa</span> <span class='ocrx_word' id='word_1_14' title='bbox 895 859 975 920; x_wconf 90' lang='lat' dir='ltr'>inter</span> <span class='ocrx_word' id='word_1_15' title='bbox 1007 861 1170 922; x_wconf 89' lang='lat' dir='ltr'>Andream</span> <span class='ocrx_word' id='word_1_16' title='bbox 1206 861 1349 922; x_wconf 86' lang='lat' dir='ltr'>Kranecz</span> 
     </span>
     <span class='ocr_line' id='line_1_5' title="bbox 149 965 1395 1049; baseline 0.001 -22"><span class='ocrx_word' id='word_1_17' title='bbox 149 966 341 1047; x_wconf 90' lang='lat' dir='ltr'>Gregorium</span> <span class='ocrx_word' id='word_1_18' title='bbox 375 980 515 1026; x_wconf 90' lang='lat' dir='ltr'>sutorem</span> <span class='ocrx_word' id='word_1_19' title='bbox 549 966 677 1026; x_wconf 84' lang='lat' dir='ltr'>racione</span> <span class='ocrx_word' id='word_1_20' title='bbox 712 965 877 1026; x_wconf 91' lang='lat' dir='ltr'>cuiusdam</span> <span class='ocrx_word' id='word_1_21' title='bbox 911 967 985 1047; x_wconf 90' lang='lat' dir='ltr'>equi</span> <span class='ocrx_word' id='word_1_22' title='bbox 1018 986 1074 1049; x_wconf 94' lang='lat' dir='ltr'>per</span> <span class='ocrx_word' id='word_1_23' title='bbox 1105 967 1210 1048; x_wconf 91' lang='lat' dir='ltr'>ipsum</span> <span class='ocrx_word' id='word_1_24' title='bbox 1244 967 1395 1028; x_wconf 56' lang='lat' dir='ltr'>Andrea„</span> 
     </span>
     <span class='ocr_line' id='line_1_6' title="bbox 148 1072 1405 1154; baseline 0.001 -22"><span class='ocrx_word' id='word_1_25' title='bbox 148 1073 234 1132; x_wconf 93' lang='lat' dir='ltr'>dicto</span> <span class='ocrx_word' id='word_1_26' title='bbox 259 1072 418 1152; x_wconf 84' lang='lat' dir='ltr'>Gregorio</span> <span class='ocrx_word' id='word_1_27' title='bbox 442 1072 643 1133; x_wconf 87' lang='lat' dir='ltr'>accornodati</span> <span class='ocrx_word' id='word_1_28' title='bbox 662 1086 692 1133; x_wconf 92' lang='lat' dir='ltr'>et</span> <span class='ocrx_word' id='word_1_29' title='bbox 710 1072 775 1132; x_wconf 94' lang='lat' dir='ltr'>illic</span> <span class='ocrx_word' id='word_1_30' title='bbox 794 1073 923 1149; x_wconf 90' lang='lat' dir='ltr'>mortui,</span> <span class='ocrx_word' id='word_1_31' title='bbox 948 1072 1040 1152; x_wconf 89' lang='lat' dir='ltr'>jurati</span> <span class='ocrx_word' id='word_1_32' title='bbox 1058 1073 1294 1153; x_wconf 86' lang='lat' dir='ltr'>adjudicarunt,</span> <span class='ocrx_word' id='word_1_33' title='bbox 1318 1085 1405 1154; x_wconf 72' lang='lat' dir='ltr'>quc</span> 
     </span>
     <span class='ocr_line' id='line_1_7' title="bbox 147 1175 1405 1260; baseline 0.002 -23"><span class='ocrx_word' id='word_1_34' title='bbox 147 1175 287 1260; x_wconf 81' lang='lat' dir='ltr'>prefatus</span> <span class='ocrx_word' id='word_1_35' title='bbox 319 1178 465 1239; x_wconf 79' lang='lat' dir='ltr'>Andreas</span> <span class='ocrx_word' id='word_1_36' title='bbox 496 1198 590 1259; x_wconf 91' lang='lat' dir='ltr'>super</span> <span class='ocrx_word' id='word_1_37' title='bbox 622 1178 712 1239; x_wconf 87' lang='lat' dir='ltr'>altari</span> <span class='ocrx_word' id='word_1_38' title='bbox 747 1193 854 1239; x_wconf 89' lang='lat' dir='ltr'>sancte</span> <span class='ocrx_word' id='word_1_39' title='bbox 880 1179 992 1239; x_wconf 87' lang='lat' dir='ltr'>Crucis</span> <span class='ocrx_word' id='word_1_40' title='bbox 1016 1179 1118 1257; x_wconf 84' lang='lat' dir='ltr'>jurare</span> <span class='ocrx_word' id='word_1_41' title='bbox 1144 1178 1286 1257; x_wconf 83' lang='lat' dir='ltr'>debebit,</span> <span class='ocrx_word' id='word_1_42' title='bbox 1320 1191 1405 1260; x_wconf 72' lang='lat' dir='ltr'>quc</span> 
     </span>
     <span class='ocr_line' id='line_1_8' title="bbox 151 1281 1405 1369; baseline 0.002 -24"><span class='ocrx_word' id='word_1_43' title='bbox 151 1285 182 1345; x_wconf 93' lang='lat' dir='ltr'>in</span> <span class='ocrx_word' id='word_1_44' title='bbox 206 1281 261 1346; x_wconf 89' lang='lat' dir='ltr'>tali</span> <span class='ocrx_word' id='word_1_45' title='bbox 293 1285 563 1347; x_wconf 85' lang='lat' dir='ltr'>accomodacione</span> <span class='ocrx_word' id='word_1_46' title='bbox 587 1298 617 1346; x_wconf 93' lang='lat' dir='ltr'>et</span> <span class='ocrx_word' id='word_1_47' title='bbox 649 1299 771 1365; x_wconf 88' lang='lat' dir='ltr'>expost,</span> <span class='ocrx_word' id='word_1_48' title='bbox 804 1298 835 1345; x_wconf 92' lang='lat' dir='ltr'>et</span> <span class='ocrx_word' id='word_1_49' title='bbox 858 1286 916 1346; x_wconf 89' lang='lat' dir='ltr'>sub</span> <span class='ocrx_word' id='word_1_50' title='bbox 942 1305 1038 1347; x_wconf 90' lang='lat' dir='ltr'>onere</span> <span class='ocrx_word' id='word_1_51' title='bbox 1064 1285 1140 1346; x_wconf 90' lang='lat' dir='ltr'>dicti</span> <span class='ocrx_word' id='word_1_52' title='bbox 1165 1285 1316 1367; x_wconf 88' lang='lat' dir='ltr'>Gregorii</span> <span class='ocrx_word' id='word_1_53' title='bbox 1341 1299 1405 1369; x_wconf 69' lang='lat' dir='ltr'>pr</span> 
     </span>
     <span class='ocr_line' id='line_1_9' title="bbox 149 1389 1392 1473; baseline 0 -20"><span class='ocrx_word' id='word_1_54' title='bbox 149 1389 231 1453; x_wconf 78' lang='lat' dir='ltr'>fatus</span> <span class='ocrx_word' id='word_1_55' title='bbox 254 1411 356 1473; x_wconf 88' lang='lat' dir='ltr'>equus</span> <span class='ocrx_word' id='word_1_56' title='bbox 380 1407 427 1453; x_wconf 90' lang='lat' dir='ltr'>est</span> <span class='ocrx_word' id='word_1_57' title='bbox 450 1407 613 1467; x_wconf 89' lang='lat' dir='ltr'>mortuus;</span> <span class='ocrx_word' id='word_1_58' title='bbox 646 1406 675 1452; x_wconf 92' lang='lat' dir='ltr'>et</span> <span class='ocrx_word' id='word_1_59' title='bbox 700 1391 787 1452; x_wconf 88' lang='lat' dir='ltr'>aliud</span> <span class='ocrx_word' id='word_1_60' title='bbox 814 1391 1041 1472; x_wconf 84' lang='lat' dir='ltr'>juramentum,</span> <span class='ocrx_word' id='word_1_61' title='bbox 1073 1392 1184 1472; x_wconf 89' lang='lat' dir='ltr'>quanti</span> <span class='ocrx_word' id='word_1_62' title='bbox 1219 1391 1340 1454; x_wconf 87' lang='lat' dir='ltr'>valoris</span> <span class='ocrx_word' id='word_1_63' title='bbox 1363 1413 1392 1453; x_wconf 69' lang='lat' dir='ltr'>s</span> 
     </span>
     <span class='ocr_line' id='line_1_10' title="bbox 149 1497 1405 1580; baseline 0.002 -22"><span class='ocrx_word' id='word_1_64' title='bbox 149 1499 342 1558; x_wconf 88' lang='lat' dir='ltr'>Juramentis</span> <span class='ocrx_word' id='word_1_65' title='bbox 375 1499 482 1580; x_wconf 90' lang='lat' dir='ltr'>itaque</span> <span class='ocrx_word' id='word_1_66' title='bbox 514 1499 558 1559; x_wconf 90' lang='lat' dir='ltr'>sic</span> <span class='ocrx_word' id='word_1_67' title='bbox 588 1498 761 1580; x_wconf 90' lang='lat' dir='ltr'>depositis,</span> <span class='ocrx_word' id='word_1_68' title='bbox 792 1497 933 1579; x_wconf 86' lang='lat' dir='ltr'>prefatus</span> <span class='ocrx_word' id='word_1_69' title='bbox 966 1497 1141 1579; x_wconf 88' lang='lat' dir='ltr'>Gregorius</span> <span class='ocrx_word' id='word_1_70' title='bbox 1173 1499 1204 1559; x_wconf 94' lang='lat' dir='ltr'>in</span> <span class='ocrx_word' id='word_1_71' title='bbox 1241 1498 1405 1561; x_wconf 75' lang='lat' dir='ltr'>solucio:</span> 
     </span>
     <span class='ocr_line' id='line_1_11' title="bbox 149 1604 594 1684; baseline 0.007 -20"><span class='ocrx_word' id='word_1_72' title='bbox 149 1604 224 1666; x_wconf 94' lang='lat' dir='ltr'>dicti</span> <span class='ocrx_word' id='word_1_73' title='bbox 249 1604 324 1684; x_wconf 91' lang='lat' dir='ltr'>equi</span> <span class='ocrx_word' id='word_1_74' title='bbox 350 1619 396 1665; x_wconf 93' lang='lat' dir='ltr'>est</span> <span class='ocrx_word' id='word_1_75' title='bbox 420 1605 594 1667; x_wconf 87' lang='lat' dir='ltr'>convictus.</span> 
     </span>
    </p>
   </div>
   <div class='ocr_carea' id='block_1_5' title="bbox 149 1727 1405 2661">
    <p class='ocr_par' dir='ltr' id='par_1_5' title="bbox 149 1727 1405 2661">
     <span class='ocr_line' id='line_1_12' title="bbox 256 1727 1405 1810; baseline 0 -23"><span class='ocrx_word' id='word_1_76' title='bbox 256 1727 379 1789; x_wconf 84' lang='lat' dir='ltr'>Eodem</span> <span class='ocrx_word' id='word_1_77' title='bbox 406 1728 469 1806; x_wconf 85' lang='lat' dir='ltr'>die,</span> <span class='ocrx_word' id='word_1_78' title='bbox 493 1747 587 1788; x_wconf 89' lang='lat' dir='ltr'>causa</span> <span class='ocrx_word' id='word_1_79' title='bbox 612 1729 693 1789; x_wconf 90' lang='lat' dir='ltr'>inter</span> <span class='ocrx_word' id='word_1_80' title='bbox 722 1727 876 1788; x_wconf 89' lang='lat' dir='ltr'>Mathiam</span> <span class='ocrx_word' id='word_1_81' title='bbox 909 1727 1102 1810; x_wconf 86' lang='lat' dir='ltr'>freniparem</span> <span class='ocrx_word' id='word_1_82' title='bbox 1128 1743 1159 1789; x_wconf 92' lang='lat' dir='ltr'>et</span> <span class='ocrx_word' id='word_1_83' title='bbox 1184 1729 1354 1792; x_wconf 87' lang='lat' dir='ltr'>Balthasar</span> <span class='ocrx_word' id='word_1_84' title='bbox 1377 1748 1405 1787; x_wconf 74' lang='grc' dir='ltr'><strong><em>ι</em></strong></span> 
     </span>
     <span class='ocr_line' id='line_1_13' title="bbox 151 1833 1405 1916; baseline -0.002 -21"><span class='ocrx_word' id='word_1_85' title='bbox 151 1833 266 1916; x_wconf 89' lang='lat' dir='ltr'>Okych</span> <span class='ocrx_word' id='word_1_86' title='bbox 291 1835 418 1895; x_wconf 84' lang='lat' dir='ltr'>racione</span> <span class='ocrx_word' id='word_1_87' title='bbox 444 1848 473 1894; x_wconf 90' lang='lat' dir='ltr'>et</span> <span class='ocrx_word' id='word_1_88' title='bbox 498 1849 642 1915; x_wconf 86' lang='lat' dir='ltr'>pretextu</span> <span class='ocrx_word' id='word_1_89' title='bbox 674 1850 758 1895; x_wconf 85' lang='lat' dir='ltr'>certe</span> <span class='ocrx_word' id='word_1_90' title='bbox 783 1835 1033 1916; x_wconf 73' lang='lat' dir='ltr'>vituperationis</span> <span class='ocrx_word' id='word_1_91' title='bbox 1066 1848 1096 1896; x_wconf 94' lang='lat' dir='ltr'>et</span> <span class='ocrx_word' id='word_1_92' title='bbox 1121 1835 1238 1895; x_wconf 91' lang='lat' dir='ltr'>dehinc</span> <span class='ocrx_word' id='word_1_93' title='bbox 1263 1837 1405 1898; x_wconf 72' lang='lat' dir='ltr'>vulnera</span> 
     </span>
     <span class='ocr_line' id='line_1_14' title="bbox 151 1941 1403 2026; baseline 0.002 -24"><span class='ocrx_word' id='word_1_94' title='bbox 151 1941 262 2019; x_wconf 89' lang='lat' dir='ltr'>ciouis,</span> <span class='ocrx_word' id='word_1_95' title='bbox 286 1941 379 2022; x_wconf 89' lang='lat' dir='ltr'>jurati</span> <span class='ocrx_word' id='word_1_96' title='bbox 397 1941 661 2022; x_wconf 88' lang='lat' dir='ltr'>adjudicaverunt</span> <span class='ocrx_word' id='word_1_97' title='bbox 679 1962 777 2022; x_wconf 91' lang='lat' dir='ltr'>penes</span> <span class='ocrx_word' id='word_1_98' title='bbox 793 1943 976 2003; x_wconf 88' lang='lat' dir='ltr'>testimonia</span> <span class='ocrx_word' id='word_1_99' title='bbox 1001 1942 1152 2020; x_wconf 85' lang='lat' dir='ltr'>exhibita,</span> <span class='ocrx_word' id='word_1_100' title='bbox 1176 1943 1266 2023; x_wconf 93' lang='lat' dir='ltr'>quod</span> <span class='ocrx_word' id='word_1_101' title='bbox 1292 1964 1332 2005; x_wconf 83' lang='lat' dir='ltr'>ex</span> <span class='ocrx_word' id='word_1_102' title='bbox 1350 1961 1403 2026; x_wconf 88' lang='lat' dir='ltr'>qu</span> 
     </span>
     <span class='ocr_line' id='line_1_15' title="bbox 152 2046 1405 2131; baseline -0.001 -23"><span class='ocrx_word' id='word_1_103' title='bbox 152 2046 290 2130; x_wconf 83' lang='lat' dir='ltr'>prelatus</span> <span class='ocrx_word' id='word_1_104' title='bbox 315 2047 480 2109; x_wconf 89' lang='lat' dir='ltr'>Balthasar</span> <span class='ocrx_word' id='word_1_105' title='bbox 506 2048 626 2108; x_wconf 92' lang='lat' dir='ltr'>dictum</span> <span class='ocrx_word' id='word_1_106' title='bbox 645 2048 799 2109; x_wconf 89' lang='lat' dir='ltr'>Mathiam</span> <span class='ocrx_word' id='word_1_107' title='bbox 818 2046 1009 2130; x_wconf 87' lang='lat' dir='ltr'>lreniparem</span> <span class='ocrx_word' id='word_1_108' title='bbox 1036 2049 1215 2130; x_wconf 90' lang='lat' dir='ltr'>vituperare</span> <span class='ocrx_word' id='word_1_109' title='bbox 1239 2049 1364 2131; x_wconf 88' lang='lat' dir='ltr'>incepit</span> <span class='ocrx_word' id='word_1_110' title='bbox 1393 2066 1405 2107; x_wconf 78' lang='lat' dir='ltr'>e</span> 
     </span>
     <span class='ocr_line' id='line_1_16' title="bbox 151 2154 1405 2235; baseline 0 -19"><span class='ocrx_word' id='word_1_111' title='bbox 151 2155 280 2216; x_wconf 91' lang='lat' dir='ltr'>tandem</span> <span class='ocrx_word' id='word_1_112' title='bbox 300 2173 406 2215; x_wconf 89' lang='lat' dir='ltr'>coram</span> <span class='ocrx_word' id='word_1_113' title='bbox 425 2154 517 2215; x_wconf 91' lang='lat' dir='ltr'>certis</span> <span class='ocrx_word' id='word_1_114' title='bbox 534 2155 677 2235; x_wconf 91' lang='lat' dir='ltr'>personis</span> <span class='ocrx_word' id='word_1_115' title='bbox 695 2169 725 2215; x_wconf 92' lang='lat' dir='ltr'>et</span> <span class='ocrx_word' id='word_1_116' title='bbox 743 2155 834 2214; x_wconf 90' lang='lat' dir='ltr'>certis</span> <span class='ocrx_word' id='word_1_117' title='bbox 851 2155 974 2215; x_wconf 91' lang='lat' dir='ltr'>civibus</span> <span class='ocrx_word' id='word_1_118' title='bbox 992 2155 1069 2215; x_wconf 91' lang='lat' dir='ltr'>inibi</span> <span class='ocrx_word' id='word_1_119' title='bbox 1088 2155 1270 2216; x_wconf 90' lang='lat' dir='ltr'>constitutis</span> <span class='ocrx_word' id='word_1_120' title='bbox 1287 2170 1405 2216; x_wconf 70' lang='lat' dir='ltr'>contra⁴</span> 
     </span>
     <span class='ocr_line' id='line_1_17' title="bbox 153 2260 1405 2341; baseline -0.002 -20"><span class='ocrx_word' id='word_1_121' title='bbox 153 2261 268 2324; x_wconf 85' lang='lat' dir='ltr'>dixerit</span> <span class='ocrx_word' id='word_1_122' title='bbox 285 2261 326 2321; x_wconf 90' lang='lat' dir='ltr'>ita</span> <span class='ocrx_word' id='word_1_123' title='bbox 351 2260 504 2341; x_wconf 87' lang='lat' dir='ltr'>allegans,</span> <span class='ocrx_word' id='word_1_124' title='bbox 529 2261 616 2340; x_wconf 93' lang='lat' dir='ltr'>quod</span> <span class='ocrx_word' id='word_1_125' title='bbox 642 2261 681 2320; x_wconf 88' lang='lat' dir='ltr'>ad</span> <span class='ocrx_word' id='word_1_126' title='bbox 707 2261 841 2321; x_wconf 92' lang='lat' dir='ltr'>domum</span> <span class='ocrx_word' id='word_1_127' title='bbox 863 2280 951 2320; x_wconf 90' lang='lat' dir='ltr'>suam</span> <span class='ocrx_word' id='word_1_128' title='bbox 971 2262 1091 2340; x_wconf 91' lang='lat' dir='ltr'>absque</span> <span class='ocrx_word' id='word_1_129' title='bbox 1116 2260 1225 2341; x_wconf 90' lang='lat' dir='ltr'>aliqua</span> <span class='ocrx_word' id='word_1_130' title='bbox 1243 2260 1368 2322; x_wconf 89' lang='lat' dir='ltr'>lesione</span> <span class='ocrx_word' id='word_1_131' title='bbox 1386 2275 1405 2321; x_wconf 82' lang='lat' dir='ltr'>et</span> 
     </span>
     <span class='ocr_line' id='line_1_18' title="bbox 151 2366 1405 2449; baseline 0 -21"><span class='ocrx_word' id='word_1_132' title='bbox 151 2368 355 2449; x_wconf 87' lang='lat' dir='ltr'>percussione</span> <span class='ocrx_word' id='word_1_133' title='bbox 368 2367 471 2448; x_wconf 91' lang='lat' dir='ltr'>ipsum</span> <span class='ocrx_word' id='word_1_134' title='bbox 487 2366 589 2426; x_wconf 91' lang='lat' dir='ltr'>redire</span> <span class='ocrx_word' id='word_1_135' title='bbox 608 2385 671 2427; x_wconf 90' lang='lat' dir='ltr'>non</span> <span class='ocrx_word' id='word_1_136' title='bbox 687 2367 858 2447; x_wconf 85' lang='lat' dir='ltr'>permittet,</span> <span class='ocrx_word' id='word_1_137' title='bbox 875 2366 930 2426; x_wconf 90' lang='lat' dir='ltr'>sed</span> <span class='ocrx_word' id='word_1_138' title='bbox 948 2381 1019 2447; x_wconf 93' lang='lat' dir='ltr'>post</span> <span class='ocrx_word' id='word_1_139' title='bbox 1032 2367 1284 2447; x_wconf 90' lang='lat' dir='ltr'>concepcionem</span> <span class='ocrx_word' id='word_1_140' title='bbox 1303 2367 1405 2428; x_wconf 90' lang='lat' dir='ltr'>huius·</span> 
     </span>
     <span class='ocr_line' id='line_1_19' title="bbox 152 2473 1405 2554; baseline -0.002 -18"><span class='ocrx_word' id='word_1_141' title='bbox 152 2475 240 2536; x_wconf 89' lang='lat' dir='ltr'>modi</span> <span class='ocrx_word' id='word_1_142' title='bbox 251 2475 455 2536; x_wconf 89' lang='lat' dir='ltr'>criminosam</span> <span class='ocrx_word' id='word_1_143' title='bbox 469 2474 556 2534; x_wconf 92' lang='lat' dir='ltr'>illico</span> <span class='ocrx_word' id='word_1_144' title='bbox 567 2473 669 2534; x_wconf 90' lang='lat' dir='ltr'>dictus</span> <span class='ocrx_word' id='word_1_145' title='bbox 684 2473 846 2534; x_wconf 84' lang='lat' dir='ltr'>Balthasar</span> <span class='ocrx_word' id='word_1_146' title='bbox 861 2473 994 2534; x_wconf 84' lang='lat' dir='ltr'>domurn</span> <span class='ocrx_word' id='word_1_147' title='bbox 1008 2493 1098 2534; x_wconf 88' lang='lat' dir='ltr'>suam</span> <span class='ocrx_word' id='word_1_148' title='bbox 1112 2474 1199 2534; x_wconf 91' lang='lat' dir='ltr'>venit</span> <span class='ocrx_word' id='word_1_149' title='bbox 1216 2488 1247 2534; x_wconf 89' lang='lat' dir='ltr'>et</span> <span class='ocrx_word' id='word_1_150' title='bbox 1264 2474 1405 2554; x_wconf 90' lang='lat' dir='ltr'>gladium</span> 
     </span>
     <span class='ocr_line' id='line_1_20' title="bbox 149 2578 1405 2661; baseline -0.002 -19"><span class='ocrx_word' id='word_1_151' title='bbox 149 2601 242 2642; x_wconf 86' lang='lat' dir='ltr'>suurn</span> <span class='ocrx_word' id='word_1_152' title='bbox 268 2595 298 2643; x_wconf 92' lang='lat' dir='ltr'>et</span> <span class='ocrx_word' id='word_1_153' title='bbox 322 2581 457 2642; x_wconf 86' lang='lat' dir='ltr'>securim</span> <span class='ocrx_word' id='word_1_154' title='bbox 490 2579 744 2661; x_wconf 90' lang='lat' dir='ltr'>apprehendens,</span> <span class='ocrx_word' id='word_1_155' title='bbox 779 2580 865 2640; x_wconf 90' lang='lat' dir='ltr'>dicto</span> <span class='ocrx_word' id='word_1_156' title='bbox 901 2579 1021 2641; x_wconf 90' lang='lat' dir='ltr'>Mathie</span> <span class='ocrx_word' id='word_1_157' title='bbox 1054 2578 1215 2660; x_wconf 88' lang='lat' dir='ltr'>freniparo</span> <span class='ocrx_word' id='word_1_158' title='bbox 1240 2580 1346 2640; x_wconf 87' lang='lat' dir='ltr'>noctis</span> <span class='ocrx_word' id='word_1_159' title='bbox 1378 2580 1405 2640; x_wconf 93' lang='lat' dir='ltr'>in</span> 
     </span>
    </p>
   </div>
   <div class='ocr_carea' id='block_1_6' title="bbox 150 2684 1405 3406">
    <p class='ocr_par' dir='ltr' id='par_1_6' title="bbox 150 2684 1405 3406">
     <span class='ocr_line' id='line_1_21' title="bbox 150 2684 1405 2767; baseline -0.005 -18"><span class='ocrx_word' id='word_1_160' title='bbox 150 2688 283 2749; x_wconf 83' lang='lat' dir='ltr'>silencio</span> <span class='ocrx_word' id='word_1_161' title='bbox 309 2688 341 2748; x_wconf 93' lang='lat' dir='ltr'>in</span> <span class='ocrx_word' id='word_1_162' title='bbox 367 2701 468 2748; x_wconf 90' lang='lat' dir='ltr'>teatro</span> <span class='ocrx_word' id='word_1_163' title='bbox 500 2686 630 2767; x_wconf 94' lang='lat' dir='ltr'>publico</span> <span class='ocrx_word' id='word_1_164' title='bbox 656 2684 771 2746; x_wconf 88' lang='lat' dir='ltr'>furtive</span> <span class='ocrx_word' id='word_1_165' title='bbox 804 2699 834 2746; x_wconf 88' lang='lat' dir='ltr'>et</span> <span class='ocrx_word' id='word_1_166' title='bbox 866 2686 1063 2747; x_wconf 84' lang='lat' dir='ltr'>clandestine</span> <span class='ocrx_word' id='word_1_167' title='bbox 1095 2704 1163 2745; x_wconf 90' lang='lat' dir='ltr'>sese</span> <span class='ocrx_word' id='word_1_168' title='bbox 1188 2685 1359 2747; x_wconf 85' lang='lat' dir='ltr'>abscondit</span> <span class='ocrx_word' id='word_1_169' title='bbox 1383 2699 1405 2746; x_wconf 79' lang='lat' dir='ltr'>er</span> 
     </span>
     <span class='ocr_line' id='line_1_22' title="bbox 150 2791 1405 2875; baseline -0.002 -19"><span class='ocrx_word' id='word_1_170' title='bbox 150 2795 274 2856; x_wconf 88' lang='lat' dir='ltr'>occulte</span> <span class='ocrx_word' id='word_1_171' title='bbox 299 2796 331 2855; x_wconf 93' lang='lat' dir='ltr'>in</span> <span class='ocrx_word' id='word_1_172' title='bbox 356 2794 461 2875; x_wconf 90' lang='lat' dir='ltr'>ipsum</span> <span class='ocrx_word' id='word_1_173' title='bbox 487 2793 577 2853; x_wconf 91' lang='lat' dir='ltr'>irruit</span> <span class='ocrx_word' id='word_1_174' title='bbox 601 2806 632 2854; x_wconf 95' lang='lat' dir='ltr'>et</span> <span class='ocrx_word' id='word_1_175' title='bbox 660 2793 841 2853; x_wconf 87' lang='lat' dir='ltr'>vulneravit</span> <span class='ocrx_word' id='word_1_176' title='bbox 873 2807 1036 2874; x_wconf 87' lang='lat' dir='ltr'>tamquam</span> <span class='ocrx_word' id='word_1_177' title='bbox 1063 2791 1182 2874; x_wconf 90' lang='lat' dir='ltr'>predo;</span> <span class='ocrx_word' id='word_1_178' title='bbox 1207 2793 1250 2853; x_wconf 94' lang='lat' dir='ltr'>ob</span> <span class='ocrx_word' id='word_1_179' title='bbox 1274 2792 1336 2854; x_wconf 90' lang='lat' dir='ltr'>hoc</span> <span class='ocrx_word' id='word_1_180' title='bbox 1368 2791 1405 2873; x_wconf 81' lang='lat' dir='ltr'>ju</span> 
     </span>
     <span class='ocr_line' id='line_1_23' title="bbox 152 2897 1405 2983; baseline -0.002 -21"><span class='ocrx_word' id='word_1_181' title='bbox 152 2901 208 2962; x_wconf 91' lang='lat' dir='ltr'>rati</span> <span class='ocrx_word' id='word_1_182' title='bbox 234 2899 393 2983; x_wconf 82' lang='lat' dir='ltr'>prelatum</span> <span class='ocrx_word' id='word_1_183' title='bbox 419 2900 584 2961; x_wconf 89' lang='lat' dir='ltr'>Balthasar</span> <span class='ocrx_word' id='word_1_184' title='bbox 616 2900 722 2980; x_wconf 91' lang='lat' dir='ltr'>primo</span> <span class='ocrx_word' id='word_1_185' title='bbox 754 2900 959 2960; x_wconf 90' lang='lat' dir='ltr'>convinctum</span> <span class='ocrx_word' id='word_1_186' title='bbox 993 2899 1120 2960; x_wconf 92' lang='lat' dir='ltr'>medico</span> <span class='ocrx_word' id='word_1_187' title='bbox 1152 2898 1209 2959; x_wconf 87' lang='lat' dir='ltr'>lesi</span> <span class='ocrx_word' id='word_1_188' title='bbox 1234 2897 1405 2959; x_wconf 81' lang='lat' dir='ltr'>satisfacert</span> 
     </span>
     <span class='ocr_line' id='line_1_24' title="bbox 150 3004 1404 3087; baseline -0.002 -19"><span class='ocrx_word' id='word_1_189' title='bbox 150 3022 180 3068; x_wconf 90' lang='lat' dir='ltr'>et</span> <span class='ocrx_word' id='word_1_190' title='bbox 205 3008 291 3070; x_wconf 90' lang='lat' dir='ltr'>dicto</span> <span class='ocrx_word' id='word_1_191' title='bbox 317 3007 436 3069; x_wconf 76' lang='lat' dir='ltr'>Mathia</span> <span class='ocrx_word' id='word_1_192' title='bbox 462 3005 623 3087; x_wconf 80' lang='lat' dir='ltr'>freniparo</span> <span class='ocrx_word' id='word_1_193' title='bbox 655 3007 767 3086; x_wconf 89' lang='lat' dir='ltr'>viginti</span> <span class='ocrx_word' id='word_1_194' title='bbox 793 3007 937 3086; x_wconf 90' lang='lat' dir='ltr'>quinque</span> <span class='ocrx_word' id='word_1_195' title='bbox 969 3025 1084 3086; x_wconf 91' lang='lat' dir='ltr'>pensas</span> <span class='ocrx_word' id='word_1_196' title='bbox 1116 3004 1336 3083; x_wconf 88' lang='lat' dir='ltr'>denariorum,</span> <span class='ocrx_word' id='word_1_197' title='bbox 1361 3007 1404 3066; x_wconf 89' lang='lat' dir='ltr'>ub</span> 
     </span>
     <span class='ocr_line' id='line_1_25' title="bbox 150 3112 1405 3193; baseline -0.001 -19"><span class='ocrx_word' id='word_1_198' title='bbox 150 3133 226 3175; x_wconf 90' lang='lat' dir='ltr'>vero</span> <span class='ocrx_word' id='word_1_199' title='bbox 251 3115 353 3176; x_wconf 91' lang='lat' dir='ltr'>dictus</span> <span class='ocrx_word' id='word_1_200' title='bbox 379 3112 544 3174; x_wconf 87' lang='lat' dir='ltr'>Balthasar</span> <span class='ocrx_word' id='word_1_201' title='bbox 559 3113 736 3193; x_wconf 87' lang='lat' dir='ltr'>postposita</span> <span class='ocrx_word' id='word_1_202' title='bbox 755 3113 901 3173; x_wconf 89' lang='lat' dir='ltr'>libertate</span> <span class='ocrx_word' id='word_1_203' title='bbox 920 3112 1056 3172; x_wconf 84' lang='lat' dir='ltr'>civitatis</span> <span class='ocrx_word' id='word_1_204' title='bbox 1084 3125 1115 3172; x_wconf 89' lang='lat' dir='ltr'>et</span> <span class='ocrx_word' id='word_1_205' title='bbox 1131 3126 1297 3192; x_wconf 86' lang='lat' dir='ltr'>tamquam</span> <span class='ocrx_word' id='word_1_206' title='bbox 1315 3112 1405 3193; x_wconf 73' lang='lat' dir='ltr'>predi</span> 
     </span>
     <span class='ocr_line' id='line_1_26' title="bbox 150 3217 1401 3303; baseline -0.001 -22"><span class='ocrx_word' id='word_1_207' title='bbox 150 3221 182 3281; x_wconf 93' lang='lat' dir='ltr'>in</span> <span class='ocrx_word' id='word_1_208' title='bbox 207 3221 312 3303; x_wconf 91' lang='lat' dir='ltr'>ipsum</span> <span class='ocrx_word' id='word_1_209' title='bbox 337 3220 480 3281; x_wconf 90' lang='lat' dir='ltr'>irruisset</span> <span class='ocrx_word' id='word_1_210' title='bbox 497 3219 590 3295; x_wconf 85' lang='lat' dir='ltr'>clam,</span> <span class='ocrx_word' id='word_1_211' title='bbox 615 3219 657 3279; x_wconf 95' lang='lat' dir='ltr'>ob</span> <span class='ocrx_word' id='word_1_212' title='bbox 682 3217 742 3279; x_wconf 90' lang='lat' dir='ltr'>hoc</span> <span class='ocrx_word' id='word_1_213' title='bbox 760 3218 845 3278; x_wconf 89' lang='lat' dir='ltr'>idem</span> <span class='ocrx_word' id='word_1_214' title='bbox 864 3217 1029 3279; x_wconf 85' lang='lat' dir='ltr'>Balthasar</span> <span class='ocrx_word' id='word_1_215' title='bbox 1048 3218 1080 3278; x_wconf 91' lang='lat' dir='ltr'>in</span> <span class='ocrx_word' id='word_1_216' title='bbox 1098 3217 1283 3299; x_wconf 83' lang='lat' dir='ltr'>privacione</span> <span class='ocrx_word' id='word_1_217' title='bbox 1301 3238 1401 3281; x_wconf 85' lang='lat' dir='ltr'>manu</span> 
     </span>
     <span class='ocr_line' id='line_1_27' title="bbox 150 3324 1405 3406; baseline 0.002 -21"><span class='ocrx_word' id='word_1_218' title='bbox 150 3327 251 3388; x_wconf 89' lang='lat' dir='ltr'>victus</span> <span class='ocrx_word' id='word_1_219' title='bbox 275 3342 331 3388; x_wconf 90' lang='lat' dir='ltr'>est.</span> <span class='ocrx_word' id='word_1_220' title='bbox 359 3325 521 3387; x_wconf 88' lang='lat' dir='ltr'>Balthasar</span> <span class='ocrx_word' id='word_1_221' title='bbox 545 3345 609 3386; x_wconf 92' lang='lat' dir='ltr'>non</span> <span class='ocrx_word' id='word_1_222' title='bbox 635 3339 805 3386; x_wconf 90' lang='lat' dir='ltr'>contentus</span> <span class='ocrx_word' id='word_1_223' title='bbox 836 3325 1011 3406; x_wconf 90' lang='lat' dir='ltr'>appellavit</span> <span class='ocrx_word' id='word_1_224' title='bbox 1043 3325 1081 3384; x_wconf 95' lang='lat' dir='ltr'>ad</span> <span class='ocrx_word' id='word_1_225' title='bbox 1116 3325 1258 3386; x_wconf 87' lang='lat' dir='ltr'>seniores</span> <span class='ocrx_word' id='word_1_226' title='bbox 1282 3324 1405 3404; x_wconf 87' lang='lat' dir='ltr'>judices</span> 
     </span>
    </p>
   </div>
   <div class='ocr_carea' id='block_1_7' title="bbox 148 3448 1405 5024">
    <p class='ocr_par' dir='ltr' id='par_1_7' title="bbox 148 3448 1405 5024">
     <span class='ocr_line' id='line_1_28' title="bbox 256 3448 1405 3531; baseline 0.001 -19"><span class='ocrx_word' id='word_1_227' title='bbox 256 3451 379 3513; x_wconf 88' lang='lat' dir='ltr'>Eodem</span> <span class='ocrx_word' id='word_1_228' title='bbox 398 3451 460 3528; x_wconf 92' lang='lat' dir='ltr'>die,</span> <span class='ocrx_word' id='word_1_229' title='bbox 485 3470 577 3511; x_wconf 90' lang='lat' dir='ltr'>causa</span> <span class='ocrx_word' id='word_1_230' title='bbox 597 3450 678 3511; x_wconf 90' lang='lat' dir='ltr'>inter</span> <span class='ocrx_word' id='word_1_231' title='bbox 696 3449 892 3530; x_wconf 85' lang='lat' dir='ltr'>Stephanum</span> <span class='ocrx_word' id='word_1_232' title='bbox 913 3448 1127 3531; x_wconf 78' lang='lat' dir='ltr'>Kelchetvych</span> <span class='ocrx_word' id='word_1_233' title='bbox 1153 3463 1184 3510; x_wconf 90' lang='lat' dir='ltr'>et</span> <span class='ocrx_word' id='word_1_234' title='bbox 1200 3448 1405 3513; x_wconf 85' lang='lat' dir='ltr'>Valentinuu</span> 
     </span>
     <span class='ocr_line' id='line_1_29' title="bbox 150 3555 1402 3639; baseline 0.001 -22"><span class='ocrx_word' id='word_1_235' title='bbox 150 3555 340 3639; x_wconf 85' lang='lat' dir='ltr'>freniparem</span> <span class='ocrx_word' id='word_1_236' title='bbox 366 3556 493 3616; x_wconf 88' lang='lat' dir='ltr'>racione</span> <span class='ocrx_word' id='word_1_237' title='bbox 519 3557 775 3617; x_wconf 87' lang='lat' dir='ltr'>conservacionis</span> <span class='ocrx_word' id='word_1_238' title='bbox 792 3555 958 3616; x_wconf 88' lang='lat' dir='ltr'>cuiusdam</span> <span class='ocrx_word' id='word_1_239' title='bbox 984 3555 1103 3634; x_wconf 88' lang='lat' dir='ltr'>ladule‚</span> <span class='ocrx_word' id='word_1_240' title='bbox 1129 3555 1160 3616; x_wconf 90' lang='lat' dir='ltr'>in</span> <span class='ocrx_word' id='word_1_241' title='bbox 1181 3575 1246 3637; x_wconf 94' lang='lat' dir='ltr'>quo</span> <span class='ocrx_word' id='word_1_242' title='bbox 1271 3555 1402 3638; x_wconf 87' lang='lat' dir='ltr'>prefatu</span> 
     </span>
     <span class='ocr_line' id='line_1_30' title="bbox 151 3661 1405 3746; baseline -0.002 -21"><span class='ocrx_word' id='word_1_243' title='bbox 151 3663 331 3746; x_wconf 87' lang='lat' dir='ltr'>Stephanus</span> <span class='ocrx_word' id='word_1_244' title='bbox 355 3664 516 3725; x_wconf 91' lang='lat' dir='ltr'>asserebat</span> <span class='ocrx_word' id='word_1_245' title='bbox 539 3661 662 3744; x_wconf 87' lang='lat' dir='ltr'>prefato</span> <span class='ocrx_word' id='word_1_246' title='bbox 680 3662 852 3722; x_wconf 84' lang='lat' dir='ltr'>Valentino</span> <span class='ocrx_word' id='word_1_247' title='bbox 870 3662 1128 3723; x_wconf 90' lang='lat' dir='ltr'>conservandum</span> <span class='ocrx_word' id='word_1_248' title='bbox 1152 3662 1260 3723; x_wconf 92' lang='lat' dir='ltr'>ladule</span> <span class='ocrx_word' id='word_1_249' title='bbox 1285 3662 1405 3724; x_wconf 82' lang='lat' dir='ltr'>dedisst</span> 
     </span>
     <span class='ocr_line' id='line_1_31' title="bbox 149 3768 1405 3852; baseline -0.002 -20"><span class='ocrx_word' id='word_1_250' title='bbox 149 3772 207 3832; x_wconf 88' lang='lat' dir='ltr'>sub</span> <span class='ocrx_word' id='word_1_251' title='bbox 231 3790 286 3852; x_wconf 89' lang='lat' dir='ltr'>spe</span> <span class='ocrx_word' id='word_1_252' title='bbox 312 3769 538 3848; x_wconf 88' lang='lat' dir='ltr'>restitucionis,</span> <span class='ocrx_word' id='word_1_253' title='bbox 570 3770 601 3830; x_wconf 91' lang='lat' dir='ltr'>in</span> <span class='ocrx_word' id='word_1_254' title='bbox 628 3789 690 3850; x_wconf 91' lang='lat' dir='ltr'>qua</span> <span class='ocrx_word' id='word_1_255' title='bbox 716 3768 822 3829; x_wconf 88' lang='lat' dir='ltr'>ladula</span> <span class='ocrx_word' id='word_1_256' title='bbox 852 3769 978 3830; x_wconf 89' lang='lat' dir='ltr'>dicebat</span> <span class='ocrx_word' id='word_1_257' title='bbox 1002 3789 1067 3829; x_wconf 89' lang='lat' dir='ltr'>esse</span> <span class='ocrx_word' id='word_1_258' title='bbox 1100 3782 1217 3830; x_wconf 89' lang='lat' dir='ltr'>certam</span> <span class='ocrx_word' id='word_1_259' title='bbox 1251 3787 1405 3830; x_wconf 89' lang='lat' dir='ltr'>summan</span> 
     </span>
     <span class='ocr_line' id='line_1_32' title="bbox 149 3877 1405 3959; baseline -0.001 -20"><span class='ocrx_word' id='word_1_260' title='bbox 149 3877 350 3959; x_wconf 89' lang='lat' dir='ltr'>pecunialem</span> <span class='ocrx_word' id='word_1_261' title='bbox 376 3891 406 3938; x_wconf 92' lang='lat' dir='ltr'>et</span> <span class='ocrx_word' id='word_1_262' title='bbox 430 3878 654 3958; x_wconf 86' lang='lat' dir='ltr'>argentariam,</span> <span class='ocrx_word' id='word_1_263' title='bbox 683 3891 713 3937; x_wconf 95' lang='lat' dir='ltr'>et</span> <span class='ocrx_word' id='word_1_264' title='bbox 744 3877 840 3938; x_wconf 90' lang='lat' dir='ltr'>talem</span> <span class='ocrx_word' id='word_1_265' title='bbox 872 3877 1014 3937; x_wconf 87' lang='lat' dir='ltr'>ladulam</span> <span class='ocrx_word' id='word_1_266' title='bbox 1047 3896 1120 3937; x_wconf 90' lang='lat' dir='ltr'>cum</span> <span class='ocrx_word' id='word_1_267' title='bbox 1145 3877 1281 3957; x_wconf 91' lang='lat' dir='ltr'>pecunia</span> <span class='ocrx_word' id='word_1_268' title='bbox 1306 3889 1339 3938; x_wconf 87' lang='lat' dir='ltr'>et</span> <span class='ocrx_word' id='word_1_269' title='bbox 1362 3897 1405 3938; x_wconf 82' lang='lat' dir='ltr'>ar</span> 
     </span>
     <span class='ocr_line' id='line_1_33' title="bbox 148 3981 1405 4065; baseline -0.001 -20"><span class='ocrx_word' id='word_1_270' title='bbox 148 3985 290 4065; x_wconf 86' lang='lat' dir='ltr'>gentaria</span> <span class='ocrx_word' id='word_1_271' title='bbox 315 3985 499 4065; x_wconf 59' lang='lat' dir='ltr'>expetebam</span> <span class='ocrx_word' id='word_1_272' title='bbox 524 4004 561 4044; x_wconf 81' lang='lat' dir='ltr'>ex</span> <span class='ocrx_word' id='word_1_273' title='bbox 585 3983 719 4044; x_wconf 89' lang='lat' dir='ltr'>adverso</span> <span class='ocrx_word' id='word_1_274' title='bbox 752 3981 891 4064; x_wconf 88' lang='lat' dir='ltr'>prelatus</span> <span class='ocrx_word' id='word_1_275' title='bbox 914 3984 1105 4044; x_wconf 88' lang='lat' dir='ltr'>Valentinus</span> <span class='ocrx_word' id='word_1_276' title='bbox 1129 3981 1307 4064; x_wconf 89' lang='lat' dir='ltr'>respondit,</span> <span class='ocrx_word' id='word_1_277' title='bbox 1332 3983 1405 4044; x_wconf 90' lang='lat' dir='ltr'>licet</span> 
     </span>
     <span class='ocr_line' id='line_1_34' title="bbox 149 4087 1405 4172; baseline -0.001 -21"><span class='ocrx_word' id='word_1_278' title='bbox 149 4089 303 4172; x_wconf 87' lang='lat' dir='ltr'>prefatam</span> <span class='ocrx_word' id='word_1_279' title='bbox 328 4089 469 4151; x_wconf 88' lang='lat' dir='ltr'>ladulam</span> <span class='ocrx_word' id='word_1_280' title='bbox 502 4090 561 4150; x_wconf 91' lang='lat' dir='ltr'>sibi</span> <span class='ocrx_word' id='word_1_281' title='bbox 587 4109 651 4150; x_wconf 87' lang='lat' dir='ltr'>non</span> <span class='ocrx_word' id='word_1_282' title='bbox 680 4091 817 4169; x_wconf 88' lang='lat' dir='ltr'>negabat</span> <span class='ocrx_word' id='word_1_283' title='bbox 850 4089 974 4150; x_wconf 91' lang='lat' dir='ltr'>dedisse</span> <span class='ocrx_word' id='word_1_284' title='bbox 1000 4103 1030 4150; x_wconf 91' lang='lat' dir='ltr'>et</span> <span class='ocrx_word' id='word_1_285' title='bbox 1063 4107 1120 4170; x_wconf 93' lang='lat' dir='ltr'>pro</span> <span class='ocrx_word' id='word_1_286' title='bbox 1146 4109 1181 4148; x_wconf 90' lang='lat' dir='ltr'>ea</span> <span class='ocrx_word' id='word_1_287' title='bbox 1206 4087 1405 4169; x_wconf 72' lang='lat' dir='ltr'>respondisse</span> 
     </span>
     <span class='ocr_line' id='line_1_35' title="bbox 149 4194 1401 4276; baseline -0.001 -19"><span class='ocrx_word' id='word_1_288' title='bbox 149 4198 251 4258; x_wconf 91' lang='lat' dir='ltr'>donec</span> <span class='ocrx_word' id='word_1_289' title='bbox 276 4197 307 4258; x_wconf 93' lang='lat' dir='ltr'>in</span> <span class='ocrx_word' id='word_1_290' title='bbox 333 4216 446 4258; x_wconf 90' lang='lat' dir='ltr'>manus</span> <span class='ocrx_word' id='word_1_291' title='bbox 479 4197 547 4258; x_wconf 90' lang='lat' dir='ltr'>eius</span> <span class='ocrx_word' id='word_1_292' title='bbox 571 4210 662 4273; x_wconf 91' lang='lat' dir='ltr'>esset,</span> <span class='ocrx_word' id='word_1_293' title='bbox 696 4196 751 4256; x_wconf 90' lang='lat' dir='ltr'>sed</span> <span class='ocrx_word' id='word_1_294' title='bbox 776 4196 850 4276; x_wconf 89' lang='lat' dir='ltr'>quia</span> <span class='ocrx_word' id='word_1_295' title='bbox 884 4195 1023 4276; x_wconf 82' lang='lat' dir='ltr'>prefatus</span> <span class='ocrx_word' id='word_1_296' title='bbox 1049 4195 1230 4276; x_wconf 89' lang='lat' dir='ltr'>Stephanus</span> <span class='ocrx_word' id='word_1_297' title='bbox 1255 4194 1327 4275; x_wconf 89' lang='lat' dir='ltr'>ipso</span> <span class='ocrx_word' id='word_1_298' title='bbox 1352 4195 1401 4256; x_wconf 90' lang='lat' dir='ltr'>Va</span> 
     </span>
     <span class='ocr_line' id='line_1_36' title="bbox 149 4299 1402 4382; baseline -0.002 -17"><span class='ocrx_word' id='word_1_299' title='bbox 149 4304 272 4366; x_wconf 93' lang='lat' dir='ltr'>lentino</span> <span class='ocrx_word' id='word_1_300' title='bbox 296 4306 428 4365; x_wconf 89' lang='lat' dir='ltr'>absente</span> <span class='ocrx_word' id='word_1_301' title='bbox 453 4303 491 4363; x_wconf 90' lang='lat' dir='ltr'>ad</span> <span class='ocrx_word' id='word_1_302' title='bbox 517 4304 658 4364; x_wconf 89' lang='lat' dir='ltr'>ladulam</span> <span class='ocrx_word' id='word_1_303' title='bbox 682 4323 771 4363; x_wconf 89' lang='lat' dir='ltr'>suam</span> <span class='ocrx_word' id='word_1_304' title='bbox 798 4303 936 4363; x_wconf 89' lang='lat' dir='ltr'>venisset</span> <span class='ocrx_word' id='word_1_305' title='bbox 960 4317 991 4363; x_wconf 91' lang='lat' dir='ltr'>et</span> <span class='ocrx_word' id='word_1_306' title='bbox 1007 4304 1128 4382; x_wconf 88' lang='lat' dir='ltr'>absque</span> <span class='ocrx_word' id='word_1_307' title='bbox 1153 4301 1232 4362; x_wconf 90' lang='lat' dir='ltr'>scitu</span> <span class='ocrx_word' id='word_1_308' title='bbox 1258 4299 1335 4362; x_wconf 89' lang='lat' dir='ltr'>dicti</span> <span class='ocrx_word' id='word_1_309' title='bbox 1353 4301 1402 4362; x_wconf 87' lang='lat' dir='ltr'>Va</span> 
     </span>
     <span class='ocr_line' id='line_1_37' title="bbox 149 4407 1402 4491; baseline -0.001 -23"><span class='ocrx_word' id='word_1_310' title='bbox 149 4409 261 4471; x_wconf 89' lang='lat' dir='ltr'>lentini</span> <span class='ocrx_word' id='word_1_311' title='bbox 287 4410 429 4471; x_wconf 91' lang='lat' dir='ltr'>ladulam</span> <span class='ocrx_word' id='word_1_312' title='bbox 456 4411 602 4491; x_wconf 90' lang='lat' dir='ltr'>aperiens</span> <span class='ocrx_word' id='word_1_313' title='bbox 627 4425 657 4472; x_wconf 89' lang='lat' dir='ltr'>et</span> <span class='ocrx_word' id='word_1_314' title='bbox 674 4409 748 4470; x_wconf 89' lang='lat' dir='ltr'>inde</span> <span class='ocrx_word' id='word_1_315' title='bbox 771 4424 926 4490; x_wconf 89' lang='lat' dir='ltr'>quantum</span> <span class='ocrx_word' id='word_1_316' title='bbox 944 4408 1048 4469; x_wconf 91' lang='lat' dir='ltr'>voluit</span> <span class='ocrx_word' id='word_1_317' title='bbox 1069 4408 1107 4467; x_wconf 92' lang='lat' dir='ltr'>de</span> <span class='ocrx_word' id='word_1_318' title='bbox 1132 4407 1270 4489; x_wconf 88' lang='lat' dir='ltr'>pecunia</span> <span class='ocrx_word' id='word_1_319' title='bbox 1294 4407 1402 4489; x_wconf 88' lang='lat' dir='ltr'>recepi</span> 
     </span>
     <span class='ocr_line' id='line_1_38' title="bbox 150 4513 1405 4597; baseline -0.002 -20"><span class='ocrx_word' id='word_1_320' title='bbox 150 4530 180 4578; x_wconf 91' lang='lat' dir='ltr'>et</span> <span class='ocrx_word' id='word_1_321' title='bbox 204 4517 384 4578; x_wconf 89' lang='lat' dir='ltr'>numeravit</span> <span class='ocrx_word' id='word_1_322' title='bbox 406 4531 552 4597; x_wconf 89' lang='lat' dir='ltr'>presente</span> <span class='ocrx_word' id='word_1_323' title='bbox 578 4516 718 4596; x_wconf 89' lang='lat' dir='ltr'>quodam</span> <span class='ocrx_word' id='word_1_324' title='bbox 753 4515 875 4576; x_wconf 84' lang='lat' dir='ltr'>famulo</span> <span class='ocrx_word' id='word_1_325' title='bbox 907 4536 975 4591; x_wconf 90' lang='lat' dir='ltr'>suo,</span> <span class='ocrx_word' id='word_1_326' title='bbox 1001 4514 1055 4595; x_wconf 92' lang='lat' dir='ltr'>qui</span> <span class='ocrx_word' id='word_1_327' title='bbox 1088 4513 1202 4576; x_wconf 90' lang='lat' dir='ltr'>videns</span> <span class='ocrx_word' id='word_1_328' title='bbox 1225 4513 1324 4574; x_wconf 87' lang='lat' dir='ltr'>talem</span> <span class='ocrx_word' id='word_1_329' title='bbox 1357 4533 1405 4595; x_wconf 82' lang='lat' dir='ltr'>pe</span> 
     </span>
     <span class='ocr_line' id='line_1_39' title="bbox 149 4619 1405 4703; baseline -0.002 -20"><span class='ocrx_word' id='word_1_330' title='bbox 149 4623 275 4683; x_wconf 90' lang='lat' dir='ltr'>cuniam</span> <span class='ocrx_word' id='word_1_331' title='bbox 301 4622 339 4682; x_wconf 88' lang='lat' dir='ltr'>ad</span> <span class='ocrx_word' id='word_1_332' title='bbox 365 4622 508 4682; x_wconf 87' lang='lat' dir='ltr'>ladulam</span> <span class='ocrx_word' id='word_1_333' title='bbox 534 4622 654 4682; x_wconf 90' lang='lat' dir='ltr'>dictum</span> <span class='ocrx_word' id='word_1_334' title='bbox 680 4622 878 4703; x_wconf 89' lang='lat' dir='ltr'>Stephanum</span> <span class='ocrx_word' id='word_1_335' title='bbox 897 4621 1060 4702; x_wconf 92' lang='lat' dir='ltr'>ponendo,</span> <span class='ocrx_word' id='word_1_336' title='bbox 1086 4619 1197 4680; x_wconf 90' lang='lat' dir='ltr'>medio</span> <span class='ocrx_word' id='word_1_337' title='bbox 1221 4619 1309 4680; x_wconf 91' lang='lat' dir='ltr'>enirn</span> <span class='ocrx_word' id='word_1_338' title='bbox 1333 4632 1405 4681; x_wconf 89' lang='lat' dir='ltr'>tem·</span> 
     </span>
     <span class='ocr_line' id='line_1_40' title="bbox 149 4724 1405 4810; baseline -0.004 -20"><span class='ocrx_word' id='word_1_339' title='bbox 149 4748 237 4810; x_wconf 91' lang='lat' dir='ltr'>pore,</span> <span class='ocrx_word' id='word_1_340' title='bbox 261 4731 390 4790; x_wconf 87' lang='lat' dir='ltr'>absente</span> <span class='ocrx_word' id='word_1_341' title='bbox 416 4729 501 4789; x_wconf 91' lang='lat' dir='ltr'>dicto</span> <span class='ocrx_word' id='word_1_342' title='bbox 527 4727 709 4804; x_wconf 87' lang='lat' dir='ltr'>Valentino,</span> <span class='ocrx_word' id='word_1_343' title='bbox 739 4727 879 4808; x_wconf 86' lang='lat' dir='ltr'>prefatus</span> <span class='ocrx_word' id='word_1_344' title='bbox 911 4724 1050 4787; x_wconf 85' lang='lat' dir='ltr'>famulus</span> <span class='ocrx_word' id='word_1_345' title='bbox 1074 4725 1149 4786; x_wconf 93' lang='lat' dir='ltr'>dicti</span> <span class='ocrx_word' id='word_1_346' title='bbox 1175 4725 1340 4786; x_wconf 90' lang='lat' dir='ltr'>Valentini</span> <span class='ocrx_word' id='word_1_347' title='bbox 1364 4744 1405 4786; x_wconf 86' lang='lat' dir='ltr'>re·</span> 
     </span>
     <span class='ocr_line' id='line_1_41' title="bbox 148 4827 1405 4918; baseline -0.007 -21"><span class='ocrx_word' id='word_1_348' title='bbox 148 4836 269 4918; x_wconf 91' lang='lat' dir='ltr'>cipiens</span> <span class='ocrx_word' id='word_1_349' title='bbox 300 4836 381 4896; x_wconf 89' lang='lat' dir='ltr'>clam</span> <span class='ocrx_word' id='word_1_350' title='bbox 413 4834 568 4917; x_wconf 84' lang='lat' dir='ltr'>prefatam</span> <span class='ocrx_word' id='word_1_351' title='bbox 600 4833 741 4895; x_wconf 90' lang='lat' dir='ltr'>ladulam</span> <span class='ocrx_word' id='word_1_352' title='bbox 775 4849 805 4895; x_wconf 88' lang='lat' dir='ltr'>et</span> <span class='ocrx_word' id='word_1_353' title='bbox 838 4833 912 4894; x_wconf 90' lang='lat' dir='ltr'>inde</span> <span class='ocrx_word' id='word_1_354' title='bbox 944 4833 1114 4913; x_wconf 89' lang='lat' dir='ltr'>pecuniam</span> <span class='ocrx_word' id='word_1_355' title='bbox 1152 4850 1216 4913; x_wconf 93' lang='lat' dir='ltr'>que</span> <span class='ocrx_word' id='word_1_356' title='bbox 1241 4831 1322 4892; x_wconf 91' lang='lat' dir='ltr'>inibi</span> <span class='ocrx_word' id='word_1_357' title='bbox 1353 4827 1405 4893; x_wconf 85' lang='lat' dir='ltr'>fuit</span> 
     </span>
     <span class='ocr_line' id='line_1_42' title="bbox 148 4936 1405 5024; baseline -0.006 -22"><span class='ocrx_word' id='word_1_358' title='bbox 148 4941 267 5024; x_wconf 92' lang='lat' dir='ltr'>recepit</span> <span class='ocrx_word' id='word_1_359' title='bbox 291 4956 321 5003; x_wconf 92' lang='lat' dir='ltr'>et</span> <span class='ocrx_word' id='word_1_360' title='bbox 345 4961 417 5003; x_wconf 91' lang='lat' dir='ltr'>cum</span> <span class='ocrx_word' id='word_1_361' title='bbox 443 4941 561 5003; x_wconf 88' lang='lat' dir='ltr'>eisdem</span> <span class='ocrx_word' id='word_1_362' title='bbox 589 4939 741 5018; x_wconf 89' lang='lat' dir='ltr'>discessit,</span> <span class='ocrx_word' id='word_1_363' title='bbox 771 4939 862 5017; x_wconf 81' lang='lat' dir='ltr'>iurati</span> <span class='ocrx_word' id='word_1_364' title='bbox 898 4938 1143 5017; x_wconf 89' lang='lat' dir='ltr'>adinvenerunt,</span> <span class='ocrx_word' id='word_1_365' title='bbox 1168 4936 1257 5018; x_wconf 93' lang='lat' dir='ltr'>quod</span> <span class='ocrx_word' id='word_1_366' title='bbox 1282 4955 1321 4997; x_wconf 81' lang='lat' dir='ltr'>ex</span> <span class='ocrx_word' id='word_1_367' title='bbox 1345 4954 1405 5017; x_wconf 91' lang='lat' dir='ltr'>quo</span> 
     </span>
    </p>
   </div>
   <div class='ocr_carea' id='block_1_8' title="bbox 0 0 1576 5356">
    <p class='ocr_par' dir='ltr' id='par_1_8' title="bbox 0 0 1576 5356">
     <span class='ocr_line' id='line_1_43' title="bbox 0 0 1576 5356; baseline 0 0"><span class='ocrx_word' id='word_1_368' title='bbox 0 0 1576 5356; x_wconf 95' lang='lat' dir='ltr'> </span> 
     </span>
    </p>
   </div>
  </div>
 </body>
</html>
