3142 5356
551 497 638 554 Anno
660 494 754 575 1482.
779 533 823 543 —
845 513 896 577 23.
920 503 1048 576 augusti.
1401 527 1434 589 15

200 595 1436 624 Ἣ

199 723 273 800 Faria
295 742 388 804 sexta
428 737 584 823 proxima
622 743 701 807 ante
730 736 851 809 festum
894 738 983 810 beati
1012 741 1239 816 Bartholomei
1278 749 1434 836 apostoli.

676 891 738 967 (23.
763 894 902 968 augusti).

278 1025 350 1088 Item
376 1027 547 1113 Rybarycb
565 1029 669 1091 Lucas
686 1043 796 1092 contra
814 1032 989 1113 quemdam
1010 1033 1178 1098 hominem
1195 1038 1288 1100 castri
1308 1039 1434 1102 Medwe

199 1133 309 1196 secundo
331 1135 445 1196 citatus
469 1155 534 1197 non
559 1137 749 1218 comparuit.

276 1240 348 1303 ltem
374 1243 505 1305 Domko
528 1243 704 1327 Perowych
722 1244 830 1306 senior
852 1243 948 1326 judex
965 1247 1079 1310 citatus
1103 1264 1214 1312 contra
1232 1251 1433 1337 Stephanycz

199 1359 323 1410 seniorem
348 1349 488 1430 juratum
513 1350 630 1433 primo,
654 1371 719 1412 non
745 1353 936 1433 comparuit.

274 1455 348 1518 ltem
374 1457 496 1519 Mikula
521 1457 694 1540 Vithesych
720 1472 751 1519 et
767 1458 913 1520 Andreas
937 1473 1047 1522 contra
1065 1462 1257 1524 Michaelem
1274 1483 1431 1545 generum

198 1552 259 1622 Luce
279 1564 467 1625 secundario
492 1565 578 1626 citati
604 1584 669 1625 non
694 1580 953 1646 comparuerunt.

273 1669 346 1731 Item
372 1689 469 1732 causa
493 1671 576 1732 inter
593 1670 755 1733 Thomam
780 1685 935 1734 sartorem
957 1686 989 1735 et
1005 1673 1148 1735 relictam
1174 1675 1294 1737 Mathis
1313 1677 1431 1741 Radlin

191 1769 219 1830 td
236 1771 332 1856 legem
357 1777 672 1839 consvetudinariam
697 1778 833 1840 civitatis
856 1792 902 1841 est
926 1779 1034 1844 dilata.

271 1881 346 1945 ltem
381 1884 502 1946 Paulus
533 1883 690 1947 fistulator
722 1886 836 1947 citatus
867 1887 1059 1949 secundario
1091 1902 1201 1951 contra
1235 1889 1430 1973 Gregorium

183 1998 304 2050 tutorem
329 1990 546 2074 Fwdrychlrin
572 2012 637 2054 non
665 1993 853 2074 comparuit.

268 2096 407 2160 Causam
433 2100 515 2160 inter
540 2098 697 2161 famulum
725 2099 885 2161 Valentini
919 2098 1087 2182 lreniparis
1110 2101 1267 2162 Jacobum
1292 2115 1323 2164 et
1348 2103 1430 2166 inter

173 2198 261 2262 alium
286 2201 443 2266 famulum
470 2205 631 2268 Valentini
656 2225 767 2288 sporar
795 2206 924 2268 racione
956 2206 1194 2268 vulneracionis
1228 2221 1259 2268 et
1282 2209 1429 2271 verbera·

169 2306 263 2369 tionis
286 2309 368 2372 inter
393 2311 480 2393 ipsos
503 2310 597 2390 lacte,
621 2312 695 2394 quia
721 2312 788 2394 ipse
821 2311 961 2373 famulus
992 2312 1156 2374 Valentini
1181 2333 1293 2396 sporar
1317 2315 1429 2378 vulne·

163 2415 242 2476 ravit
265 2415 370 2498 ipsum
396 2417 553 2479 iacobum
571 2417 729 2480 famulum
754 2415 867 2501 prelati
893 2419 1055 2480 Valentini
1072 2417 1242 2501 franiparis
1266 2421 1298 2482 in
1324 2422 1427 2503 capite

161 2539 232 2582 curn
258 2523 401 2604 quodam
427 2538 547 2604 cantro,
571 2524 645 2586 ideo
666 2525 760 2607 jurati
792 2524 1068 2605 adjudicaverunt,
1101 2525 1190 2607 quod
1215 2527 1343 2589 medico
1370 2527 1429 2589 lesi

157 2627 332 2692 satisfaciat
363 2651 400 2692 ac
431 2631 500 2693 leso
524 2631 696 2693 duodecim
730 2645 760 2693 et
792 2632 931 2693 mediam
964 2652 1078 2714 pensas
1110 2632 1315 2694 denariorum
1340 2634 1428 2696 vien·

156 2736 309 2797 nensium
334 2738 507 2819 persolvat,
531 2738 623 2799 acad
649 2758 839 2800 communes
857 2758 1010 2820 expensas
1027 2752 1155 2800 centum
1174 2738 1323 2801 denarios
1341 2740 1428 2802 sitni-

154 2842 231 2904 liter
254 2844 447 2907 viennenses
470 2845 584 2909 solvat.

265 2950 405 3013 Causam
431 2952 514 3014 inter
538 2953 750 3034 Pangracium
784 2966 815 3015 et
839 2952 1041 3014 Anthonium
1066 2953 1220 3036 Ztezycza
1247 2953 1427 3016 institorem

154 3076 193 3117 ac
220 3055 350 3118 Sorsam
375 3058 526 3120 similiter
558 3059 736 3121 institorem
770 3072 915 3140 pretextu
947 3058 1114 3120 cuiusdam
1147 3059 1338 3140 suspicionis
1369 3080 1427 3142 pro

154 3163 300 3244 quodam
326 3163 493 3226 theolanio
511 3178 644 3242 motam,
664 3165 756 3244 jurati
775 3164 1051 3244 adjudicaverunt,
1077 3164 1165 3245 quod
1183 3164 1277 3226 Sorsa
1303 3165 1428 3228 institor

154 3269 276 3332 debeat
298 3269 402 3351 jurare
427 3291 523 3353 super
547 3291 634 3332 aram
651 3285 758 3332 sancte
777 3271 891 3333 Crucis
916 3270 993 3332 feria
1009 3284 1095 3333 sexta
1120 3271 1265 3353 proxime
1283 3285 1427 3352 ventura,

154 3377 188 3438 in
215 3395 255 3438 eo
280 3377 368 3458 quod
392 3397 450 3460 per
472 3379 711 3460 suggestionem
725 3397 816 3439 suam
841 3377 967 3438 nullum
984 3377 1194 3439 theoloneum
1219 3397 1313 3459 super
1339 3379 1427 3459 ipsos

153 3497 202 3545 est
228 3497 394 3561 exactum3
420 3485 551 3567 etquis
576 3485 678 3546 eciam
704 3485 770 3568 ipse
796 3485 891 3547 Sorsa
909 3485 1034 3545 institor
1059 3485 1174 3545 citatus
1199 3504 1304 3545 coram
1323 3483 1426 3564 jurato

154 3589 309 3652 videlicet
333 3591 501 3653 Demetrio
526 3592 686 3675 Wseczky
711 3606 937 3674 comparuerat
960 3605 992 3653 et
1019 3591 1136 3652 dilacio
1162 3589 1241 3652 facta
1268 3590 1327 3652 fuit
1344 3591 1426 3652 eius·

153 3696 232 3758 dem
257 3717 350 3759 cause
368 3698 409 3760 ad
427 3698 628 3760 voluntatem
645 3700 813 3760 ambarum
832 3699 986 3781 parcium,
1005 3699 1126 3759 interea
1145 3717 1221 3759 vero
1245 3698 1312 3779 ipse
1331 3698 1426 3760 Sorsa

152 3803 341 3866 inhibuerat
364 3804 506 3888 prelatos
531 3806 742 3887 Pangracium
775 3820 805 3867 et
829 3805 1029 3866 Anthonium
1052 3806 1082 3865 in
1117 3805 1350 3882 Jaztrebarzka‚
1377 3824 1425 3866 re·

152 3912 274 3973 mansit
299 3913 329 3973 in
355 3912 498 3993 birsagio
530 3914 675 3994 quinque
706 3913 901 3992 griwnarum
934 3911 1086 3992 eoquod
1119 3912 1311 3993 contempsit
1344 3910 1426 3989 judi·

151 4018 242 4080 ciutn
267 4018 380 4100 prelati
405 4039 464 4081 nec
488 4039 523 4080 se
547 4019 706 4081 continuit
731 4019 761 4080 in
786 4020 846 4080 sibi
872 4019 1042 4100 prohibitis
1067 4019 1221 4099 negociis,
1246 4019 1335 4100 quod
1361 4019 1424 4079 bir-

149 4125 280 4205 sagium
304 4125 504 4208 imposuerat
527 4126 671 4208 partibus
695 4125 846 4207 predictis
869 4124 1039 4203 jamdictus
1063 4124 1194 4204 juratus.

261 4229 401 4293 Causam
427 4231 510 4293 inter
542 4231 706 4292 Thomam
733 4231 853 4292 Cherni
886 4245 917 4292 et
943 4230 1135 4313 Bartholycz
1161 4231 1340 4291 institorem
1366 4250 1423 4312 pro

148 4337 295 4421 quadam
319 4335 406 4418 saba,
431 4339 508 4420 quia
532 4357 640 4400 coram
662 4338 790 4399 Andrea
816 4337 920 4418 jurato
938 4337 1095 4398 moderno
1112 4336 1254 4419 prelatus
1279 4336 1424 4398 Thomas

149 4448 238 4531 ipsas
271 4443 360 4508 fabas
391 4445 546 4527 jamdicto
580 4444 809 4507 Bartholomeo
850 4444 1015 4505 remiserat
1054 4458 1084 4505 et
1116 4457 1225 4525 postea
1259 4462 1330 4504 cum
1364 4463 1423 4524 pro

149 4554 277 4617 eisdem
301 4553 529 4630 transmiserat,
553 4552 637 4634 ipsas
662 4552 768 4612 eidem
794 4550 940 4612 Thomas
957 4550 1119 4631 predictus
1143 4549 1306 4610 extradare
1332 4569 1423 4610 recu·

147 4661 253 4736 savit3
278 4658 352 4720 ideo
375 4657 470 4738 jurati
503 4657 770 4739 adjudicaverunt
803 4658 908 4738 ipsum
945 4655 1109 4717 Thomam
1135 4656 1166 4716 in
1200 4654 1284 4717 lacto
1308 4669 1423 4736 poten·

147 4767 254 4831 ciario
278 4779 309 4826 et
332 4764 422 4847 quod
446 4765 530 4847 ipsas
553 4762 642 4825 fabas
667 4764 830 4825 restituere
856 4762 980 4825 debeat.

261 4871 377 4934 Visula
402 4871 580 4954 Ribarycza
604 4871 698 4933 citata
731 4884 840 4932 contra
865 4869 1037 4930 Nicolaum
1063 4867 1255 4950 freniparem
1281 4865 1422 4928 secunda

145 4981 234 5060 sice,
258 4997 327 5041 non
350 4978 541 5062 comparuit.
