3142 5356
152 502 211 583 ¹58
528 502 725 578 Anno1506.
748 535 794 546 -
807 515 864 580 30.
879 498 1032 581 januaria

1092 603 1411 614 -.-----

147 715 281 778 cacione
305 713 483 795 juratorum
500 712 778 796 adjudicaverunt,
801 712 892 795 quod
916 713 983 796 ipse
1001 711 1179 794 Gregorius
1202 725 1293 774 sutor
1309 726 1416 774 contra

148 820 288 884 eundem
312 820 492 883 iohannem
518 819 604 898 juxta
629 819 794 882 decretum
818 819 957 882 civitatis
986 817 1099 881 fuisset
1122 819 1289 881 convictus
1313 819 1348 880 in
1371 818 1417 880 vi·

146 928 229 1010 ginti
251 928 396 1010 quinque
421 927 528 1010 pensis
560 927 767 990 denariorum
800 941 932 1010 propter
965 925 1241 1004 vulnerationem,
1273 938 1415 988 attamen

148 1053 186 1096 ex
209 1053 275 1116 quo
293 1035 360 1117 ipse
385 1032 549 1095 Johannes
571 1033 717 1095 literatus
736 1033 898 1095 obiciebat
921 1033 982 1094 sibi
1006 1031 1095 1114 quod
1113 1045 1194 1093 esset
1217 1031 1291 1093 talis
1314 1031 1416 1093 bomo

148 1141 241 1204 sicuti
258 1141 325 1224 ipse
342 1154 374 1203 et
395 1140 580 1220 insultabat,
603 1154 734 1224 propter
755 1140 815 1202 hoc
832 1139 1040 1202 medietatem
1063 1138 1213 1200 videlicet
1236 1137 1413 1200 duodecim

148 1260 180 1309 et
209 1246 351 1309 mediam
383 1267 497 1330 pensas
528 1247 734 1309 denariorum
767 1246 891 1309 solvere
924 1245 1030 1325 debet,
1061 1258 1093 1307 et
1125 1244 1211 1307 idem
1236 1242 1417 1325 Gregorius

148 1352 275 1415 medico
299 1352 358 1415 lesi
382 1351 572 1430 satisfaciam
596 1352 652 1415 ubi
675 1367 784 1415 autem
809 1352 950 1414 eundem
984 1352 1140 1434 percussit
1164 1351 1196 1413 in
1221 1351 1416 1413 consistorio

148 1458 248 1521 libere
262 1459 409 1539 civitatis,
425 1459 592 1522 convictus
609 1473 656 1521 est
676 1474 786 1522 contra
808 1475 910 1522 totam
927 1460 1193 1522 communitatem
1210 1476 1285 1521 cum
1303 1457 1419 1520 eadem

150 1584 248 1628 manu
272 1586 335 1648 qua
360 1566 515 1649 percussit
538 1566 691 1647 eundem,
715 1566 813 1648 judici
838 1569 971 1630 veroin
1001 1568 1143 1649 birsagio
1168 1567 1315 1648 quinque
1341 1586 1420 1650 pen·

148 1690 256 1733 sarum
280 1672 506 1750 denariorum3
531 1672 570 1734 de
595 1693 662 1755 quo
686 1672 808 1754 judicio
832 1676 926 1737 ambe
950 1687 1057 1757 partes
1079 1688 1154 1736 sunt
1177 1686 1341 1737 contente.

402 1908 498 1983 Feria
526 1921 625 1982 sexta
655 1921 733 1984 ante
766 1910 1021 1985 Purificacionis
1050 1913 1164 1983 Marie.

653 2082 719 2161 (30.
736 2084 905 2163 januaris).

256 2238 402 2300 Thomas
434 2241 595 2302 Mezarich
624 2241 664 2303 ad
696 2242 884 2304 instanciam
919 2242 1062 2304 Simonis
1095 2239 1251 2303 Horwath
1275 2240 1421 2302 secundo

151 2342 264 2404 citatus
288 2364 353 2406 non
378 2348 568 2429 comparuit.

257 2450 383 2513 Eodem
408 2454 461 2516 die
486 2453 647 2536 Georgius
669 2454 812 2517 Thoztbi
836 2455 875 2517 de
892 2455 1048 2516 suburbio
1073 2453 1210 2516 civitatis
1234 2453 1273 2515 ad
1299 2453 1421 2516 instan-

152 2555 234 2617 ciam
259 2558 379 2620 Mathie
404 2561 547 2623 Kowach
571 2562 715 2624 secundo
739 2562 854 2625 citatus
878 2581 943 2623 non
969 2560 1159 2644 comparuit.
