3142 5356
1148 557 1449 606 -.-ην-,Ἀ

147 709 308 792 quandam
335 709 469 771 Elenam
496 708 527 768 in
554 726 686 767 uxorem
712 706 845 766 duxerat
869 720 899 765 et
923 725 960 765 ex
990 704 1101 765 eadem
1128 704 1209 765 duas
1233 703 1318 765 filias
1342 720 1404 785 pro·
1428 701 1449 723 ²

146 829 365 899 generaverat,
389 829 518 875 mortuo
542 829 649 875 autem
675 812 761 873 dicto
779 811 921 893 Georgio
947 811 1030 872 dicta
1055 811 1156 872 Elena
1182 811 1307 872 dictum
1334 816 1400 872 Am·

148 923 292 984 brosium
318 921 349 981 in
375 920 477 981 virum
504 919 624 995 habuit,
651 932 776 979 mortua
805 931 911 978 autem
937 930 968 977 et
992 917 1075 977 dicta
1102 915 1203 977 Elena
1229 931 1261 977 et
1285 917 1403 978 duabus

148 1028 275 1091 filiabus
292 1047 329 1088 ex
344 1027 440 1109 priori
466 1025 534 1086 viro
551 1025 735 1107 procreatis,
753 1022 893 1105 prefatus
908 1022 1104 1084 Laurentius
1115 1023 1181 1098 (sic)
1198 1022 1288 1103 prius
1305 1041 1406 1084 coram

148 1135 258 1217 juratis
282 1147 368 1195 mota
393 1139 424 1194 et
448 1133 599 1194 ventilata
632 1146 662 1193 et
690 1132 820 1192 tandem
845 1131 884 1191 ad
918 1149 977 1190 nos
1001 1130 1156 1204 deducta,
1181 1149 1242 1190 nos
1266 1149 1345 1190 vero
1368 1149 1411 1190 se·

149 1243 255 1304 niores
279 1240 399 1322 judices
423 1241 504 1300 inter
539 1254 643 1320 partes
674 1237 812 1321 prelatas
836 1237 934 1298 talem
967 1236 1240 1297 deliberacionem
1268 1235 1413 1313 fecimus,

149 1348 236 1429 quod
261 1368 298 1408 ex
323 1367 388 1427 quo
413 1345 553 1428 prelatus
578 1345 768 1406 Ambrosius
801 1344 926 1405 nullum
952 1341 1001 1421 jus
1034 1342 1207 1424 superinde
1232 1344 1414 1425 producere

149 1454 253 1536 potuit
278 1467 308 1515 ct
332 1450 451 1534 prefata
470 1454 570 1514 Elena
595 1471 675 1512 uxor
692 1451 834 1513 eiusdem
861 1451 966 1511 eidem
984 1469 1090 1510 coram
1110 1447 1215 1529 judice
1240 1447 1414 1512 fassionem

150 1561 281 1621 minime
307 1558 415 1620 lecerit
439 1573 470 1620 ct
493 1558 758 1620 testamentaliter
790 1557 894 1618 eidem
921 1576 985 1617 non
1011 1556 1176 1636 legaverit,
1200 1557 1244 1616 ob
1269 1555 1334 1618 hoc
1358 1576 1415 1619 nos

149 1686 205 1748 pet
229 1663 390 1727 delectum
415 1666 546 1726 seminis
571 1684 668 1746 penes
689 1664 856 1745 privilegia
874 1663 1011 1724 civitatis
1035 1682 1148 1723 omnes
1165 1683 1214 1723 res
1240 1664 1416 1726 inmobiles

149 1770 278 1854 prefatis
302 1772 536 1853 exponentibus
561 1770 817 1850 adjudicavimus
835 1770 974 1851 exceptis
998 1770 1164 1830 dumtaxat
1187 1771 1285 1831 rebus
1312 1772 1417 1833 inmo·

151 1879 269 1940 bilibus
294 1897 373 1959 quas
397 1876 461 1938 filie
486 1897 523 1938 ex
552 1878 636 1938 dicta
668 1877 805 1938 condam
839 1876 939 1937 Elena
972 1889 1136 1958 procreate
1161 1888 1192 1937 et
1216 1876 1305 1938 dicto
1339 1883 1416 1938 Am-

150 1985 257 2046 brosio
282 1985 415 2066 viroque
439 1985 583 2044 eiusdem
607 1983 873 2063 adjudicavimus.

255 2090 378 2153 Eodem
403 2091 455 2152 die
472 2111 565 2151 causa
591 2091 672 2151 inter
690 2089 880 2150 Michaelem
898 2090 1059 2150 literatum
1082 2102 1113 2152 et
1137 2089 1306 2151 Simonem
1334 2091 1416 2153 Hor·

151 2197 234 2258 wath
260 2211 367 2258 contra
393 2196 550 2279 prelatum
574 2196 764 2257 Michaelem
790 2216 825 2256 ac
843 2196 1050 2257 Valentinum
1076 2197 1208 2257 Bednak
1233 2212 1268 2257 ut
1292 2213 1417 2260 actores

151 2304 190 2364 ab
215 2302 312 2364 altera
338 2316 425 2383 parte
451 2304 578 2363 racione
595 2303 827 2384 vituperiorum
847 2322 882 2363 ac
906 2303 1121 2384 percussionis
1141 2323 1176 2364 ac
1201 2303 1318 2383 injuste
1337 2321 1416 2366 trac·

150 2411 251 2471 cionis
276 2411 307 2470 in
340 2409 438 2470 domo
472 2409 609 2471 condam
634 2410 743 2470 relicte
776 2410 967 2491 Brwmycha
999 2425 1121 2488 vocate,
1152 2411 1241 2491 quod
1267 2431 1343 2473 cum
1368 2414 1400 2474 in

150 2530 261 2577 trasset
284 2515 387 2577 dictus
412 2514 548 2577 Michael
581 2535 652 2576 cum
687 2515 859 2576 Valentino
895 2516 1018 2577 decano
1051 2517 1082 2576 in
1116 2518 1252 2578 eandem
1278 2518 1413 2581 domum

152 2642 186 2683 ac
214 2622 312 2683 eciam
340 2622 450 2683 Simon
470 2622 635 2698 Horwatb,
653 2623 761 2703 ibique
787 2623 890 2684 dictus
909 2622 1045 2684 Michael
1070 2639 1100 2685 et
1118 2624 1229 2685 Simon
1257 2625 1412 2687 Horwatb

155 2728 388 2789 inhonestasset
419 2749 451 2789 se
476 2730 514 2789 de
547 2729 688 2809 quodam
722 2729 818 2790 doleo
852 2744 881 2790 et
914 2730 1052 2791 eundem
1084 2731 1275 2793 Michaelem
1311 2733 1414 2794 dictus

157 2835 268 2896 Simon
294 2835 484 2916 appellasset
509 2856 618 2897 canem
645 2850 675 2897 et
707 2836 908 2913 mendacem,
940 2837 1043 2898 dictus
1074 2856 1151 2897 vero
1176 2837 1314 2900 Michael
1349 2859 1412 2901 nou

156 2941 259 3022 potuit
283 2941 347 3022 pati
372 2941 431 3002 nisi
457 2942 487 3001 in
507 2943 681 3003 continenti
708 2943 846 3002 eundern
866 2943 1031 3003 Simonem
1053 2943 1178 3025 alapam
1204 2945 1280 3005 cesit
1305 2946 1347 3007 ita
1381 2960 1414 3007 ut

155 3047 186 3107 in
212 3060 326 3107 terram
361 3061 534 3127 prostratus
566 3063 622 3126 est,
653 3049 745 3128 jurati
779 3050 823 3108 sic
856 3049 1129 3128 adjudicaverunt,
1161 3052 1250 3132 quod
1275 3052 1412 3114 Michael

154 3153 297 3214 literatus
322 3154 485 3214 convictus
502 3169 547 3215 est
572 3156 675 3215 eidem
696 3157 725 3214 in
745 3153 896 3236 homagio
918 3157 991 3216 vivo
1017 3159 1058 3217 ob
1076 3156 1136 3217 hoc
1161 3158 1248 3237 quod
1273 3159 1413 3221 eundem

153 3259 278 3340 alapam
304 3260 380 3320 cesit
405 3274 434 3319 et
459 3261 489 3320 in
515 3275 630 3322 terram
664 3276 839 3343 prostratus
868 3276 932 3337 est;
957 3263 996 3323 de
1022 3263 1181 3324 traceione
1206 3264 1297 3325 crinii
1324 3267 1411 3347 quod

154 3385 237 3425 unus
262 3366 396 3425 alterum
423 3367 514 3427 traxit
532 3367 809 3427 vicisitudinaliter
834 3369 1028 3444 sustineant;
1053 3371 1107 3429 sed
1126 3389 1202 3430 vero
1225 3372 1280 3431 ubi
1301 3371 1412 3433 Simon

155 3471 276 3531 dictum
302 3472 490 3532 Michaelem
516 3475 690 3554 appellavit
715 3476 817 3535 virum
852 3477 1026 3536 meretricis
1050 3490 1080 3538 et
1104 3477 1198 3537 vulve
1223 3479 1410 3558 meretricis,

156 3577 198 3637 ibi
224 3577 248 3637 si
274 3577 377 3639 dictus
403 3578 514 3639 Simon
541 3600 603 3640 non
630 3583 768 3661 potuerit
786 3583 889 3642 eidem
916 3585 1125 3664 comprobare
1150 3583 1189 3643 ad
1214 3584 1303 3645 aliud
1329 3585 1411 3664 judi-

153 3683 250 3761 cium,
276 3698 392 3746 extunc
417 3686 623 3746 convincetur
649 3688 752 3748 eidem
779 3688 926 3748 Michaeli
960 3704 991 3750 et
1015 3690 1083 3749 eius
1107 3690 1197 3751 uxori
1222 3691 1356 3754 cuilibet
1381 3694 1411 3753 in

154 3789 307 3870 homagio
332 3791 424 3864 viv0;
457 3807 486 3851 et
511 3807 621 3873 expost
647 3794 699 3854 ubi
725 3814 799 3855 vero
832 3794 936 3856 dictus
962 3796 1072 3855 Simon
1106 3816 1178 3856 cum
1203 3794 1327 3878 prelato
1354 3800 1413 3860 Mi·

151 3895 258 3956 chaele
283 3897 407 3977 turpius
424 3899 601 3975 traxissent,
619 3914 733 3959 extunc
752 3899 891 3981 prelatus
910 3902 1098 3962 Valentinus
1127 3902 1258 3964 Bednak
1284 3904 1316 3964 in
1342 3925 1414 3987 pre·

150 4000 249 4063 latum
275 4003 464 4063 Michaelem
499 4005 622 4065 occulte
657 4008 798 4068 irruisset
823 4022 853 4068 et
885 4009 1023 4089 aripiens
1055 4028 1127 4069 eum
1164 4028 1219 4088 per
1251 4010 1357 4073 crines
1381 4014 1413 4074 in

150 4122 265 4167 terram
291 4123 476 4189 prostrasset
502 4112 530 4169 vi
557 4114 703 4191 potencia
731 4134 786 4173 sua
813 4115 973 4174 mediante
999 4116 1120 4194 absque
1145 4115 1256 4196 aliquo
1281 4137 1412 4181 excessu

150 4235 207 4275 suo
232 4229 285 4275 aut
310 4216 453 4293 crimine,
479 4216 570 4296 jurati
597 4219 640 4279 sic
677 4219 953 4298 adjudicaverunt,
979 4221 1065 4301 quod
1092 4221 1196 4282 dictus
1220 4222 1413 4288 Valentinus

150 4336 319 4402 postquam
338 4336 402 4383 tarn
428 4323 551 4384 occulte
572 4325 601 4384 in
621 4340 716 4406 caput
733 4347 826 4387 suum
841 4328 952 4406 injecit
971 4349 1083 4388 manus
1101 4349 1173 4389 suas
1189 4342 1220 4390 et
1244 4330 1275 4390 in
1294 4344 1410 4394 terram

150 4427 288 4488 eundem
314 4443 499 4509 prostrasset
532 4432 652 4510 absque
678 4434 788 4513 aliquo
822 4455 880 4494 suo
905 4455 1033 4495 excessu
1069 4450 1177 4497 contra
1203 4436 1325 4499 dictum
1350 4439 1412 4500 Va-

149 4533 305 4593 lentinum
332 4535 439 4610 exivit,
465 4536 630 4597 convictus
648 4552 693 4598 est
719 4541 823 4600 eidem
844 4541 990 4602 Michaeli
1018 4543 1047 4602 in
1074 4542 1226 4622 homagio
1251 4545 1347 4621 vivo3
1372 4547 1410 4607 de

148 4640 268 4720 judicio
294 4640 469 4720 juratorum
497 4663 571 4703 vero
595 4644 698 4704 dictus
716 4647 904 4708 Valentinus
928 4669 992 4709 non
1012 4663 1180 4711 contentus
1204 4650 1243 4710 ad
1268 4653 1411 4714 seniores

149 4745 270 4825 judices
294 4748 477 4827 appellavit.
503 4785 545 4793 —
571 4751 661 4810 l'eria
688 4768 798 4831 quarta
824 4755 854 4813 in
888 4753 967 4816 sesto
993 4759 1083 4816 beate
1110 4755 1229 4838 Sopbie
1254 4757 1409 4838 prefatam

148 4872 275 4912 causam
300 4854 441 4914 seniores
466 4855 587 4929 judices
616 4856 885 4920 confirmaverunt
910 4876 943 4920 ut
975 4862 1120 4941 superius
1145 4863 1345 4940 continetur3
1370 4865 1408 4925 de

146 4960 267 5041 judicio
292 4961 454 5022 seniorum
479 4962 621 5042 judicum
641 4985 704 5024 non
731 4978 897 5026 contentus
922 4968 1025 5030 dictus
1044 4968 1233 5030 Valentinus
1257 4971 1313 5032 sed
1338 4992 1407 5055 pre·
