3142 5356
433 571 520 629 Anno
543 562 635 647 1487.
659 605 700 614 -
724 585 773 649 14.
797 568 959 634 decembris.

166 783 272 845 Causa
298 782 338 843 de
363 783 513 843 evasione
539 781 753 843 Almanorum
771 782 811 844 de
835 783 924 861 turri,
949 783 1042 864 jurati
1067 785 1121 845 tali
1148 784 1248 850 modo
1273 787 1329 848 ad-

68 887 293 969 judicaverunt,
318 888 408 970 quod
432 889 535 970 prima
560 902 658 950 strasa
691 909 754 970 que
778 887 839 951 fuit
867 889 999 951 interior
1032 892 1133 952 estin
1159 893 1264 972 culpa,
1290 914 1327 953 ex
1426 950 1431 959 ,

67 1013 125 1076 quo
150 995 261 1057 debito
286 994 400 1056 ordine
424 994 590 1075 vigilando
619 1009 746 1055 etcum
772 994 895 1056 lumine
928 995 1011 1056 intro
1037 996 1237 1078 inspiciendo
1263 1018 1327 1060 non

66 1101 284 1183 vigilaverunt.

166 1207 315 1269 Secunda
340 1222 437 1268 strasa
456 1220 503 1267 est
527 1207 557 1267 in
577 1206 682 1286 culpa,
707 1226 770 1288 que
795 1205 854 1268 suit
870 1221 943 1268 ante
964 1208 1105 1270 hostium
1130 1210 1234 1287 turris,
1251 1210 1327 1291 quia

66 1314 147 1377 illam
173 1315 366 1376 exteriorem
392 1333 456 1374 non
482 1313 630 1374 amonuit
653 1312 822 1375 excitando
855 1327 886 1375 et
909 1314 969 1374 sibi
995 1333 1060 1376 non
1084 1315 1261 1397 loquendo.

165 1421 285 1482 Tereia
309 1439 386 1481 vero
403 1433 513 1498 strasa,
537 1439 601 1500 que
619 1417 680 1480 iuit
703 1419 850 1498 exterius,
874 1420 969 1481 estin
995 1421 1100 1503 culpa,
1125 1441 1161 1482 ex
1179 1442 1244 1504 quo
1262 1442 1328 1484 non

63 1527 204 1609 vigilavit
227 1527 283 1587 sed
309 1525 509 1588 obdormivit
533 1539 564 1587 et
587 1525 765 1587 secundum
794 1511 1056 1589 commissionem
1082 1548 1147 1589 non
1171 1528 1327 1610 vigilavit.

164 1633 221 1695 iile
247 1647 354 1694 autem
378 1632 435 1714 qui
459 1645 642 1714 portaverat
658 1632 763 1694 claves
786 1632 881 1693 turris
903 1647 950 1694 est
967 1633 998 1695 in
1024 1634 1118 1717 culpa
1142 1634 1224 1696 sicut
1241 1655 1324 1696 unus

64 1761 96 1803 ex
119 1741 185 1803 illis
209 1739 409 1803 custodibus.
1312 1819 1317 1829 q

162 1848 298 1930 Propter
323 1860 431 1908 autem
455 1844 618 1908 defectum
650 1845 747 1907 unius
778 1845 920 1907 custodis
944 1846 1092 1924 exterius,
1117 1846 1213 1909 debet
1244 1847 1327 1929 regi·

65 1967 171 2015 strator
196 1952 414 2033 juramentum
439 1952 601 2033 deponere
627 1952 659 2014 in
684 1971 738 2013 ara
761 1966 868 2013 sancte
894 1951 1019 2031 Crucis,
1044 1953 1133 2033 quod
1157 1972 1223 2014 non
1248 1953 1328 2016 dixit

66 2060 118 2121 sibi
142 2061 330 2142 capitaneus
354 2058 444 2140 quod
468 2056 618 2121 deficeret
642 2077 726 2120 unus
754 2073 871 2137 custos,
896 2073 927 2121 et
950 2058 1039 2139 quod
1063 2059 1130 2141 ipse
1155 2078 1220 2120 non
1246 2059 1328 2126 dixit

68 2166 137 2246 quid
161 2165 339 2248 dyabolum
364 2165 412 2226 vis
436 2184 510 2227 cum
534 2164 699 2248 pluribus;
721 2165 747 2225 si
772 2184 837 2226 non
859 2165 1001 2247 deponet
1024 2164 1240 2246 juramentum
1266 2166 1326 2228 erit

70 2270 209 2355 inculpa
234 2273 317 2334 sicut
340 2291 423 2333 unus
447 2271 487 2332 de
511 2287 620 2334 strasa.

164 2380 300 2463 Propter
323 2377 442 2440 ferrum
467 2392 574 2439 autem
599 2376 687 2459 quod
712 2376 809 2458 judex
833 2377 1026 2458 deposuerat
1043 2375 1082 2437 de
1108 2376 1165 2438 iilo
1183 2376 1325 2457 homine,

76 2499 226 2566 propterea
252 2484 349 2566 judex
373 2505 440 2546 non
464 2485 560 2546 estin
578 2484 671 2567 culpa
689 2504 726 2544 ex
751 2503 907 2565 quocum
924 2483 1090 2545 voluntate
1114 2503 1171 2544 sua
1195 2485 1325 2566 propria

79 2588 144 2651 illud
167 2591 287 2654 ferrum
310 2591 350 2653 ad
382 2590 475 2653 illum
507 2591 674 2653 hominem
705 2603 876 2673 aposuerat
907 2604 938 2651 et
969 2609 1042 2651 cum
1067 2591 1232 2652 voluntate
1265 2611 1322 2652 sua

81 2693 217 2778 deposuit.

165 2804 240 2868 item
265 2804 481 2886 judicavimus
505 2804 593 2885 quod
618 2822 731 2865 omnes
762 2802 855 2885 jurati
887 2801 1072 2885 incipiendo
1097 2823 1114 2863 a
1138 2803 1324 2884 quindecim

85 2902 175 2970 diebus
195 2911 375 2973 secundum
408 2910 672 2973 commissionem
704 2909 945 2971 communitatis
976 2910 1063 2991 quod
1097 2909 1156 2990 ipsi
1188 2910 1326 2991 propriis

85 3018 201 3088 personis
224 3032 256 3080 et
280 3018 439 3100 capitibus
462 3017 612 3079 intrando
636 3015 677 3078 ad
701 3017 815 3078 turrim
840 3017 922 3077 circa
936 3015 1078 3077 eosdem
1102 3016 1246 3097 captivos
1271 3016 1325 3077 de·

86 3113 136 3179 bito
155 3125 265 3186 ordine
291 3124 499 3206 inspexerunt
522 3136 553 3185 et
576 3122 727 3184 viderunt
751 3122 806 3183 illa
838 3122 909 3183 loca
932 3122 1081 3183 videlicet
1106 3137 1169 3183 tam
1196 3141 1324 3183 murum

87 3238 160 3299 quan
181 3232 281 3293 eciam
307 3245 425 3293 terram
449 3243 482 3292 et
507 3229 633 3291 nullum
658 3229 784 3310 signum
803 3241 978 3311 potuerunt
1002 3247 1206 3309 cognoscere,
1231 3248 1326 3310 super

87 3325 260 3400 inhibent
278 3338 458 3420 juramenta
481 3337 644 3419 deponere
660 3334 836 3397 secundum
855 3334 1118 3396 consvetudinem
1144 3336 1324 3396 communi·

86 3436 141 3499 tatis
160 3443 187 3504 in
210 3464 263 3506 ara
286 3457 393 3505 sancte
411 3443 543 3519 Crucis3
566 3442 592 3503 si
610 3442 761 3523 jurabunt
777 3453 853 3504 tunc
869 3454 944 3503 sunt
966 3441 1070 3520 liberi,
1094 3441 1119 3502 si
1144 3461 1221 3503 vero
1246 3461 1324 3522 non,

87 3552 144 3607 tunc
164 3549 219 3632 ipsi
244 3564 319 3613 sunt
342 3570 437 3612 causa
462 3548 604 3611 efficiens
635 3548 729 3609 huius
761 3548 921 3609 evasionis
949 3562 980 3610 et
1012 3548 1059 3608 illi
1084 3548 1268 3629 vigilatores
1292 3562 1324 3610 et

86 3644 130 3727 ipsi
149 3654 308 3720 habebunt
331 3657 456 3720 solvere
481 3657 574 3718 istam
601 3656 773 3737 pecuniam
790 3655 967 3736 expositam
985 3674 1043 3735 pro
1069 3654 1161 3715 dictis
1181 3656 1324 3736 captivis.

167 3764 266 3826 iudex
291 3783 367 3826 vero
392 3764 536 3826 Marinus
560 3762 656 3824 habet
684 3762 787 3843 jurare
820 3762 852 3822 in
877 3781 931 3823 ara
962 3775 1070 3822 sancte
1095 3761 1208 3822 Crucis
1233 3761 1322 3842 quod

85 3857 286 3939 insidentes
310 3889 437 3953 semper
453 3869 601 3931 amonuit
616 3867 737 3950 juratos
761 3888 836 3928 suos
858 3868 1036 3929 secundum
1061 3868 1323 3928 commissionem

83 3977 307 4057 communitatis,
331 3977 355 4038 si
381 3996 446 4039 uon
472 3976 590 4056 jurabit
614 3976 674 4037 erit
698 3977 730 4036 in
756 3975 850 4056 culpa
883 3975 964 4036 sicut
989 3994 1071 4035 unus
1096 3995 1133 4035 ex
1157 3973 1278 4054 juratis.

165 4083 307 4145 Andreas
342 4082 464 4164 juratus
498 4102 562 4144 non
598 4095 766 4143 contentus
801 4081 841 4143 de
873 4081 993 4163 judicio
1032 4095 1163 4163 propter
1199 4081 1322 4142 clavem

79 4185 231 4264 appellavit
254 4189 294 4250 ad
318 4189 472 4251 seniores.
495 4224 539 4234 —
563 4189 665 4249 iudex
690 4188 835 4249 Marinus
859 4207 924 4249 non
943 4201 1113 4249 contentus
1137 4187 1176 4247 de
1201 4186 1323 4266 judicio

79 4303 188 4374 propter
209 4295 427 4376 juramentum
452 4295 627 4378 appellavit
650 4294 691 4356 ad
716 4295 868 4356 seniores.
897 4330 940 4339 —
965 4294 1064 4355 Jurati
1090 4313 1154 4355 non
1180 4294 1322 4356 contenti

77 4392 109 4457 de
127 4398 242 4480 judicio
273 4401 520 4486 appellaverunt
551 4400 592 4463 ad
623 4401 775 4464 seniores.
807 4436 851 4446 -
883 4401 1079 4463 Laurencius
1111 4400 1216 4483 Spacy
1247 4420 1321 4462 cum

73 4504 147 4569 socio
168 4528 226 4572 suo
251 4523 298 4571 est
321 4509 413 4571 liber.
439 4544 479 4553 -
505 4507 668 4589 Georgius
691 4527 825 4589 arcupar
853 4526 919 4568 non
944 4521 1113 4568 contentus
1137 4507 1177 4568 de
1200 4506 1322 4589 judicio

69 4615 229 4696 appellavit
253 4615 294 4677 ad
317 4615 473 4677 seniores.
