3142 5356
225 336 289 396 2¹4
756 314 842 372 Anno
864 325 955 389 1431.

226 422 523 432 ——.—-—-——
533 422 603 429 .-,---
619 421 696 428 —.
709 421 764 426 --.
978 416 1269 423 -.--—-—.-—-——.--.
1290 416 1485 424 ——-———-

228 528 370 611 predicti
389 526 560 604 Janchech,
585 546 641 608 per
672 524 811 587 eundem
837 521 995 586 lanchech
1029 535 1075 584 est
1098 520 1365 582 testamentaliter
1390 521 1491 600 legata

225 650 256 697 et
279 634 379 696 literis
403 633 658 715 privilegialibus
680 644 879 713 perpetuata.

332 739 410 801 Item
436 738 576 821 quedam
594 739 687 799 vinea
705 738 736 798 in
754 736 915 799 territorio
933 748 1043 797 nostro
1065 734 1146 795 inter
1169 733 1296 794 vineam
1315 733 1491 796 liberorum

228 846 365 910 condam
392 846 490 907 Marci
523 844 580 906 filii
606 845 741 928 Mykech
771 858 802 905 et
833 857 950 905 terram
975 841 1122 903 similiter
1153 840 1329 902 liberorum
1354 840 1493 903 condam

232 954 377 1036 Chupor,
402 953 498 1014 simul
523 971 594 1013 cum
620 952 772 1033 virgulto,
799 951 936 1031 desuper
968 948 1074 1009 habita
1098 960 1130 1009 et
1153 947 1300 1026 existens,
1332 967 1405 1009 cum
1430 949 1495 1009 suis

228 1060 437 1143 pertinenciis
461 1079 517 1141 per
542 1058 709 1141 providam
742 1058 908 1118 dominam
936 1055 1069 1117 Luciam
1094 1055 1236 1115 relictam
1262 1054 1385 1138 Grayff,
1410 1074 1495 1116 nunc

228 1180 408 1228 consortem
434 1165 555 1226 Vrbani
580 1164 673 1242 jurati
699 1162 756 1225 filii
783 1163 913 1246 Mathye
943 1163 1066 1245 Zupan,
1098 1161 1181 1221 lvvan
1207 1159 1276 1222 lilio
1302 1161 1429 1223 Lucasii
1456 1162 1495 1223 de

226 1272 361 1335 Gratsan
389 1271 513 1333 concivi
539 1285 648 1331 nostro
673 1283 720 1332 est
743 1269 872 1332 vendita
897 1288 955 1352 pro
988 1267 1129 1329 sedecim
1155 1268 1261 1350 pensis
1286 1266 1494 1330 denariorum

228 1392 259 1441 et
282 1376 525 1460 privilegialiter
553 1389 749 1458 perpetuata.

332 1484 409 1546 Item
428 1483 567 1564 quedam
591 1482 706 1544 domus
724 1482 820 1543 simul
838 1501 910 1542 curn
929 1479 1029 1542 fundo
1047 1494 1078 1542 et
1096 1479 1253 1541 hedificiis
1269 1481 1301 1542 ia
1320 1481 1392 1542 vico
1416 1481 1494 1542 civi-

226 1591 298 1654 tatis
315 1590 462 1652 exteriori
480 1602 624 1650 sutorum
642 1589 723 1649 inter
740 1589 856 1649 domos
868 1586 1044 1649 liberorum
1059 1586 1196 1648 condam
1214 1586 1349 1648 Fabiani
1366 1600 1398 1648 et
1415 1587 1496 1648 libe-

227 1717 336 1760 rorum
361 1696 498 1758 condam
531 1694 685 1757 Anthonii
715 1695 831 1756 sutoris
855 1693 962 1756 habita
994 1708 1024 1754 et
1049 1693 1195 1771 existens,
1221 1712 1318 1754 unam
1344 1707 1494 1774 quartam

229 1805 315 1866 curie
348 1804 378 1864 in
404 1823 437 1864 se
469 1803 646 1880 continens,
680 1801 818 1863 Martino
856 1800 922 1863 lilio
955 1799 1083 1862 Thome
1115 1799 1231 1861 sutoris
1262 1797 1319 1860 filii
1353 1798 1426 1861 lsko
1451 1814 1499 1862 est

229 1909 470 1993 privilegialiter
495 1921 691 1991 perpetuata.

335 2016 411 2077 ltem
437 2014 576 2096 quedam
602 2014 718 2076 domus
736 2013 831 2075 simui
856 2033 929 2075 cum
955 2012 1057 2075 fundo
1075 2026 1105 2075 et
1129 2011 1286 2074 hedificiis
1310 2013 1343 2075 in
1367 2014 1499 2076 civitate

228 2123 310 2184 inter
342 2122 456 2183 domos
488 2134 518 2183 et
546 2119 647 2182 fundo
680 2120 826 2205 Dyonisii
861 2119 1049 2181 Mozlauech
1082 2133 1113 2181 et
1144 2119 1321 2181 liberorum
1354 2121 1499 2182 condam

229 2227 371 2290 lwcbech
396 2227 436 2288 de
461 2226 641 2288 Thernatva
667 2247 702 2288 ac
728 2225 865 2287 Jalsiche
889 2227 1031 2287 salivene
1057 2225 1176 2305 habita,
1202 2226 1345 2288 mediam
1369 2227 1498 2289 curiam

228 2336 261 2396 in
295 2354 328 2394 se
360 2333 538 2411 continens,
569 2352 642 2394 cum
667 2333 732 2393 suis
764 2332 969 2414 pertinenciis
1009 2332 1140 2393 domine
1176 2332 1350 2394 Katherine
1385 2334 1500 2396 relicte

229 2439 367 2502 condam
393 2438 531 2500 Ladislai
564 2437 621 2499 tilii
655 2438 832 2517 Michaelis,
864 2458 919 2520 per
948 2439 1088 2500 eundem
1123 2438 1307 2500 Ladislaum
1341 2440 1497 2502 maritum

229 2566 322 2608 suum
346 2546 609 2608 testamentaliter
633 2558 680 2607 est
703 2546 807 2626 legata
832 2559 863 2607 et
886 2545 1129 2627 privilegialiter
1151 2560 1348 2629 perpetuata.

334 2653 412 2714 ltem
431 2652 586 2734 particula
601 2653 735 2713 vinealis
752 2652 985 2714 condicionalis
1002 2652 1141 2734 quedam
1156 2653 1187 2713 in
1205 2653 1367 2715 territorio
1386 2669 1501 2715 nostro

229 2760 445 2823 condicionali
478 2760 559 2820 inter
591 2761 700 2821 vineas
731 2759 879 2820 similiter
911 2761 1152 2822 condicionales
1184 2759 1363 2822 Clementis
1390 2761 1501 2822 Mran-

230 2869 323 2930 konis
347 2867 438 2928 aliter
462 2867 577 2944 vocati,
609 2868 648 2927 ab
674 2887 747 2943 una,
778 2882 808 2927 et
840 2881 928 2949 parte
961 2870 1000 2928 ab
1026 2867 1124 2929 altera
1157 2867 1332 2929 liberorum
1357 2868 1501 2930 condam

232 2973 432 3057 Margarethe
457 2973 563 3053 puelle
588 2971 652 3033 filie
677 2975 814 3034 condam
839 2973 933 3035 Clare
959 2973 1067 3036 relicte
1092 2973 1171 3035 olim
1195 2973 1359 3036 Valentini
1385 2977 1501 3056 generi

231 3082 312 3143 olim
336 3079 426 3141 Pauli
452 3079 527 3139 dicti
553 3079 667 3140 Fucias
700 3080 817 3158 habita,
850 3081 909 3141 sub
941 3101 1037 3142 censu
1063 3081 1142 3143 sexti
1175 3082 1283 3143 eubuli
1309 3081 1349 3143 de
1382 3082 1502 3145 eadem

232 3187 386 3270 particula
411 3186 528 3246 vineali
555 3186 648 3246 nobis
679 3207 735 3247 seu
767 3187 938 3249 comitibus
967 3188 1082 3248 nostris
1115 3208 1173 3270 pro
1196 3201 1342 3271 tempore
1377 3191 1503 3251 consti·

231 3293 308 3356 tutis
332 3311 457 3373 semper
491 3292 700 3373 proveniente
734 3292 773 3352 de
807 3293 931 3373 eadem,
964 3294 1155 3355 Sebastiano
1179 3293 1246 3356 lilio
1278 3293 1408 3356 Thome
1442 3317 1504 3378 per

232 3397 440 3460 Katherinam
467 3397 609 3458 relictam
636 3399 771 3459 condam
797 3400 924 3460 Martini
950 3401 1017 3461 Bau
1036 3414 1082 3462 est
1106 3399 1235 3463 vendita
1259 3415 1290 3462 et
1313 3401 1503 3484 privilegia·

233 3505 305 3567 liter
329 3517 526 3586 perpetuata.

338 3611 415 3671 ltem
442 3609 572 3696 Gyurak
606 3609 746 3671 carnifex
780 3611 864 3673 filius
888 3612 1113 3696 Matheyltonis
1144 3611 1302 3676 carnificis
1333 3615 1504 3696 quandam

232 3717 391 3779 vinealem
417 3737 507 3778 suam
532 3717 721 3799 particulam
740 3718 823 3780 inter
846 3720 973 3782 vineam
994 3720 1083 3781 Pauli
1107 3721 1236 3782 sartoris
1260 3720 1317 3782 lilii
1342 3720 1505 3785 lobannis

232 3846 250 3886 a
273 3824 526 3907 septemtrionali
553 3838 650 3906 parte,
667 3845 684 3885 a
702 3839 789 3907 parte
814 3846 890 3888 vero
912 3828 1059 3890 orientali
1084 3847 1183 3910 penes
1207 3828 1358 3906 rivulum,
1375 3850 1393 3890 a
1411 3844 1504 3912 parte

234 3951 309 3991 vero
341 3931 543 3991 meridionali
578 3950 675 4012 penes
708 3930 877 3994 decursum
911 3933 1078 3994 cuiusdam
1110 3934 1217 4016 putei,
1249 3954 1267 3996 a
1300 3948 1389 4017 parte
1423 3957 1505 4000 vero

234 4037 409 4099 occidentis
433 4057 531 4120 penes
557 4038 642 4098 viam
660 4038 954 4101 circumvicinalem
972 4040 1125 4119 habitam,
1142 4039 1279 4123 provido
1304 4041 1400 4103 Petro
1420 4042 1505 4105 Cro-

232 4163 322 4205 waco
347 4142 414 4204 filio
440 4143 584 4204 Budislai
609 4144 733 4205 concivi
752 4158 874 4223 nostro,
899 4166 957 4228 pro
975 4147 1114 4227 quadam
1139 4160 1222 4209 terra
1246 4167 1302 4209 sua
1327 4149 1441 4211 arabili
1470 4151 1505 4212 in

234 4270 348 4333 campo
382 4250 517 4311 civitatis
549 4251 630 4311 inter
661 4264 759 4312 terras
798 4252 945 4314 similiter
978 4253 1115 4315 arabiles
1151 4253 1327 4316 liberorum
1360 4256 1505 4320 condam

234 4357 326 4418 Pauli
352 4357 489 4439 Frawyn
515 4371 544 4417 et
579 4356 645 4416 vias
670 4376 704 4418 ac
736 4370 834 4418 terras
867 4373 974 4421 nostre
1005 4359 1246 4422 communitatis
1277 4360 1397 4443 habita,
1423 4363 1509 4426 duas

234 4462 334 4524 dietas
366 4478 400 4524 ut
431 4462 546 4523 dicitur
579 4463 611 4523 in
646 4482 678 4523 se
711 4464 907 4543 continente,
932 4486 989 4548 pro
1022 4466 1242 4528 additamento
1274 4482 1397 4550 septem
1431 4468 1507 4535 flor.

234 4570 301 4630 auri
327 4589 382 4651 per
407 4569 544 4630 eundem
581 4570 710 4630 Petrum
743 4570 926 4633 Crouacunr
961 4574 1021 4655 ipsi
1048 4571 1179 4656 Gyurak
1203 4573 1299 4656 plene
1323 4578 1507 4660 persoluto,

234 4694 290 4757 per
314 4674 446 4736 modum
473 4675 723 4757 permutationis
755 4677 844 4738 dedit
876 4692 906 4739 et
930 4679 1171 4762 privilegialiter
1203 4679 1308 4744 eidem
1335 4682 1430 4746 Petro
1455 4701 1508 4750 est

235 4794 434 4863 perpetuata.
