3142 5356
146 459 188 544 84
541 458 746 542 Ann01482.
770 499 811 508 —
833 476 862 541 7.
886 468 1012 539 augusti.

147 680 274 742 racione
299 679 465 741 cuiusdam
499 679 607 758 vinee,
630 698 728 759 quam
761 678 828 760 ipsa
858 679 959 738 Elena
985 697 1064 738 uxor
1095 675 1209 758 prelati
1234 677 1327 739 Pauli
1352 676 1411 739 sibi

147 787 371 849 hereditariam
397 788 568 862 asserebat,
592 800 623 847 et
656 786 732 866 quia
765 784 812 845 vir
836 785 972 846 condam
999 783 1176 865 Gregorius
1208 784 1411 847 Banschalro·

146 893 238 976 wych
256 893 389 954 maritus
411 894 510 975 ipsius
527 892 662 954 condam
684 892 801 953 Jelicza
821 891 993 952 literatorie
1008 891 1142 952 eandem
1161 892 1290 953 vineam
1307 891 1413 971 habet,

148 1019 245 1082 quarn
271 1019 327 1081 per
352 1000 489 1061 condam
509 1003 668 1078 Agnetem
687 998 824 1079 primam
848 1017 938 1058 suam
963 1017 1095 1059 uxorem
1112 997 1235 1078 habuit,
1253 999 1319 1081 ipsa
1338 1018 1414 1061 vero

146 1126 202 1188 per
225 1104 496 1167 testamentariam
521 1105 722 1185 legacionem
748 1124 765 1165 a
790 1103 926 1165 condam
949 1102 1049 1164 Paulo
1074 1104 1190 1166 marito
1215 1125 1274 1167 suo
1301 1105 1415 1168 habuit

147 1226 241 1294 prout
266 1211 357 1273 litera
382 1211 519 1273 civitatis
543 1212 742 1272 demonstrat
772 1224 803 1272 et
833 1210 962 1292 publice
988 1229 1094 1271 coratn
1128 1211 1233 1289 judice
1265 1213 1415 1293 probavit

147 1318 206 1378 sibi
232 1337 302 1379 eam
328 1319 450 1399 legasse
476 1332 506 1379 et
530 1338 566 1379 ex
592 1337 658 1398 quo
684 1332 815 1379 eatenus
836 1315 957 1398 prefata
983 1316 1083 1378 Elena
1109 1331 1217 1379 contra
1243 1338 1309 1379 non
1334 1318 1414 1380 dixit

147 1424 247 1506 ipsius
271 1424 447 1505 legacionis
472 1437 502 1485 et
519 1425 683 1485 literarum
701 1424 848 1500 civitatis,
874 1423 946 1484 idco
968 1443 1024 1505 per
1049 1423 1169 1503 juratos
1193 1424 1415 1503 adjudicatum

148 1544 194 1593 est
218 1545 252 1592 ut
275 1551 375 1612 penes
399 1532 534 1592 eandem
553 1531 677 1592 literam
696 1531 833 1592 civitatis
850 1543 881 1591 et
901 1549 957 1612 per
973 1531 1208 1592 successionem
1233 1532 1282 1593 sui
1308 1532 1415 1594 mariti

147 1637 311 1720 possidere
334 1637 439 1699 valeat
463 1652 494 1699 et
517 1636 592 1698 illac
614 1637 742 1718 disponi
767 1651 797 1698 et
821 1635 924 1698 iacere
946 1656 1012 1718 quo
1037 1637 1105 1718 ipse
1130 1637 1308 1714 commisit;
1333 1651 1366 1700 et
1388 1639 1415 1700 si

147 1745 248 1806 eciam
274 1745 341 1826 ipsa
365 1744 474 1805 relicta
500 1744 616 1805 Jelicza
641 1746 778 1825 probare
809 1744 928 1825 poterit
952 1743 1040 1824 quod
1074 1744 1258 1825 contiguam
1283 1744 1415 1807 vineam

148 1851 305 1913 desertam
330 1872 347 1913 a
373 1850 508 1911 condam
529 1849 630 1910 Paulo
654 1850 759 1931 primo
778 1850 893 1911 marito
911 1850 1010 1931 ipsius
1028 1849 1127 1911 Elene
1152 1851 1256 1912 dictus
1272 1851 1414 1913 condam

149 1956 325 2039 Gregorius
350 1971 481 2035 emerat,
506 1970 536 2018 et
561 1955 696 2016 eandem
722 1956 821 2016 libere
854 1956 1018 2037 possidere
1047 1957 1150 2018 valeat
1173 1971 1269 2038 atque
1294 1957 1414 2039 possit;

148 2062 269 2146 prelata
295 2063 396 2124 Elena
421 2061 537 2123 mulier
562 2080 627 2122 non
653 2075 801 2123 contenta
826 2062 1000 2144 appellavit
1023 2063 1063 2124 ad
1088 2063 1240 2125 seniores.

254 2169 359 2232 Causa
385 2170 467 2230 inter
491 2168 710 2246 Valentinum,
735 2169 909 2229 Martinum
932 2182 963 2230 et
986 2168 1149 2230 Andream
1175 2168 1350 2248 carnifices,
1373 2171 1414 2232 ab

151 2297 224 2355 una,
250 2295 375 2337 necnon
400 2276 580 2336 Fabianum
605 2273 760 2359 Sypchicz
789 2275 982 2336 modernum
1015 2274 1153 2354 juratum
1179 2277 1307 2337 racione
1333 2297 1415 2358 quo·

150 2382 296 2444 rumdam
323 2384 433 2461 boum,
458 2401 540 2463 quos
563 2381 727 2442 transactis
745 2381 836 2441 annis
860 2380 998 2441 condam
1024 2381 1175 2442 dominus
1198 2382 1336 2444 Mathias
1359 2403 1414 2445 rex

149 2501 208 2550 etc.
233 2490 272 2549 ab
297 2488 417 2549 eisdem
442 2489 602 2548 abstulere
627 2501 658 2548 et
682 2488 821 2569 recipere
851 2486 980 2566 fecerat,
1005 2489 1058 2548 ubi
1083 2487 1225 2569 prefatus
1249 2488 1414 2551 Fabianus

150 2608 270 2657 certum
296 2614 466 2656 numerum
492 2596 590 2655 bourn
616 2594 766 2654 videlicet
798 2609 925 2654 centurn
952 2607 982 2655 et
1013 2594 1226 2676 quadraginta
1251 2595 1333 2656 duos
1359 2615 1417 2678 per

149 2722 222 2764 eum
248 2702 288 2763 ad
313 2702 505 2783 peticionem
533 2701 651 2762 Mathei
677 2701 805 2762 Ethwes
831 2716 967 2784 emptos,
993 2721 1075 2784 quos
1099 2702 1159 2763 sibi
1184 2703 1251 2785 ipse
1277 2702 1417 2766 Mathias

150 2808 279 2871 Ethwcs
304 2808 446 2889 plenarie
479 2807 642 2868 exsolvere
675 2808 874 2888 promiserat,
906 2809 1037 2870 tandem
1069 2824 1165 2891 prout
1195 2812 1357 2872 asserebat
1381 2810 1414 2872 in

149 2928 266 2976 sortem
293 2913 480 2975 eorumdem
507 2913 619 2975 habuit
642 2914 785 2994 aliquam
810 2934 969 2975 summam
998 2916 1152 2996 pecunie;
1178 2916 1233 2977 ubi
1257 2935 1335 2978 vero
1354 2917 1416 3000 ipsi

150 3021 350 3098 Valentinus,
386 3021 542 3081 Martinus
574 3034 605 3082 et
636 3020 782 3081 Andreas
814 3023 1049 3102 proponebant,
1082 3042 1139 3103 pro
1165 3023 1316 3084 omnibus
1350 3024 1417 3085 illis

150 3129 254 3188 bobus
278 3143 340 3188 tam
367 3146 479 3188 eorum
504 3146 600 3207 quarn
618 3127 693 3203 suis,
708 3130 762 3207 qui
781 3147 837 3208 per
855 3128 1117 3190 commissionem
1142 3127 1255 3210 prefati
1273 3130 1416 3192 condam

151 3232 273 3295 domini
298 3233 381 3314 regis
405 3233 522 3314 recepti
547 3247 630 3310 sunt,
659 3234 759 3314 ipsam
793 3253 952 3295 summam
984 3235 1119 3316 pecunie
1145 3236 1301 3316 equaliter
1326 3236 1416 3299 idem

151 3339 313 3400 Fabianus
344 3340 530 3420 recepisset,
563 3354 594 3400 et
625 3359 689 3400 non
723 3355 846 3401 tantum
880 3360 937 3422 pro
970 3341 1033 3402 illis
1064 3361 1146 3422 quos
1178 3342 1244 3423 ipse
1276 3342 1418 3406 Mathias

151 3445 280 3507 Ethwes
304 3466 359 3527 per
384 3465 457 3506 eum
483 3465 589 3506 emere
613 3443 741 3523 lecerat,
766 3448 984 3527 postualentes
1008 3462 1042 3508 ut
1066 3449 1223 3529 equaliter
1247 3449 1416 3512 intereos·

151 3553 223 3614 dem
248 3553 453 3628 divideretur,
478 3551 571 3631 jurati
596 3552 869 3631 adjudicaverunt,
894 3553 982 3634 quod
1007 3574 1043 3615 ex
1069 3574 1134 3635 quo
1159 3555 1226 3636 ipse
1251 3555 1417 3619 Fabianus

152 3673 274 3720 tantum
301 3659 332 3719 in
358 3674 475 3718 sortem
501 3659 630 3719 illorum
656 3660 754 3719 boum
780 3679 862 3739 quos
887 3659 1007 3721 Mathie
1034 3660 1161 3721 Ethwes
1186 3675 1317 3740 emerat,
1334 3662 1418 3725 dixit

151 3785 183 3825 se
207 3766 246 3825 ab
271 3763 386 3824 eodem
410 3765 565 3846 recepisse
596 3765 738 3845 aliquam
771 3785 930 3826 summam
955 3768 1090 3847 pecunie
1122 3781 1153 3828 et
1177 3787 1242 3828 non
1266 3786 1325 3849 pro
1350 3768 1418 3830 illis

151 3890 262 3933 eorum
287 3872 391 3931 bobus
415 3885 446 3932 et
470 3892 573 3952 neque
598 3891 655 3953 pro
680 3872 746 3932 suis
763 3872 817 3952 qui
840 3873 880 3933 ad
905 3874 1065 3934 racionem
1092 3892 1182 3933 suam
1209 3871 1348 3951 fuerunt,
1374 3875 1416 3936 ad

149 3976 261 4039 leriam
284 3977 415 4037 terciam
440 3978 584 4058 proxime
617 3992 782 4038 venturam
816 3979 847 4038 in
873 3999 925 4040 ara
950 3993 1056 4040 sancte
1089 3980 1202 4040 Crucis
1227 3979 1329 4059 jurare
1363 4000 1416 4043 so·

150 4084 265 4144 lusmet
282 4082 422 4161 babebit,
447 4083 535 4164 quod
558 4083 623 4164 ipse
642 4083 764 4144 nullam
782 4104 942 4145 summam
967 4085 1102 4166 pecunie
1120 4086 1150 4146 in
1176 4099 1294 4147 sortem
1313 4087 1417 4149 boum

151 4188 339 4250 eorumdem
363 4187 476 4250 habuit
508 4204 538 4251 et
562 4208 666 4270 neque
699 4191 819 4271 recepit
850 4191 905 4252 sed
931 4204 1054 4252 tantum
1088 4210 1147 4273 pro
1172 4192 1234 4253 illis
1258 4212 1314 4273 per
1337 4211 1415 4254 eum

151 4293 270 4355 Mathie
295 4293 424 4354 Etbtves
449 4308 589 4376 emptos,
613 4296 638 4356 si
656 4296 773 4376 jurabit
797 4312 911 4358 extunc
935 4299 975 4358 ab
993 4298 1200 4379 impeticione
1224 4299 1416 4362 eorumdem

150 4400 231 4462 liber
251 4401 327 4477 erit;
352 4400 465 4483 prelati
484 4401 683 4480 Valentinus,
710 4403 865 4464 Martinus
889 4417 919 4464 et
950 4405 1095 4465 Andreas
1113 4424 1177 4466 non
1202 4405 1345 4467 contenti
1372 4407 1415 4469 ad

150 4507 291 4568 seniores
314 4507 558 4588 appellaverunt
582 4507 890 4590 prelatamcausam
916 4525 1019 4592 partes
1043 4512 1307 4592 supranominate
1331 4532 1414 4575 utra·

152 4614 230 4674 nimi
255 4614 420 4675 voluntate
446 4634 510 4676 non
535 4616 633 4676 coacti
661 4617 713 4676 sed
739 4632 852 4698 sponte
870 4632 1124 4700 prorogaverunt
1149 4638 1319 4700 quousque
1337 4619 1417 4707 ipsis

151 4719 303 4811 placitum
327 4718 432 4782 luerit.
