3142 5356
412 471 498 528 Anno
521 482 608 544 1521.
632 503 676 513 —
699 482 729 528 2.
752 468 879 542 augusti.
1215 477 1277 538 213

437 680 628 741 Valentinus
655 692 766 741 sartor.

436 786 628 849 Valentinus
653 806 788 868 pugnat.

437 892 597 973 Georgius
621 892 735 955 lanius.

437 999 593 1061 Martinus
617 998 732 1060 lanius.

436 1106 562 1168 Blasius
586 1105 703 1167 lanius.

437 1211 600 1274 lohannes
624 1210 792 1274 Horwath.

437 1317 634 1379 Laurencius
658 1316 870 1400 Grosethych.

437 1423 647 1506 Bolphangus
672 1424 785 1488 lanius.

435 1532 561 1593 Blasius
585 1545 683 1592 sutor.

433 1639 540 1699 Bosko
563 1650 662 1698 sutor.

434 1743 649 1825 Sthephycha.

436 1850 581 1912 Andreas
604 1870 704 1931 gener
728 1851 843 1910 Zobar.

436 1956 612 2038 Gregorius
636 1956 873 2040 Zwonychych.

72 2171 147 2248 ria
174 2186 272 2251 sexta
299 2176 451 2267 proxima
481 2180 513 2247 in
543 2177 660 2266 vigilia
689 2177 782 2249 Petri
811 2186 842 2248 et
874 2174 967 2246 Pauli
997 2175 1240 2264 apostolorum.

547 2325 615 2408 (28.
631 2327 742 2408 Jicnir).

120 2469 278 2552 Georgius
302 2468 462 2533 aurifaber
486 2484 595 2532 contra
621 2470 756 2531 Elenam
783 2469 1007 2551 Mezarycham
1031 2469 1138 2551 primo
1162 2469 1278 2532 citatus

89 2579 292 2661 comparuit.

68 2779 152 2852 =ria
180 2789 280 2852 sexta
308 2778 461 2869 proxima
498 2785 574 2868 post
607 2779 730 2849 festum
760 2779 976 2850 visitationis
1004 2777 1100 2850 beate
1128 2776 1233 2849 llarie

564 2905 719 2991 virginis.

565 3057 607 3129 (5-
624 3055 721 3131 jura).

122 3195 257 3258 Mathias
292 3192 434 3255 Kowach
471 3193 512 3256 ad
548 3194 736 3255 instanciam
771 3193 927 3255 Johannis
957 3193 1116 3255 tributarii
1150 3193 1274 3256 domini

68 3300 156 3381 topi
181 3299 378 3362 rosoniensis
402 3300 507 3381 primo
532 3300 646 3360 citatus
669 3318 734 3361 non
761 3299 950 3381 comparuit.

215 3499 313 3573 Faria
342 3508 441 3573 sexta
469 3509 548 3572 ante
576 3501 699 3573 festum
729 3502 769 3572 ad
800 3500 941 3573 Vincula
969 3501 1071 3572 Petri.

550 3652 618 3731 (26.
634 3655 735 3732 salai).

120 3799 240 3860 Relicta
265 3796 553 3880 Zabochkowycha
579 3813 688 3859 contra
714 3818 846 3860 uxorem
877 3799 972 3861 Blasii
997 3799 1274 3876 molendinatoris‚

68 3903 155 3965 erici
181 3904 310 3982 literati,
334 3904 440 3986 primo
464 3904 557 3964 citata
575 3924 639 3965 non
665 3905 854 3987 comparuit.

315 4103 413 4178 Faria
441 4113 541 4178 sexta
570 4114 648 4177 ante
676 4098 782 4177 llarie
810 4106 849 4176 de
878 4105 967 4176 Nive.

535 4257 579 4336 (2.
604 4258 747 4338 auguste).

119 4398 254 4461 Mathias
279 4398 408 4480 pellifex
433 4399 473 4460 ad
508 4399 696 4460 instanciam
729 4398 889 4460 Francisci
915 4394 1068 4459 aurifabri
1101 4398 1206 4479 primo
1230 4399 1273 4459 ci·

68 4504 96 4556 ¹8
119 4525 179 4567 non
206 4507 397 4586 comparuit.

118 4610 242 4672 Eodem
268 4611 320 4672 die
344 4609 541 4691 Wolfangus
570 4608 708 4670 carnifex
742 4610 782 4671 ad
809 4611 997 4671 instanciam
1031 4610 1162 4692 Georgii
1196 4611 1271 4673 Car-

68 4717 106 4775 ile
128 4718 234 4800 primo
258 4718 373 4779 citatus
397 4737 461 4778 non
488 4716 678 4798 comparuit.

117 4824 241 4887 Eodem
267 4823 320 4885 die
354 4824 489 4906 Symoni
520 4823 611 4884 fabro
643 4823 735 4884 datus
767 4837 813 4884 est
836 4823 991 4884 terminus
1022 4824 1061 4884 ad
1085 4824 1271 4885 instanciam

68 4936 101 4989 tce
124 4930 285 5014 aelliparis
309 4942 344 4991 ut
368 4929 399 4991 in
424 4930 530 5013 primo
553 4928 674 5010 judicio
698 4930 813 4992 debeat
836 4930 1039 5011 respondere.
