3142 5356
480 503 565 556 Anno
580 511 681 575 1492·
707 533 748 541 -
773 509 819 575 17.
836 500 921 576 julii.
1291 496 1327 560 8‘1

104 699 150 766 lilie
162 729 207 773 sue
219 734 254 772 ex
267 713 406 773 condam
422 712 553 771 domina
578 708 742 771 Dorothea
757 729 854 770 uxore
871 730 927 770 sua
944 710 1112 790 legittima,
1130 710 1194 772 filia
1212 711 1333 773 scilicet

104 812 207 877 condam
225 818 352 878 Thome
373 816 530 877 ‘Theman
556 815 631 876 dicti
656 815 736 875 olim
761 815 907 877 similiter
923 816 1064 877 concivis
1089 816 1232 878 ciusdem
1258 818 1333 878 civi·

102 914 161 995 tatis,
172 925 204 984 ab
218 944 288 1001 unu,
299 944 335 984 ac
347 923 513 983 dominam
527 920 734 983 Katheriuam
746 921 889 984 relictam
903 921 1040 982 condam
1053 921 1206 1002 Stephani
1217 923 1332 984 literati

101 1011 293 1111 Tholmanych
319 1029 407 1107 dicti,
431 1027 534 1090 lratris
565 1027 701 1088 carnalis
728 1027 812 1088 dicte
843 1027 980 1088 condam
1014 1027 1144 1088 domine
1170 1028 1332 1089 Dorothee

97 1131 213 1197 taribus
236 1138 276 1196 ab
301 1136 411 1212 altera,
435 1133 474 1194 de
499 1147 529 1196 et
554 1153 649 1215 super
672 1133 765 1194 bonis
790 1134 1000 1195 inmobilibus
1031 1134 1232 1196 hereditariis
1256 1135 1332 1196 dicti

93 1238 206 1304 cofidam
231 1243 398 1325 Stephani,
424 1241 498 1302 licet
522 1241 589 1321 ipsa
626 1260 719 1301 causa
750 1259 856 1301 coram
890 1241 1024 1301 domino
1056 1241 1176 1303 vicario
1201 1241 1332 1303 ecclesie

88 1348 293 1426 zadrabiensis,
309 1368 355 1410 >ex
381 1366 446 1428 quo
468 1347 702 1408 testamentalis
719 1345 896 1425 dicebatur,
917 1362 1004 1408 mota
1023 1346 1133 1409 luisset
1156 1368 1212 1430 per
1229 1361 1334 1430 partes

82 1449 235 1533 predictas,
259 1471 369 1516 tamen
394 1453 434 1514 ad
459 1453 654 1534 peticionem
675 1453 852 1513 Sebastiani
873 1454 1020 1514 moderni
1039 1454 1144 1521 mariti
1169 1455 1251 1516 dicte
1276 1455 1332 1516 do·

78 1545 157 1620 ffllsse
187 1562 361 1624 Katherine
395 1561 504 1622 relicte
542 1560 687 1621 eiusdem
725 1560 862 1621 condam
897 1560 1069 1641 Stephani,
1101 1560 1334 1622 illustrissimus

74 1652 216 1750 Princeps
240 1668 393 1728 dominus
417 1665 580 1727 Johannes
605 1665 769 1726 Coruinus
801 1664 864 1725 dux
890 1666 1062 1726 Sclauonie
1088 1679 1158 1743 etc.‚
1181 1665 1334 1727 dominus

72 1759 176 1836 1¹0⁸ter
198 1773 472 1856 graciosissituus,
490 1771 674 1832 huiusmodi
708 1790 835 1832 causam
861 1768 934 1832 lecit
959 1772 1120 1832 remittere
1145 1791 1201 1853 per
1229 1771 1332 1843 domi7

69 1879 143 1938 lum
170 1880 325 1942 vicarium
351 1880 382 1940 in
408 1878 633 1939 consistorium
655 1877 804 1954 ¹civitatis
830 1876 963 1958 prefate,
988 1879 1019 1938 in
1053 1879 1143 1939 cuius
1168 1898 1261 1940 cause
1286 1878 1333 1960 ju-

67 1968 152 2046 dlcio
175 1987 323 2048 similiter
348 1985 388 2045 ad
406 1985 600 2066 peticionem
622 1984 766 2045 eiusdem
785 1984 962 2045 Sebastiani
989 2004 1044 2066 per
1068 1985 1330 2047 commissionem

64 2073 168 2157 ipsius
192 2093 316 2154 domini
341 2091 441 2152 nostri
466 2090 557 2152 ducis
582 2105 744 2172 presentes
772 2089 860 2151 luere
892 2091 1092 2152 venerabiles
1123 2092 1247 2153 domini
1274 2092 1333 2152 Mi·

66 2182 162 2261 chael
194 2201 398 2276 decretorum
423 2197 546 2274 doctor,
571 2198 762 2279 prepositus,
782 2198 892 2258 Petrus
906 2199 1005 2258 lector
1022 2212 1053 2260 et
1076 2199 1202 2259 Blasius
1227 2199 1333 2260 decre·

62 2303 176 2369 torum
200 2307 314 2368 doctor
331 2305 478 2366 canonici
503 2305 587 2366 dicte
612 2305 743 2366 ecclesie
762 2307 987 2385 zagrabiensis‚
1005 2306 1081 2367 item
1099 2307 1218 2387 egregii
1239 2307 1333 2368 Eme·

58 2397 152 2475 ricus
176 2415 333 2496 Pomezy,
357 2412 522 2474 Johannes
540 2412 678 2472 Homzki
705 2428 735 2473 et
756 2413 868 2474 Petrus
885 2413 1041 2474 Horwath
1060 2413 1184 2495 Orsych
1209 2414 1249 2474 de
1268 2412 1333 2475 Go-

58 2504 153 2582 llcza
176 2520 326 2582 homines
349 2518 494 2581 eiusdem
512 2519 637 2579 domini
660 2519 759 2579 nostri
784 2519 885 2598 ducis,
902 2539 1028 2581 necnon
1046 2521 1188 2581 seniores
1211 2519 1334 2602 judices

59 2628 232 2708 ceterique
257 2627 343 2688 cives
360 2625 504 2686 eiusdem
523 2624 671 2703 civitatis,
696 2625 750 2686 ubi
768 2624 905 2687 finaliter
922 2626 1039 2688 auditis
1055 2627 1197 2708 parcium
1215 2646 1333 2709 propo·

56 2717 246 2795 titionibus
267 2747 301 2794 et
325 2732 592 2813 allegacionibus‚
617 2732 685 2813 pari
711 2732 876 2794 voluntate
901 2733 942 2793 ita
967 2732 1143 2812 judicatum
1168 2747 1232 2795 est:
1258 2733 1334 2794 item

58 2844 144 2900 <um
168 2841 309 2923 primum
326 2839 520 2921 productum
538 2852 620 2928 esset
637 2852 864 2900 testamentum
881 2838 995 2921 prelati
1013 2839 1149 2901 condant
1168 2839 1334 2921 Stephani,

59 2931 84 2992 ll
118 2962 192 3028 quo
215 2947 298 3008 inter
321 2959 426 3007 cetera
452 2944 538 3007 idem
556 2946 696 3006 condam
719 2945 900 3027 Stephanus
918 2946 1040 3026 legasse
1057 2946 1226 3007 videbatur
1243 2946 1334 3007 uxori

63 3056 121 3102 ⁵¹10
149 3072 220 3114 cum
246 3051 420 3114 heredibus
444 3051 510 3112 suis
534 3051 698 3114 universas
728 3051 921 3114 hereditates
945 3072 1007 3134 que
1031 3052 1137 3140 ipsum
1162 3071 1334 3113 concerne-

70 3163 155 3237 rent,
175 3172 378 3243 compertum
403 3159 516 3238 extitit,
540 3160 628 3241 quod
643 3160 709 3242 ipse
728 3159 909 3242 Stephanus
932 3161 1087 3221 abstracta
1112 3159 1220 3240 aliqua
1244 3172 1334 3241 parte

77 3252 355 3346 hereditarieque
380 3264 540 3335 hereditas
562 3266 698 3327 omuino
723 3265 825 3327 lilium
843 3286 936 3327 suum
963 3265 1141 3347 Georgium
1166 3285 1203 3326 ex
1220 3265 1334 3328 eadem

86 3355 249 3433 Katherine
274 3391 374 3434 uxore
402 3392 457 3434 sua
483 3387 664 3454 susceptum
696 3373 869 3434 inmediate
901 3374 1064 3434 concernit
1092 3375 1213 3454 absque
1236 3374 1335 3454 patris

90 3469 250 3558 legacione,
274 3478 381 3541 eidem
399 3479 572 3540 Katherine
594 3480 683 3540 uxori
698 3500 753 3542 sue
771 3481 810 3542 de
828 3480 958 3562 prelatis
983 3481 1182 3543 hereditariis
1207 3482 1333 3543 nullum

91 3585 176 3660 potuit
199 3584 305 3647 lacere
327 3599 565 3671 testamentum,
590 3606 662 3668 cum
691 3587 859 3669 privilegia
892 3587 987 3649 huius
1011 3588 1147 3650 civitatis
1171 3608 1206 3648 ac
1232 3588 1333 3649 eciam

92 3691 318 3754 consuetudines
342 3691 516 3753 liberarum
549 3693 714 3755 civitatum
747 3694 836 3775 regni
866 3695 1032 3776 Hungarie
1064 3709 1121 3758 etc.
1147 3694 1333 3756 huiusmodi

84 3793 227 3878 legationi
252 3799 375 3881 opponi
400 3798 622 3878 dinoscuntur,
646 3817 776 3882 propter
793 3802 881 3882 quod
910 3817 1066 3883 quantum
1091 3802 1130 3863 ad
1156 3801 1237 3862 hane
1262 3822 1333 3883 par·

79 3902 198 3966 ticulatn
223 3904 322 3986 ipsius
355 3907 536 3967 testamenti
569 3907 701 3988 pretacti
724 3908 848 3969 domini
873 3908 996 3989 judices
1028 3909 1333 3990 pronunciaverunt,

74 4025 296 4074 testamentum
320 4011 499 4073 invalidum
517 4027 549 4075 et
571 4013 696 4075 nullum
722 4033 814 4096 posse
829 4014 948 4076 habere
966 4015 1074 4076 locum
1100 4016 1130 4076 in
1150 4014 1208 4076 hac
1225 4029 1332 4096 parte;

69 4119 125 4181 sed
148 4137 224 4193 cum
248 4118 419 4199 jamdictus
442 4117 605 4202 Georgius
635 4120 720 4183 lilius
751 4121 826 4183 dicti
859 4122 996 4184 condam
1023 4122 1177 4204 Stephani
1211 4122 1250 4183 de
1275 4121 1334 4183 hac

66 4227 132 4288 rita
157 4224 293 4288 decessit
316 4223 485 4287 deficiente
508 4228 632 4289 semine
665 4228 809 4289 eiusdem
839 4229 976 4290 condam
1009 4228 1175 4311 Stephani,
1207 4227 1333 4290 heredi·

63 4347 148 4396 tates
172 4331 318 4393 eiusdem
344 4332 492 4394 universe
524 4333 652 4395 devolvi
678 4334 796 4396 debent
829 4349 859 4397 et
890 4336 929 4396 de
956 4334 1039 4397 lacto
1072 4335 1335 4398 condescendunt

62 4439 106 4502 ad
133 4437 311 4521 predictam
337 4438 547 4501 Katheriuam
572 4440 714 4522 puellam
743 4442 969 4503 consobrinam
995 4442 1116 4506 scilicet
1139 4462 1230 4504 suam
1253 4456 1333 4502 tam-

62 4564 165 4629 quam
201 4544 351 4607 heredem
385 4561 713 4628 superremanentem.
750 4548 813 4610 Ubi
846 4569 923 4610 vero
956 4549 1097 4631 prefatus
1129 4549 1334 4610 Sebastianus

61 4652 200 4716 tandem
225 4652 386 4713 asserebat
410 4671 443 4713 se
466 4653 600 4714 solvisse
626 4673 699 4714 curn
726 4674 823 4716 uxore
855 4676 912 4716 sua
938 4655 1094 4717 nonnulla
1119 4655 1226 4715 debita
1251 4656 1332 4714 eius·

58 4760 139 4821 dem
158 4756 298 4818 condam
318 4756 484 4840 Stephani,
510 4759 652 4821 decisum
671 4774 727 4838 est,
748 4774 781 4822 ut
796 4761 872 4842 quia
893 4763 980 4822 idem
997 4762 1132 4822 condam
1152 4760 1333 4840 Stephanus

59 4867 95 4929 io
120 4876 317 4926 testamento
341 4882 402 4925 suo
427 4863 622 4946 specifica-vir
645 4867 792 4928 universa
819 4869 925 4929 debita
948 4887 1005 4949 pro
1029 4868 1147 4949 quibus
1171 4866 1334 4928 solvendis

60 4969 191 5058 legauit
212 4968 488 5056 tineam,.terras,
517 4956 684 5057 lb)ortum,
715 4973 827 5058 ciphos
848 4988 1028 5060 ,argenteos
1051 4987 1084 5040 et
1114 4973 1264 5041 similiter
1291 4994 1340 5039 ar·

1247 5088 1269 5157 b
