3142 5356
151 337 212 401 330
681 315 769 372 Anno
792 327 885 390 1430.

151 425 319 433 ———-

255 529 333 589 ltem
359 528 421 588 due
446 539 552 606 partes
576 545 632 586 seu
649 525 819 607 porciones
843 523 1009 584 cuiusdam
1028 523 1157 599 domus,
1181 521 1286 600 fundi,
1312 521 1414 582 celarii

150 634 349 697 subterranei
382 648 412 694 et
445 630 668 693 hedificiorum
700 631 732 691 in
766 630 849 691 dicta
882 630 1008 691 civitate
1041 630 1073 691 in
1106 630 1271 691 vicinitate
1306 628 1416 691 domus

154 741 262 802 Fricze
296 739 388 820 jurati
421 737 521 799 nostri
554 736 702 798 moderni
727 756 763 797 ac
795 737 877 797 inter
901 736 981 798 duas
1012 737 1080 797 vias
1103 755 1159 798 seu
1182 736 1308 818 plateas
1332 756 1414 798 com-

150 866 263 908 munes
287 846 404 923 habite,
429 845 487 906 site
520 864 537 904 a
562 859 651 926 parte
676 843 846 925 posteriori
875 857 906 904 ct
930 843 1110 920 existentes,
1145 863 1243 905 unam
1268 858 1412 925 quartam

152 953 238 1015 curie
263 967 294 1013 et
318 952 396 1012 duas
420 963 524 1032 partes
550 951 644 1010 unius
667 963 778 1011 octave
811 950 842 1010 in
868 969 900 1010 se
925 950 1137 1028 continentes,
1160 969 1217 1032 per
1239 948 1413 1012 sessionem

151 1060 283 1141 Georgii
309 1057 365 1119 filii
384 1056 471 1120 Galli
496 1057 630 1139 provide
660 1056 787 1117 mulieri
810 1057 948 1117 Barbara
978 1072 1089 1119 vocate
1113 1055 1177 1118 filie
1203 1056 1330 1139 Gaspar
1348 1058 1414 1119 lite·

150 1167 220 1243 rati,
245 1184 329 1226 nunc
362 1163 500 1225 consorti
533 1163 690 1244 legittime
724 1162 856 1245 Georgii
890 1163 1005 1225 Croaci
1031 1163 1087 1225 filii
1120 1164 1218 1226 Blasii
1242 1165 1335 1244 Wlk,
1360 1185 1417 1248 pro

150 1272 288 1354 quadam
315 1270 414 1331 domo
438 1289 494 1330 sua
519 1268 662 1351 predicta
687 1289 723 1330 ac
747 1289 805 1351 pro
839 1268 1061 1331 additamento
1086 1270 1231 1351 quinque
1256 1269 1327 1332 flor.
1352 1271 1418 1331 auri

150 1393 180 1440 et
205 1377 340 1438 duarum
366 1394 537 1458 pensarum
564 1374 769 1436 denariorum
802 1375 870 1455 jure
900 1375 1153 1458 permutationis
1173 1377 1233 1436 sub
1266 1376 1418 1458 pendenti

150 1483 258 1564 sigillo
291 1481 531 1543 communitatis
562 1481 805 1563 privilegialiter
836 1497 911 1542 sunt
947 1479 1153 1560 confirmate,
1185 1501 1266 1563 quas
1290 1483 1419 1544 tandem

151 1590 264 1653 eadem
291 1590 427 1650 Barbara
454 1587 599 1670 predicto
618 1586 762 1668 Georgio
780 1588 896 1649 marito
913 1608 972 1650 suo
989 1588 1122 1650 donavit
1146 1604 1304 1671 perpetuo
1320 1591 1418 1673 possi·

151 1695 283 1758 deudas.

256 1801 333 1863 ltem
360 1801 516 1862 Martinus
532 1814 642 1879 sartor,
668 1800 799 1882 juratus,
824 1799 909 1862 filius
927 1801 1067 1881 Thome,
1092 1803 1256 1885 quendam
1283 1801 1417 1864 fundum

150 1928 244 1969 suum
270 1926 406 1968 vacuum
432 1921 463 1968 et
488 1905 643 1968 hedificiis
667 1907 795 1989 penitus
823 1907 1011 1970 destitutum
1032 1908 1064 1969 in
1089 1908 1173 1971 dicta
1191 1909 1320 1971 civitate
1338 1909 1419 1971 inter

150 2014 266 2075 domos
290 2027 321 2075 et
346 2012 464 2074 fundos
489 2011 575 2075 Galli
608 2013 647 2074 de
677 2013 886 2075 Wlltomercz
919 2028 950 2076 et
974 2013 1094 2076 Cosme
1126 2015 1260 2097 aucupis
1284 2029 1315 2076 et
1339 2015 1417 2076 libe-

149 2140 259 2182 rorum
284 2119 421 2181 condam
446 2118 575 2180 Andree
601 2120 640 2180 de
665 2119 872 2181 Wlltomercz
905 2135 936 2182 et
967 2120 1131 2182 Valentini
1163 2119 1268 2182 fratris
1292 2121 1353 2199 sui,
1387 2121 1417 2181 in

150 2241 301 2310 postergo
326 2245 401 2287 vero
419 2225 535 2287 domus
559 2240 589 2288 et
614 2225 704 2288 fundi
724 2227 861 2288 condam
886 2227 1061 2288 liberorum
1079 2227 1205 2288 Nicolai
1232 2226 1308 2288 dicti
1335 2227 1417 2288 Hor·

151 2334 280 2417 vvathyn
305 2333 462 2411 habitum,
488 2353 584 2394 unam
610 2347 756 2414 quartam
774 2334 860 2394 curie
887 2334 917 2394 in
935 2354 968 2395 se
994 2335 1224 2412 continentem,
1243 2333 1416 2396 Leonardo

151 2440 380 2502 Theuthonico
405 2438 472 2501 filio
500 2439 624 2501 Hertici
650 2441 689 2500 de
715 2440 858 2501 Bawaria
891 2441 1037 2502 vendidit
1069 2455 1224 2523 perpetuo
1249 2441 1418 2523 possiden·

150 2548 227 2608 dum
242 2561 273 2610 et
286 2547 458 2629 superinde
472 2563 518 2609 est
532 2547 622 2608 litera
636 2547 694 2607 sub
708 2545 860 2628 pendenti
876 2546 983 2628 sigillo
1002 2548 1242 2609 communitatis
1260 2563 1418 2613 emanata.

256 2654 333 2715 Item
359 2654 574 2715 communitas
598 2647 761 2733 quendam
786 2650 923 2712 fundum
957 2653 1085 2714 civilem
1111 2654 1143 2714 in
1167 2654 1239 2716 vico
1264 2654 1414 2716 exteriori

152 2761 289 2821 civitatis
313 2760 454 2841 predicte
492 2758 725 2840 lutiligulorum
751 2759 832 2821 inter
865 2758 1000 2821 fundum
1026 2761 1189 2822 Valentini
1215 2761 1418 2822 molendina·

149 2867 227 2928 toris
251 2880 281 2928 et
307 2866 471 2927 Benedicti
496 2865 628 2927 cultoris
661 2865 817 2944 habitum,
851 2886 945 2948 supet
978 2867 1243 2928 communitatem
1269 2887 1328 2949 pro
1354 2887 1416 2929 non

149 2972 316 3034 solucione
342 2971 507 3032 daciorum
535 2985 565 3033 et
589 2971 726 3032 aliorum
760 2971 941 3033 debitorum
975 2988 1005 3032 et
1038 2987 1294 3055 opportunorum
1320 2975 1417 3036 servi·

149 3079 272 3140 ciorum
299 3078 499 3156 devolutum,
525 3079 663 3139 mediam
689 3080 809 3140 curiam
836 3080 866 3140 in
892 3100 924 3140 se
949 3080 1181 3159 continentem,
1199 3080 1354 3142 Conrado
1372 3082 1417 3142 in·

149 3185 250 3247 stitori
286 3183 353 3244 filio
390 3184 487 3245 Vlrici
522 3185 653 3245 llawsar
686 3185 725 3247 de
760 3186 921 3248 lanczota
961 3200 995 3248 ut
1027 3206 1112 3248 novo
1145 3187 1270 3248 concivi
1306 3200 1417 3249 nostro

149 3291 297 3354 vendidit
320 3305 476 3373 perpetuo
502 3291 732 3372 possidendum
751 3307 790 3354 et*
805 3292 977 3375 superinde
999 3306 1045 3354 est
1061 3293 1152 3354 litera
1176 3295 1235 3355 sub
1260 3293 1415 3375 pendenti

151 3399 257 3481 sigillo
282 3397 522 3459 communitatis
547 3412 703 3461 emanata.

255 3506 333 3566 ltem
360 3504 498 3585 quedam
524 3503 641 3564 domus
666 3505 770 3566 medie
806 3507 891 3568 curie
916 3506 1012 3567 simul
1046 3525 1118 3567 cum
1144 3504 1245 3567 lurido
1271 3519 1303 3567 et
1327 3504 1416 3567 hedi·

150 3611 228 3674 ficiis
265 3613 346 3673 inter
371 3611 486 3672 domos
510 3625 540 3670 et
573 3612 676 3672 curias
700 3612 784 3674 Petri
817 3613 982 3695 piscatoris
1007 3627 1037 3673 et
1069 3612 1179 3673 relicte
1204 3612 1297 3673 Pauli
1329 3613 1416 3673 simi·

150 3720 222 3782 liter
254 3719 420 3802 piscatoris
450 3738 486 3778 ac
520 3717 672 3799 Stephani
707 3719 864 3781 carnificis
894 3720 963 3798 sita,
992 3739 1049 3802 per
1081 3718 1252 3780 iussionem
1278 3719 1415 3780 condam

150 3827 280 3889 domine
306 3827 466 3887 Zreberna
490 3839 600 3886 vocate
626 3825 734 3886 relicte
768 3826 904 3887 condam
931 3826 1056 3887 Nicolai
1085 3826 1239 3907 Mahnyn,
1266 3825 1416 3886 Emerico

150 3933 328 3996 monetario
353 3931 420 3993 filio
445 3932 571 3993 Nicolai
590 3933 737 3994 vendidit
760 3947 917 4014 perpetuo
934 3934 1160 4014 possidendam
1187 3946 1218 3994 et
1241 3933 1415 4015 superinde

150 4057 197 4103 est
221 4041 311 4102 litera
335 4041 393 4100 sub
419 4039 571 4121 pendenti
597 4040 705 4120 sigillo
734 4040 974 4101 communitatis
999 4055 1154 4103 emanata.

257 4147 331 4207 ltem
359 4146 459 4207 Elena
492 4146 608 4206 mulier
640 4145 704 4206 lilia
737 4146 827 4206 Pauli
853 4146 978 4230 Wgryn
1015 4147 1124 4207 relicta
1154 4145 1293 4207 condam
1319 4145 1411 4207 Pauli

148 4254 242 4335 jurati
267 4250 323 4313 filii
351 4252 501 4335 Gywani,
527 4272 611 4313 nunc
645 4272 775 4313 consors
797 4254 925 4314 Martini
959 4253 1170 4334 agricultoris,
1205 4252 1411 4315 medietatem

148 4360 312 4423 cuiusdam
340 4361 503 4442 porcionis
529 4380 585 4421 sue
610 4360 744 4420 vinealis
769 4361 850 4421 inter
868 4361 994 4422 vineam
1013 4359 1096 4421 Petri
1123 4358 1269 4438 Hungari
1288 4358 1411 4440 pridem

146 4469 262 4551 judicis
286 4485 316 4530 et
340 4468 482 4530 concivis
507 4468 605 4528 nostri
639 4465 695 4527 filii
722 4468 811 4528 Pauli
842 4483 872 4530 et
904 4469 985 4529 inter
1017 4468 1144 4529 vineam
1169 4485 1225 4527 seu
1251 4466 1412 4527 vinealem

147 4578 334 4659 porcionem
352 4575 518 4637 Benedicti
536 4573 628 4655 jurati
647 4572 704 4634 filii
730 4572 867 4657 Gyvvani
886 4574 1037 4651 habitam,
1062 4573 1198 4654 desuper
1215 4593 1231 4633 a
1256 4573 1307 4633 via
1326 4592 1412 4634 com·

147 4685 237 4745 muni
263 4697 292 4744 et
317 4683 396 4745 infra
423 4702 524 4764 usque
549 4681 688 4742 rivulum
706 4701 738 4742 se
764 4681 1002 4761 extendentem,
1020 4699 1158 4742 unacum
1184 4680 1326 4761 virgulto
1351 4680 1410 4742 sibi

146 4791 323 4874 subjacenti
349 4806 379 4853 et
403 4790 473 4852 aliis
498 4789 619 4852 cunctis
644 4789 708 4849 suis
733 4789 924 4850 utilitatibus
941 4809 976 4850 ac
1001 4787 1124 4849 koucha
1149 4799 1180 4848 et
1202 4786 1412 4869 pertinenciis
