3156 5364
690 339 776 397 Anno
801 334 894 417 1438.
1365 361 1424 423 3¹5

265 569 343 631 Item
367 587 464 650 super
487 580 659 650 utramque
691 568 827 631 domum
851 581 1022 648 muratam,
1054 567 1173 631 fundos
1197 583 1228 632 et
1251 570 1367 633 celatia
1391 592 1427 634 ac

157 673 306 736 hedificia
331 675 470 736 condam
488 672 638 756 Gregorii
662 674 768 757 jurati,
793 673 872 736 olim
890 675 1031 736 concivis
1048 675 1147 737 nostri
1165 673 1223 737 filii
1248 676 1427 757 Benedicti,

158 801 197 843 ex
221 781 371 863 opposito
396 780 530 843 ecclesie
554 793 662 843 nostre
680 780 764 842 beati
791 780 890 842 Marci
907 780 1114 862 ewangeliste
1139 781 1272 844 indicta
1297 783 1426 845 civitate

158 887 240 949 inter
264 887 391 964 domos,
416 883 535 948 fundos
560 900 591 948 et
607 884 756 948 hedificia
781 886 878 948 Blasii
896 886 1079 948 stacionarii
1101 901 1132 948 et
1148 887 1326 950 liberorum
1351 907 1425 950 con·

157 992 233 1055 dam
257 993 340 1054 Petri
367 990 500 1074 Saphar,
524 1011 542 1052 a
567 992 809 1074 septemtrione,
832 1012 869 1053 ac
901 992 1077 1055 liberorum
1102 993 1242 1055 condam
1267 994 1425 1074 Barnabe,

158 1098 336 1177 Benedicti,
372 1097 469 1160 Blasii
503 1111 534 1159 et
566 1097 700 1180 Georgii
732 1097 873 1161 liliorum
903 1100 993 1160 Bank
1018 1114 1049 1162 et
1080 1099 1256 1162 liberorum
1288 1101 1425 1164 condam

159 1205 328 1266 Michaelis
352 1205 531 1267 Sebastiani
557 1224 592 1266 ac
616 1205 675 1266 viri
701 1205 828 1287 providi
850 1205 964 1266 Briccii
982 1205 1097 1287 judicis
1121 1204 1177 1267 filii
1196 1207 1295 1289 ipsius
1321 1208 1421 1269 Beue·

157 1311 236 1372 dicti
261 1309 365 1373 lratris
388 1311 487 1393 ipsius
516 1309 664 1392 Gregorii
689 1311 794 1391 jurati,
826 1331 883 1392 per
906 1313 1178 1373 testamentariam
1195 1312 1422 1395 (legacionem)

157 1416 302 1479 eiusdem
337 1415 484 1498 Gregorii
518 1415 631 1498 jurati,
663 1431 709 1478 est
740 1417 829 1479 litera
862 1432 1008 1480 emanata
1040 1419 1099 1479 sub
1129 1419 1282 1502 pendenti
1313 1420 1422 1502 sigillo

156 1521 415 1600 communitatis,
447 1542 510 1604 que
535 1522 651 1584 domus
683 1537 806 1585 murate
831 1536 861 1586 et
894 1521 985 1585 lundi
1018 1545 1054 1586 ac
1077 1525 1193 1586 celatia
1217 1539 1248 1586 et
1272 1524 1420 1587 hedificiis

156 1628 323 1689 continent
346 1641 468 1709 septem
496 1641 624 1709 quartas
647 1642 678 1690 et
702 1629 841 1691 mediam
875 1644 1021 1691 octavam
1050 1631 1135 1713 juxta
1161 1646 1311 1694 contenta
1344 1633 1424 1695 anti-

155 1753 295 1816 quarum
319 1734 494 1795 literarum.

264 1839 342 1902 ltem
367 1839 522 1901 medietas
539 1840 706 1902 cuiusdam
723 1841 851 1920 domus,
876 1840 968 1903 lundi
993 1856 1023 1905 et
1039 1841 1265 1906 hedificiorum
1290 1845 1424 1907 indicta

155 1946 285 2008 civitate
309 1946 392 2008 inter
416 1944 534 2008 fundos
559 1961 589 2009 et
613 1947 729 2009 domos
759 1948 900 2009 Ladislai
932 1947 1086 2010 aurifabri
1119 1963 1150 2011 et
1174 1950 1333 2012 Francisci
1358 1952 1423 2012 cul·

157 2052 236 2114 toris
261 2051 368 2114 habite
393 2066 423 2114 et
448 2053 621 2132 existentis,
646 2055 757 2136 porcio
792 2054 942 2116 videlicet
966 2056 1052 2117 Luce
1077 2056 1233 2118 institoris
1263 2056 1321 2119 filii
1346 2058 1424 2120 Bar·

157 2159 253 2237 nabe,
276 2178 373 2220 unam
400 2158 550 2221 videlicet
576 2175 721 2241 quartam
740 2161 827 2222 curie
852 2161 884 2221 in
908 2181 941 2222 se
959 2162 1138 2241 continens,
1163 2182 1221 2244 pro
1246 2183 1312 2225 non
1336 2164 1423 2226 solu·

156 2265 251 2326 cione
273 2264 439 2326 daciorum
464 2279 495 2327 et
519 2279 663 2327 taxarum
696 2281 760 2328 tam
792 2266 916 2328 domini
946 2269 1044 2330 nostri
1077 2269 1161 2350 regis
1193 2288 1290 2351 quam
1316 2284 1423 2333 nostra

155 2371 341 2432 communia
355 2371 532 2450 deciorum,
546 2391 642 2454 quam
662 2374 762 2434 eciam
773 2393 830 2455 pro
844 2394 897 2435 sex
911 2395 983 2435 curn
997 2375 1106 2436 medio
1123 2375 1192 2439 flor.
1212 2377 1292 2454 auri,
1304 2377 1422 2458 quibus

158 2477 282 2538 Briccio
306 2476 405 2553 judici
430 2478 497 2539 lilio
523 2478 699 2559 Benedicti,
725 2480 848 2541 concivi
874 2496 995 2559 nostro,
1026 2481 1184 2543 debitorie
1208 2483 1344 2564 obligari
1370 2483 1418 2545 di-

155 2582 360 2662 noscebatur,
377 2583 483 2645 eidem
501 2583 625 2646 Briccio
643 2584 740 2666 judici
759 2599 806 2647 est
822 2586 952 2648 vendita
969 2601 1000 2648 et
1016 2601 1131 2649 statuta
1150 2602 1305 2671 perpetuo
1321 2590 1422 2671 possi·

156 2687 261 2749 denda
289 2702 319 2749 et
353 2689 525 2771 superinde
559 2705 605 2752 est
639 2690 730 2752 litera
762 2693 820 2753 sub
856 2692 1009 2774 pendenti
1041 2693 1149 2774 sigillo
1182 2695 1423 2757 communitatis

157 2809 314 2859 emanata.

264 2901 342 2962 ltem
367 2901 506 2983 quedam
532 2902 625 2964 vinea
650 2903 788 2965 condam
807 2905 986 2966 Clementis
1009 2904 1066 2967 filii
1085 2907 1239 2989 Mikudey
1263 2905 1320 2968 filii
1338 2909 1421 2970 Petri

156 3008 196 3069 de
222 3006 462 3070 Chernomercz
480 3009 511 3069 in
536 3009 698 3071 territorio
723 3011 859 3072 civitatis
880 3013 963 3074 inter
980 3014 1107 3074 vineam
1133 3014 1266 3075 Fabiani
1291 3015 1422 3077 cultoris

155 3114 291 3175 liberam
316 3129 346 3175 et
372 3113 590 3177 Bartholomei
616 3116 811 3178 Paulsowich
832 3118 1090 3179 condicionalem
1108 3118 1227 3198 habita,
1250 3134 1373 3201 septem
1390 3134 1422 3184 et

156 3239 222 3280 non
247 3219 320 3301 plus
342 3220 453 3302 glebas
477 3220 576 3302 vulgo
607 3222 705 3302 greda
731 3222 831 3284 dictas
863 3224 894 3284 in
926 3245 959 3285 se
984 3225 1162 3303 continens,
1194 3245 1251 3307 per
1275 3227 1419 3287 Mikudei

156 3326 336 3407 predictum
363 3328 394 3388 in
419 3347 555 3409 persona
581 3328 665 3389 lwau
696 3327 752 3390 filii
786 3330 884 3411 ipsius
909 3330 1087 3393 Clementis
1118 3351 1154 3393 ac
1178 3352 1235 3414 per
1260 3332 1419 3413 Agatham

156 3431 256 3494 filiam
292 3433 437 3494 eiusdem
469 3432 648 3495 Clementis
683 3434 714 3495 in
748 3455 883 3517 persona
916 3437 1029 3498 Vrsule
1062 3439 1180 3499 sororis
1223 3458 1278 3500 sue
1311 3439 1418 3500 Blasio

154 3540 255 3600 sutori
280 3539 366 3601 dicto
393 3541 528 3624 Myskyu
553 3537 620 3601 filio
640 3541 778 3602 Ladislai
797 3556 843 3603 est
866 3543 995 3603 vendita
1012 3563 1070 3625 pro
1087 3545 1237 3605 undecim
1263 3545 1332 3607 flor.
1350 3547 1418 3606 auri

154 3665 192 3706 ex
218 3665 374 3706 consensu
399 3646 579 3707 vicinorum
604 3647 821 3728 predictorum
846 3662 1001 3730 perpetuo
1026 3650 1230 3731 possidenda.

191 3846 274 3918 ltem
303 3847 388 3919 leria
417 3851 535 3937 quinta
565 3847 718 3936 proxima
744 3858 821 3919 ante
851 3849 974 3920 festum
1003 3849 1258 3922 Purificacionis
1287 3852 1384 3923 beate

564 3993 695 4061 semper
724 3972 864 4062 virginis
893 3974 1008 4044 llario.

662 4140 724 4204 (30.
742 4130 908 4204 januarii).

260 4265 337 4326 Item
363 4267 459 4327 tercia
485 4287 556 4348 pars
581 4267 746 4328 cuiusdam
773 4268 899 4346 domus,
925 4267 1015 4329 fundi
1041 4283 1072 4330 et
1095 4269 1318 4332 hedificiorum
1342 4290 1417 4332 con·

153 4370 228 4431 dam
255 4370 409 4453 Stephani
442 4373 599 4434 tributarii
634 4374 665 4434 iu
691 4374 774 4434 dicta
808 4375 936 4435 civitate
968 4375 1049 4435 inter
1083 4375 1208 4453 domos,
1239 4374 1356 4437 fundos
1388 4391 1419 4438 et

152 4476 302 4539 hedificia
326 4479 503 4542 liberorum
537 4480 674 4541 condam
700 4480 833 4561 Georgii
865 4481 1006 4558 sartoris,
1031 4482 1108 4542 olim
1143 4481 1257 4559 judicis
1281 4496 1310 4543 et
1342 4503 1417 4543 con·

153 4585 233 4646 civis
256 4585 366 4662 nostri,
392 4601 423 4647 et
447 4587 580 4667 provide
615 4587 758 4648 mulieris
791 4586 892 4647 Cussa
925 4587 1016 4647 aliter
1046 4587 1271 4648 Gcrlichichna
1307 4604 1417 4649 vocate

154 4691 272 4769 habite,
297 4711 393 4752 unam
419 4707 565 4772 quartam
591 4694 621 4753 iu
651 4714 684 4754 se
718 4693 921 4769 continentis,
946 4712 1001 4773 per
1035 4694 1239 4754 Leonardum
1272 4694 1415 4755 italicum

153 4811 185 4860 et
209 4797 271 4858 due
295 4812 400 4880 partes
425 4799 568 4860 eiusdem
594 4799 720 4877 domus,
745 4798 836 4860 fundi
862 4813 892 4860 et
910 4797 1133 4861 hedificiorum
1158 4820 1213 4883 per
1239 4800 1416 4883 Elyzabeth
