3142 5356
146 502 189 567 74
514 482 600 539 Anno
623 494 714 558 1491.
740 516 780 525 -
805 497 855 543 20.
879 484 1038 544 decembris.

1304 588 1409 596 ’.-

148 709 244 774 retur,
270 715 305 756 ac
330 695 460 756 tandem
487 695 632 754 universa
670 696 753 755 bona
786 695 919 756 mobilia
943 695 1018 757 dicti
1053 696 1190 756 condam
1216 693 1347 775 Georgii
1381 707 1412 754 et

147 803 247 864 eciam
274 822 337 884 que
362 802 390 863 ei
415 801 534 881 legavit
557 801 830 880 testamentaliter,
856 802 961 864 eidem
985 803 1116 864 domine
1142 801 1333 883 Magdalene
1364 821 1410 862 re·

148 909 361 972 mitterentur.
395 908 560 969 Postremo
592 907 752 988 allegavit,
782 907 869 988 quod
902 923 974 991 post
1004 923 1140 970 mortem
1173 908 1247 969 dicti
1273 907 1410 968 condam

148 1015 281 1097 Georgii
306 1014 463 1076 nonnulla
488 1014 595 1076 debita
619 1034 675 1096 per
698 1014 837 1075 eundem
863 1013 1040 1096 Georgium
1065 1027 1236 1093 contracta,
1261 1014 1330 1095 ipsa
1353 1012 1410 1076 do·

147 1122 234 1183 mina
267 1121 461 1203 Magdalena
502 1121 713 1182 creditoribus
753 1122 896 1182 eiusdem
930 1121 1062 1204 Georgii
1094 1120 1305 1203 quadraginta
1339 1119 1410 1182 flor.

150 1230 309 1308 solvisset,
333 1229 372 1291 de
397 1230 515 1310 quibus
539 1229 685 1290 similiter
701 1227 955 1290 satisfaccionem
973 1228 1032 1290 sibi
1058 1227 1201 1310 impendi
1226 1227 1410 1309 postulavit.

254 1336 381 1409 Quibus
404 1335 448 1396 sic
472 1335 645 1416 propositis
668 1354 704 1396 ac
729 1336 872 1417 parcium
900 1335 1051 1397 hincinde
1076 1334 1329 1416 allegacionibus
1353 1353 1410 1394 au·

149 1441 233 1521 ditis,
256 1442 397 1523 visisque
423 1441 594 1524 superinde
620 1454 650 1502 et
674 1441 846 1503 intellectis
869 1441 1154 1503 consvetudinibus
1178 1441 1267 1522 regni
1293 1454 1324 1500 ct
1348 1439 1411 1522 pri·

147 1548 271 1630 vilegiis
304 1548 453 1609 divorum
487 1567 598 1627 regum
630 1547 704 1609 huic
736 1549 855 1610 civitati
885 1549 1054 1625 concessis,
1086 1547 1257 1609 summarie
1290 1546 1412 1628 judices

148 1655 299 1716 antedicti
325 1654 445 1715 eisdem
472 1654 503 1714 in
529 1655 691 1736 premissis
715 1655 820 1716 taliter
851 1654 1125 1735 adjudicaverunt,
1149 1653 1237 1735 quod
1262 1652 1412 1713 videlicet

146 1760 288 1843 prelatus
313 1761 441 1822 Domko
467 1760 641 1842 Perowych
667 1777 849 1843 compertus
874 1776 919 1822 est
944 1781 1036 1822 verus
1053 1760 1144 1823 heres
1168 1758 1313 1821 omnium
1339 1777 1411 1839 pos-

146 1869 325 1930 sessionum
350 1882 381 1930 et
406 1870 565 1929 bonorum
591 1881 797 1949 paternorum
816 1868 1033 1944 inmobilium,
1059 1868 1125 1948 ipse
1150 1880 1256 1927 autem
1282 1865 1411 1925 Domlco

148 1975 256 2035 dotem
282 1988 447 2057 paternam
473 1974 556 2034 dicte
585 1972 717 2035 domine
750 1974 940 2055 Magdalene
974 1974 1123 2034 videlicet
1146 1972 1308 2052 sexaginta
1341 1970 1411 2032 flor.

147 2081 216 2141 auri
242 2081 273 2142 in
299 2081 399 2142 literis
423 2080 538 2161 judicis
562 2094 592 2141 et
616 2080 792 2161 juratorum
818 2081 954 2143 civitatis
979 2081 1135 2142 Budensis
1159 2099 1323 2160 expressos
1347 2079 1411 2140 sol-

147 2207 220 2249 vere
245 2188 375 2249 debebit
400 2201 430 2248 et
455 2188 579 2248 debeat.

254 2294 330 2354 Item
356 2307 557 2375 compertum
583 2309 639 2371 est,
664 2295 750 2374 quod
774 2295 840 2375 ipsa
866 2294 997 2354 domina
1015 2293 1205 2373 Magdalena
1230 2312 1288 2373 pro
1314 2295 1410 2354 rebus

147 2399 401 2482 parafernalibus
418 2400 516 2460 nichil
542 2401 655 2461 debeat
673 2400 788 2461 habere
815 2422 851 2462 ex
876 2421 926 2478 e0,
952 2401 1025 2481 quia
1046 2399 1125 2460 loret
1143 2413 1251 2460 contra
1277 2418 1411 2460 consve-

147 2507 293 2569 tudinem
308 2507 402 2566 huius
427 2507 574 2584 civitatis,
599 2507 753 2586 quoniam
779 2507 931 2568 hactenus
950 2526 1114 2588 nunquam
1140 2524 1197 2587 pro
1223 2505 1410 2566 huiusmodi

148 2615 241 2674 rebus
267 2611 520 2693 parafernalibus
545 2633 601 2694 per
624 2613 764 2692 aliquem
792 2614 839 2672 vel
865 2614 1007 2694 aliquam
1026 2613 1090 2673 ulla
1116 2633 1209 2673 causa
1233 2611 1413 2672 dinoscitur

147 2718 243 2780 fuisse
268 2733 464 2799 attemptata,
490 2733 620 2800 propter
645 2721 732 2799 quod
760 2721 847 2780 accio
880 2720 1063 2781 huiusmodi
1098 2739 1203 2780 rerum
1229 2717 1412 2799 paralerna·

147 2826 227 2886 lium
253 2826 398 2906 pluribus
423 2825 605 2885 nacionibus
630 2825 669 2884 ad
696 2825 726 2884 id
752 2825 977 2886 accedentibus
1010 2827 1040 2885 in
1067 2825 1124 2885 hac
1151 2825 1277 2886 civitate
1302 2825 1412 2884 locum

147 2950 312 3012 nunquam
344 2931 492 2992 habuisse
526 2932 689 3011 cognitum
724 2946 779 3008 est,
812 2945 841 2991 et
875 2952 978 3011 neque
1012 2932 1109 2991 modo
1142 2931 1248 3011 aliqua
1281 2930 1412 2990 racione

147 3037 242 3098 debet
273 3036 389 3098 habere
422 3038 476 3097 sed
510 3038 549 3097 sit
581 3052 729 3098 contenta
754 3058 803 3115 eo,
836 3038 923 3118 quod
960 3050 1103 3119 pretextu
1138 3038 1276 3119 ipsarum
1303 3056 1412 3096 rerum

147 3143 393 3225 parafernaliurn
426 3158 585 3225 pretactus
619 3143 777 3223 Georgius
808 3145 926 3224 legavit
958 3144 1017 3204 sibi
1043 3145 1082 3205 de
1116 3146 1209 3204 rebus
1233 3142 1413 3203 mobilibus

146 3263 218 3331 post
249 3265 385 3312 mortem
417 3271 519 3328 suam,
551 3270 630 3332 quas
662 3251 781 3311 scilicet
814 3271 862 3311 res
892 3265 921 3312 et
947 3271 1009 3331 que
1044 3252 1127 3311 bona
1160 3249 1292 3310 mobilia
1323 3247 1412 3328 juxta

147 3357 313 3438 privilegia
346 3357 482 3418 civitatis
511 3358 615 3437 legare
650 3358 764 3437 potuit,
798 3377 861 3416 non
895 3357 1095 3417 obstantibus
1127 3355 1413 3437 proposicionibus

146 3462 259 3544 prelati
284 3463 464 3524 Domltonis
488 3464 542 3524 ubi
569 3464 652 3523 idem
680 3464 812 3544 optabat
829 3484 888 3541 res,
914 3466 998 3524 bona
1024 3477 1054 3524 et
1079 3463 1226 3523 clenodia
1251 3462 1282 3522 in
1308 3461 1409 3523 domo

147 3583 276 3650 paterna
302 3570 420 3648 habita,
452 3590 513 3650 que
547 3590 602 3650 per
626 3583 748 3650 patrem
781 3568 968 3630 eorumdem
1003 3570 1182 3630 Domkonis
1212 3583 1242 3628 et
1275 3567 1410 3648 Georgii

147 3676 300 3756 acquisita
327 3676 462 3754 fuerant,
487 3691 516 3736 et
536 3677 621 3737 idem
648 3675 807 3755 Georgius
824 3692 1035 3758 occupaverat
1059 3691 1088 3737 et
1112 3677 1143 3735 in
1169 3675 1282 3736 eadem
1307 3673 1409 3735 domo

147 3782 312 3862 comperit,
345 3782 419 3842 talia
444 3783 552 3842 omnia
586 3783 669 3842 bona
704 3783 837 3842 mobilia
870 3803 905 3843 ex
939 3803 1003 3862 quo
1036 3782 1139 3842 dictus
1168 3781 1327 3861 Georgius
1353 3800 1410 3861 per

147 3887 249 3947 varias
281 3885 392 3968 fatigas
429 3902 458 3947 et
495 3907 648 3968 expensas
691 3888 749 3948 sibi
791 3889 998 3950 hereditatem
1032 3888 1165 3968 juridice
1202 3886 1410 3967 acquisivisse

147 3994 412 4075 comperiebatur,
437 3994 511 4055 ideo
536 3996 602 4075 ipsa
635 3997 719 4055 bona
751 3996 885 4055 mobilia
910 3993 1051 4075 prelatus
1083 3994 1221 4055 condam
1247 3992 1411 4073 Georgius

145 4112 309 4181 tamquam
336 4101 463 4181 propria
497 4101 601 4181 potuit
634 4102 740 4181 legare
766 4116 796 4161 et
829 4103 894 4182 ipsa
919 4102 1051 4162 domina
1086 4101 1277 4182 llagdalena
1303 4101 1411 4162 valeat

147 4205 262 4266 habere
277 4222 307 4267 et
331 4227 538 4288 quocumque
561 4208 698 4269 voluerit
715 4223 891 4288 exportare,
910 4208 1047 4289 demptis
1064 4208 1229 4269 dumtaxat
1253 4207 1326 4285 illis,
1344 4226 1408 4287 que

147 4311 234 4372 clave
259 4313 367 4394 ligneo
393 4314 443 4375 vel
469 4312 572 4374 ferreo
598 4315 874 4394 qualitercumque
892 4313 985 4374 affixa
1007 4315 1057 4374 vel
1082 4335 1221 4396 appensa
1246 4327 1350 4375 essent
1376 4314 1408 4374 in

147 4417 245 4478 domo
270 4420 422 4500 predicta,
448 4440 508 4500 que
538 4421 647 4480 omnia
680 4421 800 4481 ibidem
832 4421 1012 4501 relinquere
1046 4422 1157 4496 debet;
1182 4434 1212 4481 et
1237 4421 1312 4502 quia
1339 4421 1407 4501 ipsa

146 4525 277 4586 domina
295 4526 486 4606 Magdalena
503 4542 574 4608 post
592 4540 727 4587 mortem
750 4527 861 4608 prelati
881 4527 1012 4608 Georgii
1031 4529 1134 4589 mariti
1152 4529 1199 4588 sui
1217 4542 1300 4588 certa
1323 4529 1408 4589 bona

147 4631 311 4692 videlicet:
329 4631 431 4693 hostia
450 4631 549 4692 ferrea
568 4648 596 4693 et
623 4631 774 4694 fenestras
799 4635 914 4694 vitreas
939 4655 973 4696 ac
999 4635 1161 4695 clausuras
1186 4635 1308 4714 ligneas
1327 4635 1409 4715 ipsa·

148 4757 216 4798 rum
242 4738 451 4801 fenestrarum
478 4740 673 4802 extrahendo
705 4740 849 4802 vendidit
874 4757 903 4802 et
936 4762 1000 4822 quo
1025 4763 1079 4802 sue
1105 4743 1225 4823 placuit
1248 4743 1407 4804 voluntati

147 4844 221 4907 lecit
246 4866 306 4927 que
332 4848 422 4908 clavo
447 4845 540 4908 affixa
565 4849 624 4910 alia
660 4868 735 4908 vero
765 4868 903 4929 appensa
927 4847 1066 4927 luerunt,
1099 4850 1172 4910 ideo
1197 4850 1256 4930 ipsi
1281 4849 1407 4911 domini

147 4951 269 5033 judices
301 4951 576 5035 adjudicaverunt,
610 4968 643 5015 ut
670 4955 777 5037 primo
808 4975 864 5038 per
892 4956 1061 5038 magistros
1092 4955 1165 5017 talis
1195 4956 1270 5025 artis
1294 4970 1326 5019 et
1349 4978 1408 5041 per
