3142 5356
228 545 305 607 ltem
331 558 398 607 tota
423 545 639 607 communitas
670 545 766 606 simul
796 546 828 606 in
860 566 962 607 unum
987 547 1076 608 dives
1111 563 1141 610 et
1172 569 1293 631 pauper
1317 551 1386 632 pari

119 651 288 713 voluntate
313 665 343 713 et
374 650 519 712 unanimi
548 650 588 711 de
620 650 760 732 quadam
800 651 893 713 vinea
917 652 1002 713 Petri
1033 653 1150 714 sutoris
1173 653 1231 715 filii
1256 655 1385 718 Martini

120 773 151 819 et
175 757 289 818 Vrsule
307 756 463 818 consortis
487 776 555 836 sue,
580 757 612 816 in
629 757 790 819 territorio
816 771 926 820 nostro
944 758 1160 821 condicionali
1180 760 1261 822 inter
1278 761 1387 824 vineas

122 864 252 926 Martini
277 861 627 941 Plemenschakowich,
658 882 715 945 per
743 878 862 926 metam
895 866 1045 927 arborum
1070 866 1200 927 sorbelli
1226 880 1258 928 et
1281 867 1387 930 salicis

121 985 206 1032 recte
225 970 344 1049 eundo,
361 983 392 1031 et
408 970 535 1030 vineam
553 969 720 1031 Michaelis
733 984 764 1031 et
781 969 958 1033 Clementis
974 971 1180 1053 piscatorum,
1197 990 1253 1055 per
1266 987 1386 1035 metam

120 1076 288 1138 cuiusdam
313 1076 401 1158 pomi
437 1075 590 1136 silvestris
614 1089 645 1137 et
668 1076 747 1138 alias
771 1090 871 1138 rectas
895 1090 995 1139 metas
1019 1079 1124 1157 sitam,
1149 1098 1281 1142 censum
1305 1081 1384 1143 sexti
1457 1098 1466 1116 ·

120 1182 229 1244 cubuli
254 1182 320 1242 vini
345 1201 401 1243 seu
426 1181 521 1243 musti
547 1181 579 1243 in
605 1201 737 1244 censum
762 1182 861 1245 medii
886 1183 955 1245 flor.
988 1184 1056 1245 auri
1081 1185 1200 1247 amodo
1226 1200 1384 1269 perpetuo

120 1288 309 1350 duraturum
336 1288 557 1350 commutavit.

226 1393 306 1455 Item
332 1393 495 1474 Georgius
519 1392 604 1454 filius
627 1409 658 1454 et
683 1391 858 1479 Elyzabeth
878 1395 986 1457 relicta
1012 1396 1149 1457 condam
1176 1396 1307 1480 Georgii
1326 1400 1385 1461 Po·

120 1500 288 1583 prauinich
314 1499 478 1582 quandam
495 1513 611 1563 terram
630 1500 772 1582 ipsorum
790 1502 944 1563 arabilem
963 1503 994 1564 in
1020 1522 1135 1585 campo
1153 1505 1288 1567 civitatis
1305 1507 1387 1569 inter

121 1622 219 1669 terras
244 1607 302 1667 viri
321 1606 448 1688 providi
466 1605 606 1688 (Briccii)
626 1607 792 1688 piscatoris
816 1622 847 1669 et
863 1609 1051 1671 eorumdem
1075 1608 1205 1692 Georgii
1224 1625 1255 1674 et
1272 1613 1385 1695 Elyza·

121 1712 196 1774 beth
221 1712 374 1791 habitam,
400 1712 479 1773 duas
502 1712 603 1775 dietas
628 1714 659 1773 in
688 1733 719 1773 se
752 1714 982 1792 continentem,
1004 1716 1109 1777 eidem
1136 1717 1260 1778 Briccio
1284 1719 1384 1800 pisca·

119 1821 182 1882 tori
208 1818 423 1880 vendiderunt
447 1832 604 1900 perpetuo
629 1820 867 1900 possidendam.

227 1925 305 1986 Item
331 1925 411 1986 duas
435 1925 539 1986 dietas
562 1938 644 1987 terre
669 1926 798 1987 arabilis
815 1926 1057 1988 Katrinschicha
1073 1943 1196 2006 vocate,
1221 1929 1252 1988 in
1270 1949 1384 2012 campo

121 2032 258 2093 civitatis
276 2033 357 2093 inter
382 2045 412 2092 et
429 2031 513 2110 juxta
533 2031 667 2092 fluvium
686 2032 909 2093 Kalinowicha
927 2048 1087 2111 vocatum,
1111 2053 1146 2094 ac
1171 2034 1252 2095 inter
1268 2048 1384 2097 terram

120 2137 297 2199 liberorum
315 2138 426 2198 iacobi
451 2137 508 2198 filii
535 2138 617 2199 Petri
636 2158 671 2199 ac
693 2139 775 2199 viam
794 2158 1000 2199 communem
1019 2152 1050 2200 et
1073 2154 1189 2201 terram
1208 2141 1383 2204 liberorum

120 2243 196 2304 dicti
223 2242 401 2305 Clementis
418 2243 542 2305 habitas
566 2258 597 2306 et
618 2245 800 2323 existentes,
817 2265 854 2304 ex
870 2245 1105 2306 testamentaiia
1123 2246 1289 2328 legacione
1307 2247 1383 2310 dicti

126 2350 305 2411 Clementis
330 2349 488 2411 Prandich
514 2350 613 2411 Elene
647 2352 786 2412 consorti
819 2351 929 2412 Jacobi
957 2351 1155 2413 Klokochich
1187 2367 1218 2415 et
1254 2352 1383 2415 Vrbano

121 2476 157 2517 ac
184 2455 327 2536 Georgio
345 2456 418 2517 filiis
449 2456 636 2518 eorumdem
655 2457 824 2518 statuimus
840 2472 996 2539 perpetuo
1020 2458 1230 2538 possidendas
1254 2473 1284 2520 et
1302 2479 1381 2541 quo·

120 2562 363 2645 modocumque
387 2563 549 2624 voluerint
573 2563 800 2645 disponendas.

209 2783 288 2854 ltenr
318 2784 460 2854 sabbato
494 2785 647 2870 proximo
677 2789 753 2870 post
790 2782 912 2853 festum
941 2781 1175 2854 Conversionis
1205 2785 1294 2856 beati

614 2905 708 2976 Pauli
738 2906 894 2994 apostoli.

628 3054 696 3133 (28.
713 3058 881 3136 januaria).

229 3202 306 3264 ltem
331 3201 531 3264 honorabilis
547 3202 596 3263 vir
613 3201 765 3264 dominus
784 3200 950 3261 ladislaus
968 3200 1122 3281 presbiter
1139 3200 1383 3262 archidiaconus

121 3307 318 3370 kathedralis
344 3321 375 3371 et
399 3309 572 3371 canonicus
596 3308 680 3369 alme
705 3307 837 3368 ecclesie
855 3307 955 3367 sancti
988 3306 1070 3387 regis
1095 3306 1248 3388 Stephani
1274 3326 1382 3387 zagru-

120 3415 253 3492 biensis,
279 3434 314 3475 ac
339 3414 457 3477 nobilis
481 3429 511 3474 et
528 3414 668 3496 prudens
691 3414 739 3474 vir
768 3413 917 3494 magister
941 3411 1104 3474 lohannes
1127 3413 1270 3475 literatus
1298 3411 1382 3474 filius

120 3521 288 3599 Jobannis,
314 3519 461 3582 officialis
494 3519 618 3581 domini
643 3519 799 3580 Johannis
830 3519 971 3601 episcopi
1004 3519 1219 3599 zagrabiensis
1251 3519 1382 3581 ecclesie

120 3641 305 3708 prenotate,
338 3626 548 3688 commissarii
582 3640 612 3686 et
644 3640 829 3686 executores
859 3625 1039 3686 testamenti
1072 3625 1196 3685 domini
1229 3623 1381 3705 Stephani

120 3734 226 3815 Spiter
243 3733 352 3794 vicarii
371 3734 402 3792 in
429 3732 648 3814 spiritualibus
670 3732 840 3813 generalis,
859 3732 888 3791 in
907 3751 962 3791 sua
986 3751 1042 3792 seu
1060 3731 1202 3812 ipsorum
1220 3744 1250 3791 et
1268 3730 1382 3791 discre-

119 3854 226 3900 torum
253 3839 395 3899 virorum
424 3837 556 3919 Georgii
575 3838 704 3919 plebani
730 3837 770 3898 de
796 3836 925 3918 Reyche
944 3850 974 3898 et
999 3837 1140 3918 magistri
1166 3836 1294 3897 Martini
1312 3856 1381 3917 pre·

119 3946 271 4008 dicatoris
295 3945 503 4021 chasmensis,
537 3964 683 4005 necnon
717 3944 774 4004 viri
808 3943 945 4004 condam
979 3943 1098 4004 nobilis
1122 3941 1250 4004 Thome
1274 3943 1382 4004 vicarii

120 4053 151 4112 in
176 4051 410 4133 temporalibus
443 4050 738 4111 commissariorum
772 4062 803 4110 et
827 4062 1033 4110 executorum
1066 4046 1177 4129 prelati
1202 4048 1382 4108 testamenti

119 4159 219 4240 ipsius
243 4158 369 4219 domini
389 4157 556 4239 Stephani,
582 4157 805 4218 consociorum
823 4156 943 4216 scilicet
966 4175 1097 4216 suorum
1116 4154 1269 4237 personis,
1286 4174 1382 4216 omne

118 4285 211 4343 onus,
234 4284 405 4346 gravamen
432 4263 622 4326 eorumdem
641 4264 674 4323 in
704 4284 737 4324 se
762 4277 876 4343 sponte
894 4261 1099 4339 assumend0,
1124 4281 1236 4323 omnes
1260 4280 1381 4342 posses·

119 4371 227 4432 siones
252 4370 426 4432 inmobiles
453 4371 484 4429 in
510 4370 636 4430 civitate
669 4384 699 4430 et
728 4368 796 4429 eius
829 4368 989 4428 territorio
1014 4387 1069 4427 seu
1103 4385 1217 4448 campo
1249 4366 1382 4444 habitas,

120 4476 235 4558 quovis
266 4476 407 4536 nominis
437 4475 597 4537 vocabulo
622 4475 786 4551 vocitatas,
819 4494 881 4555 que
907 4474 1043 4535 condam
1078 4472 1243 4534 Michaelis
1275 4472 1380 4534 claudi

121 4581 219 4644 Italici
243 4579 301 4642 filii
328 4581 480 4664 Stephani
508 4580 639 4662 Caprini
666 4580 705 4640 de
731 4581 857 4660 Ragusa
876 4578 1068 4662 prefuissent
1092 4579 1277 4656 literatorie,
1294 4579 1381 4640 vide·

120 4688 195 4750 licet
219 4687 382 4769 quandam
408 4689 541 4749 domum
575 4701 732 4748 muratam
759 4686 789 4746 in
824 4687 908 4748 dicta
933 4686 1059 4748 civitate
1092 4686 1173 4747 inter
1198 4686 1264 4745 vias
1295 4704 1381 4745 com·

122 4814 235 4856 munes
252 4794 332 4856 duas
348 4809 378 4856 et
395 4814 493 4876 penes
517 4795 650 4855 domurn
669 4814 705 4854 ac
722 4791 858 4855 fundum
877 4794 961 4855 Luce
980 4806 1010 4855 et
1027 4791 1181 4854 Anthonii
1200 4806 1379 4852 nostrorum

1280 4900 1314 4961 ¹3
