3142 5356
144 455 186 537 76
522 461 610 518 Anno
633 474 726 538 1492.
752 495 794 505 —
818 474 867 538 27.
883 462 1034 537 januarii.

618 566 668 573 ι..
680 567 1001 575 ——-———-—-
1240 560 1402 573 —-.-——·⁶

189 674 286 749 Feria
315 691 413 750 sexta
441 681 596 768 proxima
625 688 700 768 post
738 679 859 751 testum
890 679 1122 752 Conversionis
1151 681 1242 750 beati
1273 673 1368 747 Pauli

702 804 858 892 apostoli.

652 958 713 1032 (27.
735 956 906 1035 januaris).

254 1099 392 1160 Causam
411 1099 492 1159 inter
506 1099 680 1160 Martinam
691 1098 903 1181 Dwmowych
918 1114 948 1160 et
962 1100 1085 1160 Lucam
1098 1096 1271 1180 Rybarycb
1285 1095 1416 1156 racione

147 1217 178 1265 et
195 1218 341 1286 pretextu
358 1204 525 1265 cuiusdam
544 1205 645 1281 bovis,
663 1224 760 1286 quern
777 1206 953 1287 suspiciose
969 1206 1056 1266 idern
1074 1205 1232 1266 Martinus
1248 1202 1290 1264 ad
1308 1202 1416 1282 ipsum

149 1309 320 1393 Rybarych
345 1309 472 1372 dicebat
496 1324 528 1371 et
544 1312 704 1372 asserebat
727 1310 888 1388 habuisse,
913 1312 1005 1391 jurati
1023 1310 1302 1391 adjudicaverunt,
1328 1305 1420 1388 quod

152 1416 255 1476 Lucas
272 1415 440 1499 Rybarych
458 1416 497 1476 ad
516 1416 830 1497 quintumdecimum
856 1418 941 1478 diem
959 1418 1142 1479 terciusrnet
1159 1415 1292 1476 habebit
1309 1413 1417 1491 iurare

149 1522 181 1581 in
206 1541 259 1581 ara
283 1536 390 1582 sancte
415 1522 539 1598 Crucis,
570 1522 658 1602 quod
683 1524 749 1604 ipse
775 1524 878 1584 Lucas
909 1525 1025 1585 bovem
1058 1523 1157 1604 ipsius
1182 1520 1314 1582 Martini
1349 1537 1418 1580 non

149 1627 269 1708 recepit
292 1646 398 1707 neque
422 1627 513 1688 scivit
537 1629 705 1708 quitquam
731 1628 770 1688 de
788 1630 870 1689 bove
894 1648 952 1690 suo
971 1648 1076 1710 neque
1100 1628 1266 1708 cognitum
1293 1625 1422 1701 habuit,

151 1747 181 1792 et
206 1752 265 1792 nec
289 1734 382 1794 scirit
406 1733 487 1794 inter
512 1736 611 1794 boves
627 1753 702 1794 suos
719 1754 793 1796 eum
814 1754 881 1794 esse
905 1749 936 1796 et
952 1754 1058 1816 neque
1076 1735 1142 1816 ipse
1166 1733 1314 1814 aliquam
1333 1730 1425 1792 utili·

149 1852 245 1898 tatem
272 1839 311 1898 de
337 1858 375 1899 eo
400 1840 482 1899 bove
508 1840 658 1920 percepit.

257 1944 335 2005 item
360 1964 454 2004 causa
487 1946 568 2005 inter
597 1946 717 2006 Lucam
751 1946 918 2029 Rybarycz
942 1961 974 2007 et
1000 1945 1134 2007 Elenam
1167 1945 1335 2007 Chernam
1367 1942 1427 2003 ubi

152 2049 219 2130 ipse
245 2050 347 2110 Lucas
371 2051 411 2110 ad
436 2050 573 2112 eandem
598 2051 725 2111 dicebat
749 2052 923 2131 quemdam
949 2053 1065 2111 bovem
1091 2070 1185 2111 suum
1211 2064 1242 2111 et
1266 2069 1325 2131 per
1351 2066 1426 2108 eam

151 2154 355 2235 deperditum
379 2153 513 2231 fore,ex
531 2157 646 2236 quoin
664 2157 763 2217 domo
788 2159 854 2238 ipsa
877 2158 977 2218 Elena
996 2157 1125 2219 Cherna
1142 2156 1284 2218 eundem
1303 2158 1428 2216 bovem

151 2260 349 2320 concluserat
374 2276 405 2321 et
436 2262 480 2320 sic
512 2263 622 2338 evasit,
656 2261 750 2341 jurati
783 2263 1058 2339 adjudicaverunt,
1090 2262 1179 2343 quod
1212 2263 1282 2343 ipsa
1316 2260 1426 2322 Elena

152 2364 280 2426 Cherna
311 2367 554 2445 quintodecimo
587 2368 638 2427 dic
669 2367 772 2443 jurare
804 2369 934 2429 babebit
957 2370 1036 2441 sola,
1058 2369 1147 2449 quod
1181 2369 1251 2450 ipsa
1282 2368 1427 2429 omnino

151 2469 276 2548 ignorat
289 2490 354 2549 quo
372 2471 437 2551 ipse
455 2473 513 2532 bos
529 2472 709 2534 devenisset
729 2494 786 2534 nec
811 2495 882 2534 cum
901 2476 982 2535 scitu
1000 2475 1099 2556 ipsius
1118 2474 1308 2556 deperditus
1326 2471 1428 2535 foret.
