3142 5356
206 334 270 398 ²74
737 314 823 372 Anno
844 327 937 392 1434.

311 527 389 589 Item
414 525 611 588 Laureucius
634 524 762 586 institor
795 523 958 607 qusndsm
984 523 1111 585 vineam
1135 542 1227 585 suam
1253 523 1286 584 in
1311 523 1474 585 territorio

205 633 342 696 civitatis
359 652 458 716 penes
481 631 609 694 vineam
628 631 797 693 Laurentii
815 630 947 693 cultoris
963 628 1021 692 filii
1047 630 1211 692 Benedicti
1232 643 1265 692 et
1280 630 1370 691 viam
1386 649 1474 692 com·

205 757 349 817 munem,
373 737 471 799 simul
496 756 569 799 cum
595 736 686 799 senili
711 757 767 799 seu
792 751 874 799 terra
899 750 929 798 et
953 736 1093 818 virgulto
1116 737 1222 799 eidem
1247 736 1343 798 vinee
1367 736 1474 817 subja-

204 845 288 906 centi
323 864 356 906 se
381 843 617 923 extendentem,
642 841 767 926 prefato
791 843 972 905 Laurencio
1005 843 1112 905 vicino
1136 863 1195 906 suo
1219 863 1278 927 pro
1303 843 1420 906 decem
1444 858 1475 905 et

204 963 277 1012 octo
301 949 370 1012 flor.
394 951 463 1012 auri
487 950 634 1012 vendidit
656 963 813 1032 perpetuo
836 949 1076 1032 possidendam.

308 1055 388 1118 Item
413 1056 565 1118 dominus
596 1054 759 1118 lohannes
789 1056 946 1139 presbiter
974 1055 1111 1118 condam
1145 1056 1303 1138 plebanus
1337 1058 1473 1120 ecclesie

203 1175 311 1224 nostre
343 1161 535 1244 parochialis
567 1163 652 1224 beati
676 1163 775 1225 Marci
807 1163 1031 1244 ewangeliste,
1064 1163 1269 1226 medietatem
1302 1164 1473 1227 cuiusdam

204 1269 297 1330 vinee
321 1269 404 1330 inter
428 1268 538 1331 vineas
562 1268 693 1330 Thome
724 1268 800 1331 dicti
833 1269 960 1330 Konich
995 1283 1026 1331 et
1051 1269 1208 1332 Anthonii
1231 1268 1392 1333 camificis
1415 1270 1472 1333 filii

204 1375 359 1437 Johannis
382 1374 539 1454 habitam,
562 1375 699 1457 desuper
718 1395 735 1437 s
759 1376 808 1437 via
833 1376 1011 1454 communi,
1035 1373 1117 1437 infra
1134 1396 1236 1459 usque
1263 1396 1400 1439 nemora
1416 1398 1473 1440 seu

203 1481 340 1562 virgulta
365 1480 583 1563 predictorum
608 1482 801 1557 vicinorum,
825 1501 897 1543 cum
923 1480 1013 1543 senili
1038 1495 1069 1544 et
1092 1481 1164 1544 aliis
1187 1483 1253 1544 suis
1277 1483 1474 1546 utilitatibus

202 1600 233 1649 et
257 1588 462 1671 pertinenciis
493 1588 649 1650 universis
680 1608 713 1649 se
744 1588 954 1666 extendentis,
987 1589 1193 1651 medietatem
1234 1603 1269 1651 ut
1292 1590 1475 1672 predicitur

203 1694 302 1776 ipsius
326 1695 419 1757 vinee
443 1715 460 1756 s
484 1709 574 1778 parte
591 1695 675 1757 dicte
699 1695 793 1757 vinee
817 1695 917 1778 ipsius
936 1695 1092 1758 Anthonii
1110 1694 1267 1759 carnificis
1289 1698 1399 1777 sitam,
1416 1719 1475 1781 per

201 1816 320 1863 metam
346 1802 378 1863 in
403 1802 502 1864 literis
527 1802 784 1885 privilegialibus
808 1820 866 1885 pro
883 1816 972 1884 parte
996 1803 1138 1885 ipsarum
1162 1803 1306 1886 parcium
1332 1804 1474 1887 parifor-

202 1907 295 1969 miter
318 1906 472 1970 conlectis
496 1923 526 1970 et
550 1908 707 1971 emunctis
724 1921 949 1991 expressatam‚
973 1908 1118 1991 predicto
1134 1909 1302 1972 Anthonio
1327 1911 1474 1976 carnifici

200 2033 259 2096 pro
284 2027 368 2077 certa
392 2015 602 2097 pecuniarum
625 2015 804 2098 quantitate
830 2013 976 2076 vendidit
998 2029 1155 2098 perpetuo
1179 2016 1428 2098 possidendam.
