3142 5356
679 314 765 372 Anno
788 307 880 389 1384.

254 530 332 591 Item
357 527 505 590 Vrbanut
528 524 612 587 filius
636 524 763 585 Marcus
779 525 857 586 emit
880 522 1044 604 quandam
1069 521 1210 582 mediam
1234 520 1358 582 curiam
1375 522 1413 581 ab

149 639 242 696 Anna
267 647 299 696 et
323 632 478 715 Cipriano
510 629 578 693 filio
603 629 701 691 Blasii
731 629 906 691 sacerdotis
930 647 988 689 nec
1016 646 1081 688 non
1105 627 1235 710 plebani
1261 626 1301 688 de
1336 625 1413 688 Cra·

149 740 278 818 uarcha,
301 753 448 822 tempore
471 736 615 799 eiusdem
641 736 820 799 Laurencii.

256 845 333 908 Item
359 843 504 927 Philipua
534 840 621 904 filius
653 842 774 904 Andrei
807 841 959 903 habuita
991 840 1223 901 communitate
1248 838 1416 920 quandam

150 951 300 1014 forestam
318 951 446 1013 vineam
464 950 520 1011 tali
538 948 650 1026 modo,
674 948 762 1029 quod
780 947 870 1010 omni
888 966 974 1009 anno
991 947 1107 1008 debeat
1123 946 1218 1007 nobie
1240 945 1292 1006 vel
1309 960 1420 1007 nostro

151 1059 262 1121 comiti
275 1072 398 1120 sextum
414 1057 568 1120 eubulum
582 1055 926 1137 adimplere‚tempore
941 1054 1086 1115 eiusdem
1100 1052 1225 1114 domini
1235 1053 1420 1114 Laurencii.

257 1164 334 1226 item
360 1163 483 1246 Docley
514 1160 600 1224 filius
633 1160 793 1241 Radigozt
824 1160 903 1222 emit
926 1159 1089 1242 quandam
1121 1158 1250 1220 vineam
1274 1178 1291 1219 a
1318 1158 1421 1220 Paulo

152 1271 238 1333 dicto
262 1270 407 1347 Medum,
429 1283 576 1351 tempore
601 1268 677 1329 Jaxa
701 1265 826 1347 judicis.

259 1376 336 1437 Item
363 1375 525 1457 Georgius
556 1374 660 1436 dictus
693 1374 789 1435 Latro
820 1372 934 1435 habuit
965 1373 1126 1454 quandam
1161 1369 1350 1434 inforettam
1376 1372 1422 1433 vi-

164 1501 257 1543 neam
282 1503 298 1542 a
324 1481 470 1543 Johanne
493 1479 561 1542 filio
586 1479 715 1557 Donati,
738 1494 883 1561 tempore
909 1479 1079 1540 Laurencii
1103 1479 1288 1560 supradicti.

261 1587 338 1648 item
370 1588 509 1649 Jacobus
529 1585 615 1648 filius
647 1586 784 1647 condam
818 1585 956 1666 Gungek
986 1600 1016 1648 et
1048 1585 1225 1668 Gregorius
1248 1584 1335 1647 filius
1362 1586 1424 1647 De-

157 1694 263 1755 metrii
282 1693 500 1775 posscssiones
517 1693 659 1774 ipsorum
678 1692 760 1753 inter
776 1712 809 1753 se
826 1692 1013 1769 diviserunt,
1037 1706 1184 1774 tempore
1202 1692 1313 1753 iacobi
1332 1692 1424 1754 Bole.

265 1800 341 1860 Item
367 1799 519 1860 dominus
535 1798 697 1860 Johanncs
715 1798 848 1880 Crispus
865 1798 1109 1859 archidiaconus
1125 1798 1165 1859 de
1187 1798 1329 1859 Kemiuk
1347 1799 1424 1859 emit

158 1907 345 1988 porcionem
370 1906 537 1967 cuiusdam
562 1903 652 1967 fundi
686 1906 783 1966 simul
816 1925 889 1967 cum
921 1907 1063 1968 stacione
1088 1926 1105 1966 a
1130 1905 1263 1967 domina
1297 1906 1424 1987 Marga-

159 2012 246 2074 rctha
264 2027 374 2073 vocata
395 2011 460 2073 filia
479 2011 605 2073 Mikech
622 2011 679 2072 filii
699 2013 869 2090 Francisci,
886 2028 1031 2096 tempore
1049 2014 1218 2075 Laurencii
1237 2014 1424 2095 supradicti.

263 2118 341 2180 Item
367 2117 491 2199 Gregor
513 2117 635 2197 juratus
663 2117 749 2180 filius
774 2120 940 2181 Mortonos
957 2120 1068 2183 habuit
1092 2120 1255 2202 quandam
1281 2121 1424 2182 mediam

158 2226 328 2287 vineama
367 2224 533 2285 Francisca
567 2226 676 2287 relicta
707 2225 845 2287 condam
881 2226 998 2309 Philipi
1030 2225 1088 2288 filii
1126 2227 1240 2304 Mauri,
1277 2240 1424 2309 tempore

160 2330 329 2392 Laurencii
354 2330 478 2412 judicis.

264 2436 342 2498 Item
373 2436 505 2497 domina
539 2437 663 2498 Dikaua
696 2438 804 2498 relicta
838 2438 962 2500 Crisani
995 2458 1052 2520 per
1084 2438 1217 2500 modum
1251 2440 1424 2502 concordie

161 2543 366 2605 medietatem
385 2544 605 2604 universarum
631 2545 868 2625 possessionum
894 2564 1023 2606 suarum
1042 2545 1212 2607 Francisco
1235 2543 1304 2606 filio
1329 2546 1424 2607 Marci

160 2650 296 2711 condam
320 2649 416 2727 judici
443 2664 473 2710 et
498 2650 597 2711 Elene
622 2650 761 2712 consorti
787 2670 841 2711 sue
875 2651 1080 2728 condonavit,
1113 2666 1259 2732 tempore
1283 2649 1424 2730 Μίςιιείἰ1

162 2769 193 2818 ct
225 2755 325 2815 eciam
351 2754 461 2815 cedem
497 2769 601 2836 partes
632 2776 727 2837 super
759 2757 916 2817 universis
940 2758 1043 2818 causis
1074 2777 1143 2819 sese
1173 2758 1424 2821 vicissitudinem

162 2861 393 2922 commiserunt
417 2861 589 2942 expeditas.

269 2966 347 3028 Item
372 2967 587 3028 communitas
611 2968 700 3029 dedit
723 2969 885 3049 quandam
918 2970 1044 3032 vineam
1071 2969 1257 3032 inforestam
1284 2968 1424 3052 Georgio

167 3072 416 3134 molendinatori
442 3073 495 3150 ita,
519 3074 607 3154 quod
632 3088 751 3135 sextam
785 3088 907 3157 partem
937 3076 1097 3137 vinealem
1123 3076 1239 3138 debeat
1263 3078 1341 3139 dare
1365 3078 1424 3139 sin·

165 3180 250 3261 gulia
273 3180 375 3258 annis,
399 3194 544 3260 tempore
570 3181 749 3242 Laurencii.

269 3286 346 3348 {tem
372 3286 533 3348 Johannes
558 3287 672 3348 Wasas
703 3286 788 3348 filius
811 3286 914 3351 Marci
939 3291 978 3349 ab
1003 3310 1076 3368 una,
1110 3290 1185 3352 item
1211 3289 1296 3352 Vido
1321 3305 1353 3351 et
1378 3291 1415 3352 Jo

164 3390 286 3454 hannes
317 3390 373 3453 filii
407 3392 497 3453 Hans
530 3393 677 3473 lapicide‚
713 3393 902 3475 quen(dam)
933 3394 1071 3456 fundum
1106 3397 1248 3477 ipsorum
1283 3397 1366 3458 inter
1397 3417 1424 3458 se

165 3497 352 3576 diviserunt,
376 3513 519 3580 ternpore
545 3499 713 3560 Laurencii
738 3499 794 3560 filii
822 3499 960 3562 Thome.
