3142 5356
489 487 575 544 Anno
597 484 691 566 1485.
717 521 756 531 -
781 488 831 548 16.
859 485 1021 547 decembris.
1343 503 1380 572 33

179 702 261 776 ieria
290 715 389 777 sexta
418 705 572 795 proxima
609 718 686 797 post
714 709 838 780 festum
876 707 985 779 sancti
1014 706 1145 781 hadrec
1172 713 1329 801 apostoli.

624 860 669 940 (2.
693 861 871 941 decembris).

224 1002 296 1064 ltem
320 1022 416 1063 causa
441 1003 524 1063 inter
548 1001 671 1063 Berekh
696 1003 871 1083 agricolam
896 1015 926 1063 et
943 1003 1080 1064 Paulum
1098 1002 1235 1064 Theslar
1251 1003 1382 1065 racione

150 1108 324 1183 quarumdam
351 1127 534 1182 vaccarum,
559 1108 673 1169 citacio
697 1107 849 1170 secunda.

226 1232 299 1295 ltem
323 1253 418 1295 causa
443 1234 525 1294 inter
542 1232 627 1294 iwan
654 1233 832 1294 institorem
856 1246 887 1295 et
904 1232 1105 1295 Demetrium
1131 1232 1271 1316 Siczlki),
1289 1234 1378 1316 quod

154 1332 213 1398 idem
224 1339 301 1402 lwan
316 1341 443 1402 institor
456 1340 680 1422 comprobavit
694 1359 765 1401 cum
779 1340 881 1401 tribus
897 1340 1030 1401 testibus
1048 1340 1134 1421 quod
1150 1341 1255 1422 ipsum
1269 1342 1378 1423 appel-

152 1437 204 1503 larit
223 1445 329 1509 falsum
355 1447 609 1528 adjudicatorem
635 1446 890 1523 emendarem,
915 1460 946 1508 et
974 1446 1059 1508 idem
1084 1447 1266 1508 Demetrius
1292 1448 1373 1509 Sicci

152 1543 218 1612 debet
246 1555 367 1615 arestari
402 1572 476 1633 erga
513 1553 598 1614 lwan
636 1554 815 1615 institorem
855 1554 912 1615 ista
944 1553 1053 1615 omnia
1089 1555 1300 1636 suprascripta
1337 1553 1377 1615 ad

153 1652 253 1729 prinum
275 1661 444 1740 judicium.

154 1884 221 1966 ierit
244 1908 336 1970 sexta
367 1902 522 1988 proxima
551 1907 627 1988 post
656 1898 778 1970 leston
799 1896 1033 1988 Concepcionis
1061 1897 1202 1987 virginis
1221 1899 1378 1988 gloriose.

621 2048 669 2130 (9.
693 2050 873 2130 decembris).

227 2189 295 2253 ltem
320 2211 414 2253 causa
441 2192 523 2252 inter
547 2190 728 2252 Johannem
746 2190 878 2253 clamfar
903 2205 934 2253 et
959 2191 1125 2253 Simonem
1143 2190 1282 2273 juratum
1300 2212 1376 2254 con·

153 2283 210 2368 dam,
229 2299 348 2359 racione
373 2297 622 2375 verberacionis,
647 2298 760 2359 citacio
785 2299 897 2379 prima.

225 2401 293 2465 ltem
319 2423 413 2464 causa
439 2404 521 2465 inter
539 2404 719 2464 Jankonem
745 2404 844 2466 Polak
861 2417 892 2466 et
916 2405 1087 2466 Nicolaum
1105 2404 1228 2487 Halycz
1245 2421 1376 2487 propter
1400 2480 1401 2484 Ἰ

152 2508 283 2575 quendam
309 2530 443 2591 equum,
467 2511 582 2572 citacio
611 2510 762 2572 secunda.

226 2633 294 2697 ltem
320 2636 430 2696 relicta
454 2635 617 2697 Valentini
634 2632 713 2696 fabri
734 2634 865 2696 dederat
889 2633 1063 2717 quamdam
1089 2635 1223 2697 domum
1242 2636 1377 2697 Nicolao

152 2725 236 2808 Sporar
249 2741 347 2820 dicto,
365 2743 432 2822 ipse
458 2742 543 2802 idem
561 2743 736 2823 susciperat
760 2742 848 2823 quod
874 2762 945 2803 eam
963 2741 1060 2802 vellet
1075 2756 1183 2803 tenere
1201 2763 1258 2824 pro
1278 2758 1378 2804 matre

152 2851 230 2906 ⁸utet
251 2849 333 2909 idem
361 2848 515 2910 Nicolaus
540 2849 571 2908 in
605 2847 666 2909 hoc
691 2849 750 2909 sibi
784 2868 848 2909 non
874 2849 1024 2931 persistit,
1057 2849 1156 2910 modo
1180 2863 1286 2910 autem
1312 2862 1377 2911 tota

152 2955 326 3016 communitas
336 2953 629 3035 adjudicavitquod
643 2953 754 3014 eedem
767 2955 874 3016 relicte
886 2955 981 3016 debet
994 2954 1069 3015 dare
1080 2955 1204 3016 Blasius
1213 2955 1375 3017 Nekschin

150 3064 251 3126 quatuor
274 3061 342 3123 llor.

224 3167 294 3230 ltem
319 3187 413 3229 causa
432 3167 514 3228 inter
538 3167 716 3229 Jankonem
736 3183 767 3230 et
784 3168 953 3228 dominum
976 3166 1176 3248 Stephanum
1201 3168 1376 3230 altaristam

150 3261 250 3335 civitatis
273 3275 566 3354 Montisgrecensis,
591 3276 704 3336 citacio
736 3276 848 3357 prima.

223 3381 293 3444 ltem
319 3402 413 3443 causa
435 3383 517 3443 inter
534 3382 649 3445 Berlek
666 3397 696 3444 et
712 3383 921 3443 Valentinum
935 3380 1036 3442 filium
1057 3383 1143 3443 Luce
1161 3381 1375 3443 Baldecouicz

149 3481 243 3548 racione
266 3488 433 3550 cuiusdam
459 3487 533 3549 furti
558 3489 734 3567 traharum‚
748 3488 841 3569 jurati
871 3487 1146 3568 adjudicaverunt,
1170 3487 1256 3568 quod
1283 3487 1378 3547 debet

149 3579 193 3661 ille
212 3593 396 3656 Valentinus
419 3594 524 3674 jurare
548 3591 626 3657 feria
651 3609 737 3656 sexta
766 3595 912 3676 proxime
944 3608 1076 3655 ventura
1109 3594 1293 3655 terciusmet
1316 3593 1376 3654 sibi

148 3689 271 3763 sinilibus
296 3705 326 3764 in
354 3724 405 3764 ara
430 3717 538 3764 sancte
564 3703 688 3764 Crucis.

223 3806 294 3870 ltem
319 3829 413 3870 causa
438 3809 520 3870 inter
538 3809 621 3870 lwan
645 3808 823 3870 institorem
841 3822 872 3870 et
889 3808 1089 3869 Demetrium
1114 3821 1267 3867 sartorem
1287 3805 1374 3887 quod

150 3898 225 3980 ipsum
248 3915 333 3984 lwan
357 3916 536 3976 institorem
568 3913 683 3976 falsum
717 3915 971 3994 adjudicatorem
1002 3932 1169 3974 causarum
1203 3912 1378 3993 appellavit

149 4021 170 4066 ⁸1
187 4022 358 4084 mendacem
399 4023 466 4104 ipse
492 4022 674 4083 Demetrius
704 4022 837 4104 Seczlty,
862 4021 955 4101 jurati
987 4019 1263 4098 adjudicaverunt,
1288 4018 1376 4099 quod

149 4109 295 4190 Demetrius
313 4129 430 4210 Siczky
448 4142 494 4189 est
511 4127 633 4209 prefato
659 4127 742 4189 lwan
762 4129 897 4189 institori
920 4128 950 4187 in
969 4127 1088 4207 duplici
1107 4126 1181 4186 vivo
1199 4124 1375 4206 (h)omagio

150 4228 276 4308 Illnquam
308 4235 412 4315 jurato
444 4235 519 4294 anni
544 4235 639 4312 illius,
665 4234 753 4315 quod
783 4236 807 4295 si
840 4254 905 4295 non
938 4233 1104 4293 ahabuerit
1127 4230 1284 4306 solvendi,
1302 4249 1375 4291 cum

150 4320 228 4408 lingua
247 4341 356 4403 solvat.

255 4575 348 4648 Feria
377 4585 475 4648 serta
506 4579 658 4666 proxima
687 4584 763 4665 post
792 4576 912 4647 leston
942 4577 1039 4649 Lucio
1069 4576 1221 4663 virginis.

610 4729 672 4801 (16.
696 4729 868 4801 decembres).

228 4865 324 4930 Causa
349 4870 431 4930 inter
454 4868 621 4930 Simonem
646 4882 799 4930 sartorem
825 4881 855 4929 et
880 4867 1078 4949 Stephanum
1096 4868 1269 4944 literatum,
1294 4887 1359 4948 quo

153 4963 223 5028 modo
252 4972 429 5057 Stephanus
462 4974 608 5038 literatus
644 4974 818 5057 appellavit
850 4975 987 5037 eundem
1021 4973 1192 5040 Simonem
1223 4990 1384 5041 sartorem

1285 5087 1298 5115 t
