3142 5356
149 516 225 578 dicti
260 517 440 594 Praudich,
471 536 529 600 per
562 517 811 599 disposicionem
844 519 1117 581 testamentariam
1151 519 1237 582 Petri
1268 517 1405 578 similiter

147 623 318 703 Praudicb,
341 639 486 706 tempore
512 624 588 686 dicti
612 623 741 706 Gyuan.

253 729 330 792 ltem
356 731 519 792 lohannes
549 729 635 792 filius
669 732 751 792 Petri
787 732 933 793 vendidit
965 729 1102 794 fundum
1128 751 1224 794 suum
1248 728 1401 792 Demetrio

148 836 263 914 Volelr,
287 853 433 919 tempore
458 838 533 898 dicti
559 836 686 920 Gyuan.

253 945 331 1006 Item
355 941 517 1007 Martinus
549 945 768 1025 carpentarius
800 957 909 1006 noster
941 944 1083 1006 concivis
1111 943 1258 1005 vendidit
1281 941 1395 1005 totalem

147 1065 263 1113 terram
289 1070 378 1111 suam
413 1070 485 1111 cum
522 1049 649 1112 stabulo
675 1064 706 1110 et
737 1049 965 1131 jobagionibus
989 1065 1020 1111 et
1044 1050 1116 1111 aliis
1147 1051 1213 1111 suis
1237 1049 1357 1130 juribus
1376 1059 1398 1107 et

148 1159 242 1219 vinea
266 1157 482 1219 condicionali
508 1157 643 1218 domino
660 1156 799 1218 iohanni
829 1155 896 1218 filio
914 1157 1024 1217 Jacobi
1051 1156 1130 1218 Bole
1155 1156 1244 1234 dicti,
1268 1170 1399 1236 tempore

149 1265 224 1326 dicti
250 1263 378 1347 Gyuan.

254 1371 332 1433 ltem
364 1370 453 1452 quod
485 1370 559 1452 quia
595 1369 724 1432 Gerdak
756 1385 845 1432 sutor
877 1371 908 1430 id
942 1370 1176 1452 comprobavit,
1208 1370 1298 1451 quod
1324 1370 1404 1430 Petra

149 1479 251 1559 prima
283 1498 414 1539 consors
445 1497 500 1538 sua
525 1477 586 1538 sibi
618 1497 714 1539 unam
747 1491 892 1558 quartam
926 1475 1016 1538 fundi
1052 1477 1100 1538 sui
1133 1475 1317 1557 legavisset‚
1341 1476 1405 1537 ideo

148 1585 207 1646 sibi
233 1585 338 1645 literas
363 1583 522 1661 dedimus,
547 1598 691 1663 tempore
716 1583 792 1645 dicti
819 1582 945 1666 Gyuan.

254 1689 330 1751 Item
357 1690 519 1750 lohannes
550 1688 636 1751 filius
661 1691 764 1750 Janko
797 1689 934 1750 condam
960 1688 1055 1768 judex
1088 1688 1236 1750 vendidit
1261 1687 1408 1770 (h)ortum

148 1816 240 1858 suum
265 1817 339 1857 cum
363 1796 489 1857 stabulo
515 1798 599 1858 Luce
624 1795 774 1873 carnifici,
799 1810 944 1877 tempore
969 1796 1045 1856 dicti
1070 1794 1200 1878 Gyuan.

255 1901 331 1962 ltem
366 1901 538 1963 Blanchich
564 1903 673 1963 Marco
705 1901 852 1962 vendidit
883 1901 1020 1962 lohanni
1054 1900 1123 1963 filio
1159 1900 1262 1961 Belko
1286 1901 1411 1961 vineam

149 2028 251 2086 suam,
275 2022 420 2090 tempore
443 2008 518 2069 dicti
544 2008 672 2090 Gyuan.

255 2114 333 2176 Item
367 2115 441 2176 lvan
475 2113 577 2176 Joffan
609 2114 754 2176 vendidit
785 2112 922 2175 fundum
955 2133 1049 2175 suum
1082 2114 1238 2192 Rosman,
1268 2126 1413 2195 tempore

150 2221 225 2282 dicti
252 2219 380 2306 Gyuan.

256 2327 333 2389 ltem
370 2326 501 2388 domina
537 2324 743 2407 Margaretha
776 2327 884 2388 relicta
918 2326 1097 2389 Sebastiani
1129 2338 1161 2387 et
1194 2323 1351 2408 Mychael
1381 2344 1414 2387 ac

151 2433 340 2495 Leonardus
363 2432 420 2495 filii
439 2433 581 2494 eiusdem
608 2432 823 2494 vendiderunt
839 2433 1002 2494 stabulum
1020 2447 1051 2495 et
1066 2432 1224 2515 (h)ortum
1250 2447 1282 2494 et
1299 2448 1412 2494 terram

150 2541 302 2602 arabilem
328 2559 387 2622 pro
419 2539 536 2600 debitis
567 2537 716 2601 Marinus
747 2539 853 2619 jurati,
888 2540 1023 2601 Nicolao
1057 2537 1237 2620 Lippouch,
1269 2553 1414 2621 tempore

150 2647 225 2707 dicti
251 2646 377 2732 Gyuan.

256 2755 332 2815 Item
352 2753 502 2814 dedimus
519 2753 626 2812 literas
645 2767 767 2813 nostras
784 2751 979 2813 dominabus
997 2751 1198 2833 Margarethe
1215 2767 1247 2812 et
1271 2751 1415 2836 Gyurgie

150 2880 244 2942 super
268 2875 384 2922 terram
411 2858 618 2940 Krathsycha,
643 2873 788 2939 tempore
813 2859 888 2920 dicti
915 2858 1043 2941 Gyuan.

257 2967 332 3027 ltem
359 2966 581 3026 concambium
616 2962 689 3025 lecit
722 2964 840 3025 Paulek
866 2963 1005 3025 carnifex
1039 2984 1111 3026 cum
1137 2963 1298 3046 Gregorio
1324 2964 1415 3025 Wlk·

153 3073 378 3134 manicheum
414 3072 633 3133 additamento
666 3071 877 3152 quadraginta
902 3071 983 3150 flor,
1015 3087 1160 3153 tempore
1185 3071 1262 3132 dicti
1288 3070 1414 3156 Gyuan.

257 3179 334 3240 ltem
362 3178 522 3258 Georgius
555 3192 643 3238 sutor
675 3177 821 3238 vendidit
846 3178 981 3238 domum
1014 3197 1103 3238 suam
1130 3177 1161 3238 in
1187 3192 1289 3239 castro
1316 3179 1414 3239 Bene·

152 3286 237 3346 dicto
265 3285 430 3362 Saroniclr,
455 3300 599 3365 tempore
625 3284 702 3344 dicti
729 3283 845 3366 Gyuan
876 3284 998 3364 judicis.

258 3394 334 3453 ltem
361 3393 458 3453 Lucia
483 3411 614 3452 consors
639 3391 792 3471 Stephani
812 3391 953 3475 Sernyalt
979 3390 1176 3452 condonavit
1200 3409 1299 3451 unam
1326 3390 1414 3472 plan·

40 3528 43 3533 ¹
151 3500 251 3560 tulam
277 3500 369 3560 vinee
394 3520 449 3560 sue
474 3514 504 3558 et
529 3499 643 3559 Kusilo
675 3497 822 3558 vendidit
846 3497 959 3558 silvam
992 3517 1082 3558 suam
1107 3497 1213 3558 eidem
1240 3496 1415 3579 Stephano,

151 3621 295 3687 tempore
320 3605 396 3665 dicti
423 3604 548 3687 Gyuan.

258 3712 334 3771 ltem
360 3712 443 3771 idem
471 3712 569 3772 ania
602 3710 798 3771 condonavit
831 3710 957 3771 vineam
991 3729 1081 3771 suam
1106 3709 1214 3771 eidem
1239 3708 1416 3792 Stephano,

152 3833 296 3900 tempore
324 3818 398 3878 dicti
425 3817 551 3899 Gyuan.

259 3923 334 3984 ltem
361 3922 474 3984 Crisan
508 3925 639 3984 Latinus
669 3922 814 3983 vendidit
837 3919 974 3983 fundum
1007 3942 1099 3984 suum
1126 3922 1245 4000 Blasio,
1269 3935 1416 4005 tempore

152 4030 226 4091 dicti
254 4029 380 4112 Gyuan.

258 4138 335 4198 ltetn
361 4137 448 4216 quod
473 4137 547 4218 quia
574 4138 604 4196 in
637 4150 828 4198 testamento
854 4136 937 4196 Petri
962 4136 1001 4197 de
1035 4134 1247 4196 Hrastouicha
1273 4135 1416 4196 vidimus

152 4245 320 4322 contineri,
345 4243 433 4324 quod
460 4245 525 4324 ipse
543 4256 683 4323 quatuor
707 4243 808 4303 dietas
827 4244 856 4302 in
883 4241 1064 4302 Kalinouch
1083 4240 1215 4302 domine
1239 4238 1416 4303 Karberine

151 4352 289 4412 consorti
316 4364 346 4410 et
371 4351 490 4410 Jacobo
514 4347 582 4409 filio
607 4349 672 4409 suis
689 4349 869 4428 legavisset,
895 4348 969 4409 ideo
987 4347 1107 4408 eisdem
1133 4345 1286 4408 dedimus
1311 4348 1417 4410 literas

152 4473 284 4534 nostraS,
308 4472 451 4537 tempore
477 4455 552 4516 dicti
579 4454 705 4537 Gyuan.

256 4563 332 4623 ltern
360 4561 482 4643 Gaspar
506 4562 593 4642 prior
610 4561 736 4621 claustri
762 4562 859 4622 sancti
880 4560 1005 4620 Nicolai
1031 4557 1223 4620 confessoris
1247 4578 1324 4621 curu
1342 4579 1416 4621 con·

150 4684 247 4730 ventu
274 4689 331 4730 suo
354 4669 499 4729 vendidit
523 4688 622 4728 unum
645 4667 844 4728 moledinum
872 4668 902 4727 in
923 4663 1159 4746 Thoplichicha
1184 4662 1350 4746 Gregorio
1366 4686 1415 4727 su·

150 4777 212 4838 tori
237 4776 290 4854 ita,
314 4776 402 4856 quod
426 4774 562 4855 singulis
587 4775 678 4834 annis
696 4774 761 4855 ipse
788 4772 965 4854 Gregorius
988 4792 1041 4833 sex
1066 4790 1181 4854 pensas
1204 4770 1417 4835 denariorum
