3156 5364
525 443 610 497 Anno
632 435 728 517 1489.
757 471 798 480 —
817 451 873 513 30.
890 435 1044 512 januarii.
1381 453 1419 516 57

159 654 241 717 idem
267 653 392 716 Blasius
409 653 504 713 debet
529 650 662 713 reddere
681 649 818 712 fundum
843 649 948 711 eidem
968 649 1133 711 Demetrio
1158 663 1188 711 et
1205 649 1307 710 eciam
1325 648 1431 710 debet'

157 762 215 823 sibi
239 760 381 822 totaliter
405 759 480 820 dare
505 758 614 820 literas
638 756 865 839 privilegiales.
950 810 956 822 .

260 868 339 930 Item
364 886 458 928 causa
484 866 566 927 inter
589 864 731 926 relictam
759 863 908 944 Gregorii
932 863 1073 944 agricole
1099 877 1130 924 et
1154 863 1239 924 Iwan
1264 863 1304 924 de
1329 862 1421 923 Tho·
1513 916 1517 924 .

157 974 316 1057 polIosvcz
334 973 463 1035 racione
479 971 646 1033 cuiusdam
663 969 890 1053 percussionis,
916 970 1004 1052 quod
1022 971 1089 1053 ipse
1105 971 1302 1031 verberasset
1319 969 1421 1051 ipsam

156 1096 186 1143 et
209 1081 311 1143 eciam
344 1078 506 1141 cicatrices
539 1090 756 1156 monstrasset,
777 1075 872 1157 jurati
904 1075 1187 1156 adjudicaverunt,
1218 1073 1307 1164 quod
1338 1073 1421 1135 circa

156 1187 317 1249 cicatrices
342 1205 422 1267 quas
438 1181 556 1246 lecerat
578 1203 673 1265 super
698 1202 769 1244 eam
791 1197 837 1244 est
854 1183 1019 1244 convictus
1041 1182 1074 1243 in
1098 1182 1210 1244 decern
1236 1168 1343 1263 pensis
1367 1179 1421 1240 de·

156 1294 319 1355 uariorum
345 1291 450 1354 eidem
476 1289 605 1352 mulieri
630 1303 660 1350 et
680 1288 791 1369 juratis
815 1303 944 1350 centum
961 1288 1127 1365 denari0s3
1153 1287 1238 1349 Iwan
1264 1306 1328 1349 non
1345 1305 1421 1348 con·

153 1414 259 1462 tentus
284 1397 458 1481 appellavit
481 1396 521 1458 ad
546 1396 698 1457 seniores.

153 1599 251 1674 Faria
279 1610 377 1673 sexta
405 1598 559 1690 proxima
584 1607 660 1688 post
680 1606 821 1671 octavas
849 1595 989 1687 Agnetis
1020 1596 1160 1686 vlrginis
1189 1604 1224 1669 et
1252 1598 1417 1668 martirIs.

663 1753 731 1829 (30.
748 1751 919 1828 januarii).

259 1896 337 1958 Item
363 1916 456 1958 causa
490 1897 572 1957 inter
604 1895 812 1957 Valentinum
846 1895 1005 1957 seniorem
1038 1893 1177 1976 judicem
1207 1909 1238 1957 et
1261 1894 1419 1958 Valentek

155 2017 308 2082 sutorem,
331 2003 444 2064 citacio
470 2003 583 2084 prima.

259 2108 336 2171 Item
371 2128 464 2170 causa
504 2121 634 2190 propter
667 2108 845 2169 Fabianum
887 2106 1068 2170 carnificem
1100 2107 1188 2190 quod
1228 2108 1421 2190 vituperavit

155 2230 254 2279 totam
280 2215 546 2277 communitatem
578 2215 634 2277 taIi
660 2214 771 2293 modo,
803 2215 955 2277 videlicet
987 2215 1018 2275 in
1051 2212 1132 2276 festo
1157 2214 1240 2275 beati
1266 2213 1422 2275 Iohannis

158 2322 364 2404 ewangeliste
397 2321 546 2400 dicendo,
578 2321 666 2402 quod
693 2321 746 2383 iIIe
779 2335 810 2382 et
846 2321 892 2382 illi
923 2321 978 2402 qui
1011 2320 1183 2382 consilium
1216 2319 1359 2382 lecerunt
1391 2334 1422 2382 et

157 2430 266 2491 vinum
293 2447 402 2490 meum
428 2429 527 2490 eciam
554 2427 840 2489 dinumeraverunt
864 2441 894 2489 et
926 2428 981 2510 qui
1006 2447 1197 2490 consensum
1224 2428 1421 2509 prebuerunt

157 2535 242 2618 quod
269 2555 366 2617 super
383 2535 455 2596 vina
473 2547 543 2596 taxa
561 2534 709 2617 imposita
727 2549 774 2596 est
787 2554 901 2597 omnes
917 2532 1001 2596 filios
1017 2534 1219 2596 meretricum
1234 2533 1419 2617 appellavit,

157 2641 248 2721 jurati
283 2642 323 2702 ita
356 2640 639 2723 adjudicaverunt,
671 2640 758 2721 quod
802 2660 899 2722 quam
931 2641 1036 2722 primo
1068 2641 1230 2702 Fabianus
1262 2640 1420 2724 Sypelycz

157 2748 289 2809 ulterius
314 2767 379 2808 non
405 2760 451 2808 est
475 2747 592 2827 dignus
608 2746 779 2808 consilium
799 2747 926 2824 intrare,
951 2747 1128 2809 secundum
1147 2747 1239 2829 quod
1257 2747 1420 2808 Fabianus

158 2854 250 2915 vadat
274 2853 314 2914 ad
341 2853 432 2914 illurn
457 2853 565 2914 locum
591 2853 645 2914 ubi
671 2852 813 2914 clamans
847 2853 998 2915 dominos
1023 2854 1108 2915 clves
1133 2867 1163 2916 et
1186 2867 1291 2915 totum
1317 2853 1420 2916 consi-

160 2959 238 3021 lium
263 2973 295 3021 et
319 2979 374 3021 eos
391 2958 475 3020 filios
500 2959 702 3021 meretricum
722 2959 906 3042 appellavit,
925 2959 955 3020 in
982 2959 1098 3022 eodem
1115 2960 1188 3022 loco
1209 2960 1324 3021 stando
1341 2960 1422 3022 sicut

160 3066 220 3128 alta
245 3085 324 3127 voce
350 3067 492 3127 clamans
508 3065 700 3147 vituperavit
724 3066 869 3148 turpiter,
887 3066 929 3127 ita
947 3066 1010 3128 alta
1034 3087 1114 3129 voce
1131 3086 1282 3130 revocare
1306 3066 1422 3130 debeat

156 3174 256 3234 tribus
272 3172 397 3234 vicibus
415 3185 486 3253 post
498 3191 565 3233 sese
590 3171 688 3233 modo
702 3168 902 3255 iufrascripto
919 3173 962 3235 ita
980 3173 1136 3236 dicendo:
1161 3173 1298 3236 audiatis
1315 3172 1422 3236 omnis

159 3279 359 3342 condicionis
383 3277 531 3340 homines
555 3278 670 3340 divites
694 3293 725 3340 et
749 3299 916 3361 pauperes,
949 3299 1009 3360 ego
1041 3281 1203 3342 Fabianus
1228 3280 1306 3342 illud
1332 3279 1421 3362 quod

158 3405 217 3467 ego
242 3386 274 3447 in
300 3384 382 3446 festo
407 3386 490 3446 beati
517 3384 672 3446 Iohannis
689 3386 895 3466 ewangeliste
912 3386 1063 3447 dominos
1087 3387 1171 3448 cives
1196 3400 1226 3448 et
1249 3385 1421 3448 consilium

156 3493 291 3574 turpiter
315 3493 493 3574 vituperavi
519 3504 550 3552 et
574 3511 685 3552 verum
711 3511 776 3552 non
811 3491 876 3553 dixi
902 3506 933 3553 et
964 3493 1117 3554 mentitus
1140 3512 1210 3554 sum
1237 3493 1268 3554 in
1293 3507 1420 3574 gutture

159 3617 230 3660 meo
255 3612 287 3659 et
311 3598 421 3678 lingua
454 3597 537 3658 male
571 3596 656 3673 dixi3
689 3598 742 3659 ubi
775 3618 852 3659 vero
876 3599 1038 3661 Fabianus
1070 3599 1151 3662 hanc
1176 3600 1421 3662 revocacionem

157 3701 258 3766 Iacere
284 3717 455 3782 recusarat,
468 3717 544 3764 tunc
563 3703 706 3765 mittatur
723 3704 762 3764 ad
777 3724 918 3766 carceres
935 3718 965 3766 et
982 3706 1025 3767 ibi
1050 3726 1106 3788 per
1123 3707 1282 3788 integrum
1300 3725 1421 3768 annum

156 3825 185 3871 et
211 3809 297 3872 dlem
333 3809 364 3870 in
398 3809 583 3891 captivitate
615 3809 731 3871 debeat
762 3829 908 3890 manere,
940 3826 971 3873 et
1002 3812 1078 3893 quia
1103 3813 1170 3894 ipse
1195 3813 1357 3874 Fabianus
1387 3825 1423 3874 ut

155 3915 360 3997 cognoscitur
385 3929 416 3976 et
440 3914 632 3996 intelligitur
657 3915 758 3977 eciam
784 3916 886 3998 capite
919 3931 950 3979 et
973 3919 1125 3979 omnibus
1156 3919 1250 3980 bonis
1274 3919 1340 3980 suis
1363 3937 1422 4000 pro

157 4021 344 4084 huiusmodi
369 4021 502 4082 crImine
528 4042 593 4083 non
618 4037 699 4083 esset
722 4021 884 4085 sufficiens
901 4022 1092 4103 satisfacere,
1117 4025 1190 4087 ideo
1216 4026 1247 4086 in
1272 4027 1368 4086 rebus
1392 4037 1423 4088 et

156 4129 251 4191 bonis
287 4142 369 4190 esset
405 4127 486 4189 ultra
519 4128 704 4210 privandus,
737 4129 817 4191 illud
853 4144 955 4192 totum
990 4132 1181 4194 remittimus
1213 4132 1346 4194 domino
1371 4153 1423 4194 ex-

154 4234 385 4317 torquendum.

262 4341 340 4403 Item
351 4361 444 4403 causa
455 4341 743 4404 interDorotheam
755 4343 903 4405 Merthlin
919 4357 950 4407 et
967 4345 1103 4408 Paulum
1120 4360 1273 4409 sartorem
1292 4347 1420 4409 racione

154 4447 322 4511 cuiusdam
332 4448 568 4510 verberacionis
577 4461 608 4510 et
620 4448 787 4530 quomodo
798 4469 868 4511 eam
879 4449 943 4532 (ad)
956 4465 1073 4514 terram
1083 4453 1259 4535 projecerat
1269 4454 1300 4515 In
1314 4454 1420 4536 platea

155 4555 259 4617 libera
284 4568 317 4616 et
340 4553 444 4615 eidem
470 4554 687 4616 velamentum
709 4556 820 4638 capitis
843 4557 892 4618 sui
917 4557 1077 4641 decapite
1102 4560 1304 4642 deposuerat,
1328 4559 1421 4642 jurati

156 4660 424 4742 adjudicaverunt
433 4659 518 4740 juxta
532 4660 773 4722 attestacionem
787 4661 1038 4744 fidedignorum,
1052 4666 1139 4747 quod
1150 4666 1302 4728 remansit
1315 4665 1420 4729 eidem

153 4767 291 4830 domiue
317 4766 479 4828 Dorothee
504 4767 536 4828 in
561 4767 635 4828 vivo
659 4766 811 4849 homagio
837 4784 867 4830 et
885 4769 993 4847 juratis
1018 4773 1048 4832 in
1075 4774 1218 4853 quiaque
1244 4773 1350 4853 pensis
1367 4773 1421 4847 de-

150 4875 340 4952 uariorum3
366 4873 451 4937 idem
477 4874 595 4936 Paulus
619 4893 682 4936 non
709 4891 877 4937 contentus
901 4878 1075 4960 appellavit
1098 4879 1138 4940 ad
1162 4880 1315 4954 seniores,

683 5013 895 5036 W
