3142 5356
150 555 229 617 ltem
253 555 405 616 dominus
430 555 570 617 decanus
595 571 625 618 et
660 572 724 619 tota
750 557 994 621 confraternitas
1025 560 1240 622 vendiderunt
1265 562 1312 621 vi·

70 680 136 723 eam
162 681 274 724 eorum
300 661 388 740 luan,
416 675 561 744 tempore
588 662 663 723 dicti
691 664 829 726 Miklini.

150 767 227 830 Item
254 769 385 830 domina
412 773 539 849 Agnesa
573 769 683 831 relicta
713 771 849 832 condam
875 769 987 855 Maley
1020 788 1050 834 et
1075 772 1189 836 Crisan
1215 771 1310 834 frater

73 874 189 936 usdem
216 874 431 937 vendiderunt
456 872 592 937 lundam
619 896 730 938 eorum
762 878 865 938 Laure
891 876 1041 956 carnifici,
1066 892 1211 960 tempore
1236 878 1312 941 dicti

70 982 168 1043 amini
193 979 337 1044 Miklini.

150 1089 227 1149 ltem
263 1087 365 1149 Katha
398 1086 463 1149 filia
497 1088 572 1149 luan
610 1089 685 1150 dicti
721 1090 870 1152 Huzaren
904 1106 934 1151 et
959 1090 1004 1153 lsa
1038 1092 1147 1154 relicta
1172 1091 1309 1154 condam

71 1195 169 1258 icolai
195 1195 270 1256 dicti
298 1195 472 1275 Dragibog,
499 1195 714 1257 vendiderunt
733 1195 867 1258 fundum
895 1217 1005 1258 eorum
1033 1198 1189 1281 Dyonisio
1207 1197 1309 1273 fabro,

70 1322 188 1384 mpore
214 1301 288 1363 dicti
314 1299 454 1363 Miklini.

149 1407 228 1470 Item
237 1404 407 1484 Martinus,
418 1407 589 1485 Barnabas,
602 1407 792 1469 Benedictus
802 1407 968 1471 acMathei
981 1409 1196 1471 vendiderunt
1210 1423 1308 1469 terras

69 1533 154 1575 rrum
169 1514 201 1575 in
219 1514 346 1574 duobus
363 1513 442 1574 locis
463 1513 557 1574 Petro
575 1513 742 1596 Hungaro,
760 1529 905 1595 tempore
930 1515 1004 1576 dicti
1024 1516 1146 1603 domini
1165 1513 1306 1577 Miklini.

148 1620 226 1681 Item
252 1621 383 1682 domina
411 1620 511 1681 Elena
537 1620 647 1682 relicta
672 1621 809 1682 condam
835 1621 952 1682 laklini
976 1622 1151 1704 gladiparia
1175 1621 1307 1682 donavit

69 1746 138 1789 ram
164 1741 310 1808 quartam
337 1727 367 1787 in
394 1726 536 1808 quodam
561 1746 619 1787 suo
644 1723 746 1789 fundo
772 1726 910 1788 Johanni
936 1747 994 1789 suo
1020 1728 1134 1790 marito
1160 1729 1201 1789 ob
1219 1746 1308 1789 arno·

71 1853 105 1895 m
133 1833 271 1912 virilem,
296 1848 441 1914 tempore
466 1832 542 1894 dicti
567 1830 710 1897 Miklini.

149 1939 226 2000 ltem
252 1939 401 2000 dedimus
426 1939 534 2000 literas
559 1953 683 2000 nostras
699 1959 758 2021 pro
776 1939 907 2000 domina
935 1939 1020 1999 llosa
1045 1937 1153 1998 relicta
1172 1936 1308 1999 condam

69 2046 211 2108 turencii
241 2047 344 2107 Latini
371 2060 401 2107 et
426 2064 484 2127 pro
517 2045 581 2106 suis
605 2044 679 2105 liliis
711 2065 806 2127 super
836 2045 974 2127 quadam
1008 2045 1107 2105 domo
1132 2059 1254 2106 murata
1279 2058 1310 2105 et

70 2155 171 2232 )orto,
197 2166 343 2234 tempore
368 2152 444 2213 dicti
471 2151 594 2212 domiui
619 2149 760 2215 Miklini.

149 2259 225 2321 ltem
253 2260 363 2320 Petrus
387 2257 489 2319 dictus
524 2258 709 2320 mechotreb
743 2258 888 2319 vendidit
918 2256 1053 2318 fundum
1086 2276 1179 2317 suum
1212 2276 1309 2339 penes

68 2385 193 2441 rceres,
219 2363 320 2426 Matei
346 2364 496 2440 Plauech,
520 2378 665 2445 tempore
689 2364 764 2426 dicti
790 2363 913 2425 domini
939 2361 1080 2424 Miklini.

149 2473 225 2533 Item
252 2471 401 2532 dedimus
434 2471 541 2532 literas
566 2484 689 2532 nostras
720 2468 915 2550 Magdalene
949 2469 1013 2530 filie
1038 2469 1166 2532 Andree
1191 2469 1307 2531 sutoris

68 2599 136 2661 rper
162 2577 302 2659 quadam
328 2578 419 2638 vinea
453 2577 557 2637 eidem
592 2596 647 2658 per
679 2576 758 2638 olim
783 2574 941 2638 Mathiam
975 2575 1237 2637 testamentaliter
1262 2575 1305 2635 le-

68 2702 157 2762 rtam,
182 2698 328 2766 tempore
353 2683 428 2744 dicti
455 2680 597 2744 Miklini.

147 2791 224 2852 ltem
251 2788 413 2870 Georgius
437 2789 541 2850 dictus
566 2788 676 2870 Gerny
702 2788 848 2850 vendidit
872 2808 961 2849 suam
993 2789 1119 2849 vineam
1154 2787 1307 2864 Franche,

70 2896 185 2978 corgio
210 2910 241 2957 et
266 2896 400 2978 Symoni
427 2894 500 2956 filiis
525 2895 661 2972 Nicolai,
691 2910 835 2977 tempore
861 2895 936 2956 dicti
961 2893 1102 2957 Miklini.

147 3002 224 3063 ltem
244 3003 377 3080 provida
396 3002 528 3062 domina
555 3001 697 3083 Gyurgia
720 3016 832 3062 vocata
850 3001 957 3062 relicta
977 3000 1113 3061 condam
1135 2999 1304 3079 Dragozlai

68 3109 173 3171 ›navit
198 3128 294 3169 unam
320 3123 466 3188 quartam
493 3106 583 3167 fundi
619 3108 703 3168 Luce
730 3106 881 3184 carnifici,
908 3108 973 3187 ipse
999 3120 1105 3167 autem
1132 3106 1233 3187 ipsam
1260 3120 1305 3164 te·

67 3234 113 3276 ere
140 3228 171 3275 et
195 3233 320 3275 servare
346 3214 527 3295 assumpsit,
552 3227 697 3295 tempore
722 3213 798 3273 dicti
822 3211 965 3275 Miklini.

144 3319 221 3380 ltem
248 3319 443 3380 Benedictus
468 3320 571 3380 dictus
601 3320 716 3401 Makey
742 3318 887 3380 vendidit
920 3337 1016 3378 unam
1041 3333 1186 3399 quartam
1215 3315 1303 3376 fundi

67 3446 124 3488 nce
149 3424 302 3504 carnifici,
327 3438 472 3507 tempore
498 3425 574 3486 dicti
602 3425 737 3487 Miklini.

143 3531 221 3594 ltem
240 3532 389 3592 dedimus
414 3531 521 3592 literas
538 3545 661 3592 nostras
679 3550 734 3613 per
758 3531 836 3591 alias
852 3531 960 3592 literas
977 3529 1118 3610 magistri
1143 3528 1304 3590 thaverni-

67 3657 160 3716 trum‚
193 3638 331 3699 Johanni
364 3637 434 3699 lilio
461 3638 579 3699 Donati
612 3657 707 3719 super
731 3637 902 3698 medietate
935 3635 1100 3697 cuiusdam
1132 3634 1248 3695 domus
1273 3650 1302 3695 et

67 3744 143 3825 lorti
168 3744 322 3805 Johannis
347 3744 530 3819 Lauredati‚
555 3758 700 3825 tempore
725 3743 800 3804 dicti
825 3740 968 3804 Miklini.

142 3850 220 3911 ltem
246 3851 395 3911 dedimus
429 3865 551 3910 nostras
584 3850 690 3910 literas
721 3869 816 3930 super
840 3849 981 3929 quodam
1007 3845 1107 3909 fundo
1133 3847 1172 3908 de
1204 3867 1302 3925 novo,

68 3956 187 4037 lliparo
212 3969 242 4017 et
268 3956 387 4034 Blasio,
412 3970 557 4037 tempore
583 3955 716 4036 predicti
744 3954 878 4016 Miklini.

142 4061 220 4122 ltem
256 4062 389 4123 domina
423 4061 591 4122 Elizabeth
623 4059 688 4121 filia
723 4061 812 4120 Pauli
838 4060 954 4121 sutoris
986 4079 1117 4120 consors
1150 4059 1301 4141 Stephani

67 4167 192 4248 lliparis
202 4167 335 4228 donavit
345 4187 443 4228 unam
454 4182 600 4248 quartam
612 4168 716 4226 eidem
730 4166 904 4247 Stephan0,
918 4180 1063 4246 tempore
1074 4165 1149 4225 dicti
1160 4162 1302 4226 Miklini.

70 4309 75 4320 ·
142 4272 219 4335 ltem
246 4273 378 4334 domina
404 4274 505 4333 lanna
537 4273 669 4333 donavit
704 4292 797 4333 suum
831 4269 966 4333 fundum
992 4270 1168 4332 Benedicta
1201 4271 1299 4331 sutori

66 4379 169 4440 ›mino
194 4394 224 4440 et
248 4379 364 4440 marito
389 4399 458 4456 suo,
483 4394 627 4460 tempore
652 4378 727 4438 dicti
755 4378 891 4439 Miklini.

145 4485 221 4547 ltem
240 4486 429 4546 Valentinus
455 4484 538 4546 lilius
564 4484 716 4566 Stephani
735 4499 884 4545 executor
901 4483 1081 4543 testamenti
1101 4482 1189 4542 l'auli
1217 4481 1297 4542 labri

66 4592 180 4655 :ndidit
205 4592 349 4654 eiusdem
375 4591 510 4652 lundum
545 4590 640 4652 Gallo
670 4590 859 4668 balneatori,
891 4603 1034 4669 tempore
1060 4587 1135 4648 dicti
1162 4587 1299 4649 Miklini.

143 4699 220 4760 ltem
246 4699 408 4760 lohannes
426 4699 567 4779 Zagorcz
585 4713 614 4757 et
640 4718 695 4756 sua
714 4716 844 4756 consors
862 4695 1078 4756 vendiderunt
1093 4712 1188 4753 unam
1207 4712 1300 4773 quar·

68 4826 99 4867 m
124 4826 237 4867 eorum
271 4825 328 4887 pro
355 4806 518 4885 Stephano
552 4822 581 4864 er
614 4825 669 4863 sua
695 4817 854 4877 consorte,
889 4816 1034 4882 tempore
1060 4800 1133 4859 dicti
1162 4798 1299 4861 Miklini.

617 4933 772 4949 ·0n-0—--
