3142 5356
659 357 746 415 Anno
768 368 858 435 1435.
1327 377 1389 440 277

127 584 246 628 norum
278 566 494 648 predictorum
528 579 559 628 et
591 586 628 627 ex
660 586 818 629 consensu
851 567 983 650 Georgii
1015 569 1131 630 literati
1165 568 1278 631 Thucz
1312 570 1388 632 dicti

126 672 226 734 aliam
250 672 456 735 medietatem
481 672 625 734 ciusdem
650 672 766 735 domus
791 687 913 737 mutate
938 689 969 737 et
986 673 1077 736 fundi
1102 675 1388 759 possidentis,per-

125 791 228 862 petuo
251 779 480 862 possidendam
504 779 728 845 vendiderunt.
1175 791 1177 796 '

119 1024 121 1028 ’
224 999 307 1072 Item
337 999 423 1073 teria
451 1003 559 1072 tercia
589 1002 621 1070 in
651 1001 736 1071 festo
765 999 923 1072 videlicet
951 999 1183 1073 Conversionis
1211 1001 1301 1073 beati

620 1123 715 1194 Pauli
744 1124 901 1212 apostoli.

638 1278 700 1354 (25.
717 1277 883 1354 senuerit).

235 1417 312 1479 Item
338 1417 489 1480 dominus
512 1417 697 1480 Anthonius
720 1417 878 1500 plebanus
910 1418 1042 1479 ecclesie
1066 1431 1172 1479 nostre
1197 1415 1389 1499 parochialis

123 1525 212 1587 beati
237 1525 335 1586 Marci
361 1524 578 1606 ewangeliste,
597 1525 749 1586 directam
771 1538 802 1586 et
827 1524 975 1606 equalem
994 1524 1198 1586 medietatem
1223 1522 1387 1584 cuiusdam

123 1630 244 1692 domus
267 1651 322 1692 sue
348 1645 378 1692 et
402 1629 494 1692 fundi
519 1651 554 1692 ac
588 1629 812 1692 hedificiorum
838 1631 869 1690 in
903 1630 987 1692 dicta
1011 1631 1137 1692 civitate
1162 1631 1243 1690 inter
1275 1629 1389 1689 domos

123 1751 158 1800 et
180 1735 300 1799 fundos
323 1737 465 1799 virorum
491 1737 701 1819 providorum
727 1736 893 1798 Benedicti
917 1737 1008 1798 aliter
1032 1735 1205 1797 Wenthich
1230 1735 1334 1796 vocati
1358 1749 1389 1796 et

126 1843 213 1905 Petri
237 1842 295 1905 filii
321 1844 458 1923 Nicolai,
491 1845 531 1905 ab
564 1862 637 1922 una,
670 1856 701 1905 et
732 1858 820 1926 parte
845 1844 885 1904 ab
918 1844 1017 1905 altera
1041 1843 1175 1904 Fabiani
1207 1855 1238 1903 et
1263 1841 1388 1903 Lucasii

124 1963 311 2012 nostrorum
336 1950 483 2012 similiter
507 1950 689 2011 concivium
713 1949 832 2029 habite,
869 1970 965 2011 unam
990 1950 1141 2011 videlicet
1162 1948 1387 2011 tantummodo

125 2070 273 2138 quartam
298 2057 386 2118 curie
411 2057 500 2118 inse
526 2057 755 2135 continentem,
783 2057 889 2118 Blasio
924 2056 1038 2119 cultori
1064 2055 1151 2117 [ratri
1176 2075 1234 2117 suo
1259 2055 1388 2135 juniori,

124 2177 161 2225 ut
187 2163 250 2245 jam
276 2182 362 2225 novo
387 2163 512 2225 concivi
544 2178 664 2241 nostro,
696 2163 828 2225 donavit
852 2176 1007 2245 perpetuo
1038 2161 1276 2245 possidendam,
1301 2162 1387 2223 salva

125 2269 190 2331 alia
215 2269 387 2332 medietate
412 2270 555 2332 eiusdem
575 2270 691 2331 domus
715 2284 746 2331 et
770 2269 862 2331 fundi
880 2289 916 2331 ac
940 2269 1174 2347 hedificiorum,
1198 2288 1295 2329 unam
1312 2287 1387 2329 cou-

116 2375 272 2438 -similiter
305 2390 451 2458 quartam
484 2377 571 2439 curie
604 2378 635 2438 in
667 2398 699 2438 se
731 2375 915 2456 habentem,
944 2396 1041 2458 quam
1073 2375 1214 2458 prefatus
1237 2375 1388 2437 dominus

116 2481 308 2544 ·Anthonius
331 2502 389 2564 pro
414 2503 447 2545 se
471 2484 645 2545 reservavit
668 2483 906 2566 possidendam.

231 2588 308 2651 ltem
334 2589 452 2650 Paulus
476 2588 658 2672 Kerpanich
684 2587 769 2651 filius
787 2588 920 2670 Georgii
945 2605 975 2651 et
1001 2589 1182 2671 Stephanus
1198 2603 1287 2651 sutor
1302 2587 1386 2651 filius

125 2695 267 2774 Martini,
292 2695 443 2758 concives
466 2696 577 2774 nostri,
602 2696 812 2757 commissarii
845 2709 876 2757 et
900 2709 1084 2758 executores
1107 2697 1288 2758 testamenti
1312 2715 1385 2778 pro·

123 2802 198 2863 vide
230 2802 375 2865 mulieris
407 2803 503 2865 Lucia
536 2817 649 2864 vocate
681 2803 789 2865 relicte
830 2803 967 2864 condam
1000 2802 1128 2865 Thome
1160 2803 1276 2865 sutoris
1310 2801 1385 2864 dicti

116 2905 356 2990 ,Gerdsewych,
380 2908 542 2990 quendam
568 2909 722 2991 (h)ortum
756 2909 855 2992 ipsius
879 2909 977 2971 Lucie
1010 2909 1153 2970 mulieris
1183 2908 1279 2970 simul
1311 2927 1384 2969 cum

123 3013 251 3075 stabulo
276 3014 449 3095 vulgariter
480 3015 580 3095 stagel
604 3015 701 3093 dicto,
734 3035 793 3077 nec
823 3034 887 3076 non
912 3013 1037 3095 (h)0reo
1071 3015 1102 3074 in
1127 3013 1207 3076 facie
1240 3014 1383 3076 eiusdem

118 3118 231 3201 (hlorti
256 3121 413 3199 existenti,
439 3121 471 3182 in
495 3122 650 3183 suburbio
676 3120 759 3183 dicte
784 3122 921 3183 civitatis
945 3122 1027 3183 inter
1051 3119 1184 3202 (h)ortos
1207 3120 1382 3183 liberorum

119 3224 261 3287 condam
287 3226 378 3288 Pauli
410 3227 539 3289 sartoris
570 3242 600 3288 et
630 3227 768 3288 Ladislai
801 3225 952 3288 aurifabri
976 3227 1070 3307 jurati
1103 3226 1201 3288 nostri
1237 3227 1382 3287 moderni

123 3331 282 3410 habitum,
306 3332 441 3394 domino
465 3333 631 3395 Anthonio
656 3331 723 3394 filio
741 3334 885 3394 Barnabe
902 3347 933 3394 et
951 3332 1058 3394 Blasio
1082 3332 1197 3394 cultori
1222 3330 1308 3393 iratri
1325 3352 1382 3394 suo

123 3439 242 3520 carnali
266 3458 324 3521 pro
348 3440 462 3521 viginti
486 3438 555 3501 flor.
580 3440 647 3500 auri
672 3438 886 3501 vendiderunt
909 3453 1065 3521 perpetuo
1090 3439 1330 3521 possidendum.

230 3545 307 3606 Item
332 3545 449 3607 domus
473 3559 596 3607 murata
621 3559 651 3607 et
676 3544 794 3607 fundus
817 3565 852 3607 ac
877 3546 1030 3606 celarium
1054 3545 1200 3607 similiter
1223 3560 1383 3607 muratum

123 3651 229 3712 eidem
262 3650 374 3713 domui
406 3665 528 3714 mutate
560 3651 738 3732 subjacens,
773 3672 832 3713 nec
864 3671 928 3712 non
961 3649 1107 3712 hedificia
1138 3651 1276 3712 condam
1302 3651 1382 3713 Lau·

122 3757 223 3819 rencii
247 3757 406 3839 Hungari,
423 3758 527 3840 jurati,
552 3757 609 3820 filii
634 3757 789 3819 Johannis
807 3773 837 3819 et
853 3757 984 3819 domine
1002 3757 1134 3837 Agnetis
1157 3755 1222 3819 filie
1246 3758 1382 3819 condam

124 3864 210 3925 Luce
236 3863 403 3942 carnificis,
427 3866 584 3926 consortis
615 3884 692 3926 vero
720 3865 876 3946 legittime
909 3865 1008 3946 ipsius
1032 3864 1200 3925 Laurencii
1226 3864 1383 3946 Hungari,

124 3970 231 4051 iurati,
254 3972 286 4033 in
311 3971 439 4033 civitate
463 3971 604 4053 predicta
635 3972 716 4032 inter
748 3971 863 4032 domos
887 3985 917 4030 et
949 3968 1066 4031 fundos
1091 3969 1267 4032 liberorum
1293 3970 1384 4032 Pauli

123 4077 345 4157 Zidowchich,
377 4080 416 4139 ab
449 4098 523 4159 una,
548 4092 579 4140 et
607 4093 694 4159 parte
726 4079 767 4139 ab
791 4078 889 4139 altera
914 4075 1062 4157 Gregorii
1094 4076 1182 4158 parvi
1207 4075 1264 4138 filii
1298 4076 1383 4138 Galli

121 4185 245 4263 habita,
269 4204 365 4246 unam
400 4186 556 4266 integram
582 4185 701 4246 curiam
736 4185 767 4245 in
792 4205 824 4245 se
848 4184 1026 4261 continens,
1050 4182 1146 4243 simul
1178 4202 1250 4243 curn
1282 4184 1385 4244 omni·

124 4293 184 4354 bus
219 4292 285 4353 suis
321 4291 510 4353 utilitatibus
546 4308 576 4353 et
611 4291 818 4373 pertinenciis
858 4290 1013 4351 universis
1049 4290 1116 4350 viro
1151 4289 1286 4371 provido
1319 4310 1384 4351 ma·

121 4401 224 4483 gistro
249 4399 378 4461 Matheo
403 4401 528 4463 notario
554 4414 585 4462 et
608 4399 732 4461 concivi
754 4413 864 4459 nostro
888 4397 955 4460 filio
981 4396 1093 4478 prefati
1119 4397 1205 4458 Luce
1229 4397 1385 4460 carnificis

124 4527 181 4590 per
205 4507 406 4588 legacionem
431 4508 572 4588 predicte
597 4507 729 4568 domine
754 4506 889 4584 Agnetis
906 4521 937 4566 et
960 4524 1016 4586 per
1040 4503 1251 4565 collacionem
1276 4519 1306 4565 et
1330 4505 1384 4565 da·

123 4615 252 4676 cionem
276 4613 390 4697 prelati
416 4615 584 4691 Laurencii
611 4611 757 4693 Hungari
783 4625 831 4672 est
854 4610 1093 4697 privilegialiter
1116 4608 1301 4672 confirmata
1325 4613 1384 4671 sub

124 4720 278 4803 pendenti
309 4721 417 4803 sigillo
449 4722 688 4785 communitatis
725 4735 888 4802 perpetuo
919 4715 1109 4803 possidenda
1142 4731 1172 4776 et
1205 4715 1384 4798 quomodo·

123 4848 266 4913 eumque
289 4830 427 4892 voluerit
456 4829 666 4911 disponenda.
