3142 5356
148 584 231 657 Item
261 586 346 656 feria
376 583 501 674 quarta
526 587 681 672 proxima
701 592 778 674 pust
805 585 929 657 lestnm
959 585 1191 658 Conversionis
1220 583 1308 657 beati

586 707 681 780 Pauli
711 710 866 797 apostoli.

598 867 661 938 (27.
678 864 844 938 januaria).

203 1001 280 1062 Item
298 1001 513 1062 communitas
530 1001 693 1082 quendam
715 999 851 1063 fundum
871 1021 1007 1064 vacuum
1026 1003 1121 1063 unius
1145 1017 1256 1085 quarte
1274 1004 1361 1065 curie

95 1109 131 1170 in
156 1109 229 1169 vico
254 1107 353 1190 ipsius
376 1107 513 1169 civitatis
537 1108 686 1170 exteriori
710 1128 767 1170 seu
792 1109 896 1190 platea
926 1108 1042 1187 lutosa,
1067 1110 1149 1171 inter
1173 1107 1291 1172 fundos
1322 1111 1361 1171 si·

91 1215 214 1277 militer
248 1233 365 1276 vacuos
397 1214 560 1276 Valentini
594 1215 745 1296 clavigeri
777 1215 855 1277 alias
887 1216 974 1277 curie
1007 1216 1201 1298 episcopalis
1232 1218 1273 1278 ab
1299 1236 1361 1280 una

92 1335 196 1404 parte,
221 1323 261 1382 ab
286 1320 383 1381 altera
416 1340 492 1381 vero
523 1321 605 1382 inter
629 1319 766 1383 fundum
798 1322 945 1385 similiter
976 1341 1115 1383 vacuum
1138 1321 1267 1384 Thome
1298 1342 1363 1385 aar·

95 1427 176 1489 toris
201 1427 356 1505 habitum,
390 1426 446 1507 qui
479 1425 598 1488 fundus
629 1428 766 1489 condam
792 1428 955 1490 Valentini
982 1427 1167 1490 Hudowich
1203 1427 1363 1511 prefuerat

93 1550 126 1595 et
149 1553 207 1616 pro
233 1553 297 1596 non
322 1533 490 1594 solucione
516 1534 681 1596 deciorum
706 1554 742 1596 ac
771 1535 910 1597 aliorum
943 1535 1127 1598 debitorum
1152 1549 1184 1599 et
1207 1550 1361 1618 opportu-

91 1658 210 1701 norum
243 1639 453 1701 serviciornm
487 1653 669 1701 nostrorum
702 1642 924 1703 communium
964 1660 1059 1724 super
1094 1643 1361 1705 communitatem

92 1746 296 1824 devolutum,
322 1744 464 1826 Georgio
496 1745 594 1827 judici
621 1766 680 1829 pro
711 1748 937 1829 persolucione
969 1749 1113 1830 ipsorum
1138 1749 1305 1811 deciorum
1330 1763 1361 1812 et

97 1853 237 1915 aliorum
269 1852 479 1913 serviciorum
511 1853 735 1914 communium
776 1854 994 1936 predictorum
1030 1854 1175 1916 vendidit
1207 1869 1363 1938 perpetuo

100 1958 343 2042 possidendum.

205 2066 283 2127 Item
308 2065 523 2127 communitas
548 2065 711 2147 quendam
737 2064 874 2128 fundum
892 2086 1029 2129 vacuum
1055 2065 1210 2129 lobannis
1233 2088 1363 2151 carpen-

95 2171 168 2232 tarii
194 2169 413 2233 Theuthonici
439 2171 522 2232 inter
546 2168 664 2233 fundos
689 2171 867 2254 Elyzabeth
901 2173 1011 2235 relicte
1035 2173 1164 2234 Martini
1190 2172 1363 2256 Goychech

96 2292 127 2338 et
151 2277 329 2339 liberorum
354 2276 492 2338 condam
518 2277 665 2360 Dyonisii
696 2277 865 2361 treniparis
897 2277 1054 2358 habiturn,
1079 2279 1218 2341 mediam
1243 2281 1364 2344 curiam

95 2383 136 2444 ad
161 2402 254 2445 usum
280 2383 363 2444 dicte
397 2383 534 2444 civitatis
558 2383 590 2444 in
622 2403 655 2445 se
680 2384 911 2463 continentem,
936 2405 995 2467 pro
1027 2405 1092 2446 non
1116 2387 1284 2450 solucione
1308 2387 1364 2449 da-

95 2490 220 2552 ciorum
246 2489 396 2551 Emericn
420 2489 532 2550 sartori
559 2487 625 2551 filio
651 2490 737 2552 luce
762 2490 909 2552 vendidit
933 2504 1089 2573 perpetuo
1119 2493 1362 2575 possidendum.

205 2596 282 2657 Item
317 2594 477 2676 Georgius
508 2595 604 2677 judex
636 2593 721 2657 filius
753 2596 927 2674 Valentini,
960 2597 1165 2660 medietatem
1198 2599 1363 2662 cuiusdam

95 2703 224 2781 domus,
247 2699 350 2780 fundi,
375 2701 484 2764 celarii
509 2716 540 2762 et
565 2700 787 2764 hedificiorum
813 2702 844 2763 in
869 2703 953 2765 dicta
978 2704 1106 2766 civitate
1131 2705 1214 2766 inter
1238 2704 1365 2785 domos,

100 2808 220 2871 fundos
243 2821 274 2870 et
298 2806 444 2870 hedificia
470 2809 613 2870 virorum
630 2808 839 2891 providorum
869 2808 1033 2870 Valentini
1057 2809 1134 2871 dicti
1159 2810 1364 2891 Jagodichew

98 2932 130 2979 et
153 2917 328 2978 liberorum
353 2915 492 2977 condam
517 2914 648 2976 Andree
678 2915 718 2976 de
743 2915 894 2997 Ztupnilt,
927 2915 967 2976 ab
993 2935 1055 2977 una
1079 2931 1179 2998 parte,
1203 2917 1243 2978 ab
1266 2916 1365 2979 altera

97 3042 175 3084 vero
207 3023 362 3084 Demetrii
397 3022 437 3083 de
471 3021 670 3083 Rethlrowch
703 3021 828 3096 habite,
862 3023 1050 3103 porcionem
1083 3021 1234 3084 videlicet
1263 3041 1365 3102 suam,

97 3149 196 3191 unam
222 3143 367 3210 quartam
394 3128 481 3189 curie
499 3128 529 3188 in
554 3147 587 3188 se
612 3128 816 3205 retinentem,
833 3127 941 3188 Blasio
965 3127 1033 3189 filio
1059 3128 1157 3189 Marci
1187 3146 1273 3190 novo
1289 3147 1364 3190 con·

97 3237 159 3299 civi
184 3250 294 3298 nostro
319 3255 376 3318 pro
401 3235 513 3297 decem
538 3249 569 3297 et
592 3249 714 3317 septem
737 3233 806 3296 flor.
831 3235 900 3296 auri
918 3235 1064 3296 vendidit
1088 3247 1244 3317 perpetuo
1263 3236 1363 3317 possi·

97 3342 242 3405 dendum
272 3362 309 3404 er
342 3361 500 3403 consensu
525 3341 706 3404 vicinorum
739 3341 970 3423 predictorum,
1003 3354 1034 3403 et
1065 3361 1102 3401 ex
1127 3360 1285 3404 consensu
1310 3343 1364 3404 Jo-

98 3450 214 3510 hannia
238 3448 277 3510 de
303 3447 436 3530 Dedycla
460 3448 555 3509 aliam
583 3448 787 3509 medietatem
807 3448 950 3509 eiusdem
976 3449 1103 3526 domus,
1128 3446 1231 3525 fundi,
1256 3448 1364 3510 celarii

97 3568 129 3616 et
153 3552 376 3616 hedificiorum
401 3553 575 3615 literatorie
607 3553 808 3634 possidentia.

206 3659 281 3721 ltem
297 3660 449 3722 Herricus
466 3659 569 3721 dictus
584 3660 675 3721 Pater
688 3674 796 3721 noster
809 3658 895 3722 filius
909 3660 1024 3740 Pravn,
1048 3659 1210 3741 quandam
1229 3658 1364 3721 domum

98 3786 190 3829 suam
215 3767 312 3829 simul
329 3785 402 3827 curn
420 3765 522 3828 fundo
540 3781 570 3827 et
586 3765 743 3828 hedificiis
764 3768 795 3828 in
820 3768 947 3830 civitate
972 3766 1113 3849 predicta
1133 3767 1214 3828 inter
1229 3766 1364 3829 domum

99 3887 257 3937 muratam
276 3887 306 3935 et
329 3871 465 3936 fundum
484 3893 519 3934 ac
536 3872 684 3936 hedificia
707 3873 826 3935 Mathie
844 3874 882 3934 de
909 3874 1055 3936 Machow
1080 3888 1111 3936 et
1128 3874 1210 3935 inter
1228 3873 1364 3936 domum

98 3981 240 4062 ligneam
265 3980 408 4061 magistri
434 3979 590 4042 lobannis
614 3981 749 4042 oculiste
783 3981 936 4058 habitam,
961 3980 1102 4041 mediam
1127 3979 1248 4041 curiam
1275 3980 1308 4040 in
1332 4000 1365 4041 ae

99 4088 284 4165 habentem,
310 4085 461 4148 Michaeli
477 4084 546 4148 filio
572 4085 705 4168 Georgii
727 4106 813 4148 novo
842 4087 967 4148 concivi
992 4100 1102 4147 nostro
1127 4105 1185 4168 pro
1214 4098 1366 4168 quatuor-

99 4194 205 4257 decim
229 4193 298 4256 flor.
324 4193 393 4255 auri
418 4194 564 4254 vendidit
586 4206 741 4275 perpetuo
766 4193 1003 4275 possidendam.

206 4299 285 4362 ltem
317 4300 443 4361 Blasius
475 4298 673 4360 Kurmanich
706 4298 791 4361 filius
825 4299 998 4376 lobannis,
1031 4298 1193 4381 quendam
1228 4297 1365 4361 fundum

103 4426 198 4470 suum
223 4407 319 4469 aimul
344 4426 415 4468 curn
441 4405 597 4468 hedificiis
621 4407 652 4468 in
682 4407 797 4468 eodem
823 4404 924 4467 fundo
948 4403 1224 4488 superhedilicatis
1240 4425 1276 4466 ac
1292 4424 1365 4466 cum

100 4513 274 4576 medietate
298 4513 405 4575 celarii
420 4514 616 4574 subterranei
635 4513 694 4573 sub
712 4512 827 4573 eodem
852 4511 964 4589 habiti,
987 4513 1017 4573 in
1038 4512 1121 4573 dicta
1141 4512 1268 4574 civitate
1285 4511 1367 4573 inter

102 4619 222 4682 fundos
245 4633 276 4682 et
300 4619 416 4680 domos
440 4619 596 4680 Anthonii
621 4618 757 4694 clientis,
782 4619 822 4678 ab
840 4638 902 4679 una
927 4632 1027 4699 parte,
1052 4619 1092 4679 ab
1116 4617 1215 4679 altera
1233 4614 1365 4699 Georgii

102 4727 219 4790 Croaci
251 4726 380 4809 pistoris
411 4745 531 4807 panum
564 4726 656 4786 acin
689 4738 840 4807 postergo
873 4725 956 4786 Petri
982 4725 1083 4786 Zulak
1115 4723 1191 4785 dicti
1215 4744 1251 4785 ac
1277 4742 1367 4785 secus

102 4834 187 4897 viam
212 4851 461 4895 communema
494 4844 582 4916 parte
615 4831 766 4895 anteriori
796 4830 953 4913 habitum,
987 4850 1082 4892 unam
1108 4844 1254 4914 quartam
1280 4829 1367 4892 curie
