3142 5356
148 335 209 414 336
679 337 765 392 Anno
787 349 878 410 1459.

147 558 250 605 tarum
277 543 396 619 habita,
421 564 476 625 per
501 545 700 626 legacionem
728 545 817 605 Pauli
838 544 1117 626 Czaranthorr·ych
1142 560 1175 606 et
1200 545 1287 605 lwan
1314 542 1411 606 fratris

151 651 199 711 sui
236 651 508 712 testamentariam
542 650 651 711 Blasio
685 649 753 712 filio
785 650 898 732 prelati
929 651 1018 712 Pauli
1051 651 1332 734 Czarantlrowyclr
1356 654 1411 712 sub

148 756 300 838 pendenti
326 757 434 838 sigillo
459 757 699 818 communitatis
715 772 762 816 esr
786 757 1030 839 privilegialiter
1054 757 1257 820 confirmata.

252 862 329 923 Item
366 863 427 923 due
461 863 631 944 porciones
663 864 806 924 vineales
841 866 871 924 in
907 865 1068 926 territorio
1099 866 1238 926 civitatis
1271 865 1408 947 predicte

147 971 228 1031 inter
252 970 377 1029 vineam
406 969 500 1030 Blasii
528 969 747 1050 Kurmanych‚
764 990 820 1050 per
838 984 957 1032 metam
980 971 1146 1031 cuiusdam
1172 971 1298 1032 arboris
1322 990 1411 1051 quer·

147 1078 217 1138 cine
242 1091 272 1137 et
296 1077 377 1137 inter
401 1077 526 1137 vineam
553 1076 676 1137 Nicolai
702 1074 760 1136 filii
787 1076 897 1153 Marci,
931 1097 987 1158 per
1012 1091 1131 1137 metam
1156 1077 1295 1137 duarum
1321 1078 1409 1137 arbo·

148 1205 216 1246 rum
242 1184 384 1244 sambuci
410 1197 441 1244 et
466 1183 574 1263 querci
592 1183 716 1243 habitas
734 1199 764 1243 et
781 1184 965 1261 existentes,
990 1205 1045 1265 per
1066 1184 1242 1245 tassionem
1267 1183 1412 1264 Gregorii

147 1290 327 1372 Czesarych
362 1304 392 1351 et
418 1290 551 1369 rlgnetis
583 1289 691 1350 relicte
726 1290 854 1350 Martini
888 1290 981 1367 jurati
1015 1289 1238 1374 Zytharichew
1272 1291 1412 1351 Fabiano

149 1396 355 1479 Gornychiclr
389 1394 456 1455 filio
491 1394 622 1475 Georgii
656 1409 731 1455 sunt
761 1398 820 1456 sub
855 1397 1008 1477 pendenti
1042 1397 1149 1477 sigillo
1175 1397 1414 1458 communitatis

149 1503 392 1587 privilegialiter
420 1500 617 1562 confirmate.

252 1609 330 1670 ltem
356 1608 494 1689 quedam
521 1607 637 1668 domus
668 1609 764 1669 simul
798 1628 870 1669 cum
904 1607 1005 1670 lando
1031 1623 1062 1670 et
1093 1606 1254 1670 hedificiis
1277 1608 1412 1670 condam

148 1715 281 1796 Georgii
306 1714 420 1795 judicis
445 1714 476 1773 in
501 1713 629 1775 civitate
654 1714 795 1796 predicta
828 1715 909 1775 inter
934 1715 1033 1775 alium
1066 1713 1217 1792 fundum,
1243 1716 1412 1778 cisternam

147 1836 177 1883 et
201 1821 336 1881 domum
362 1820 504 1880 eiusdem
530 1821 668 1881 condam
696 1820 828 1901 Georgii
847 1821 972 1900 judicis,
996 1841 1012 1880 a
1038 1837 1126 1903 parte
1145 1822 1364 1899 meridionali,
1380 1841 1414 1883 ac

147 1929 228 1989 inter
254 1929 319 1988 vias
343 1947 399 1987 seu
424 1927 545 2008 plateas
570 1947 759 1988 communes
783 1931 822 1987 ab
848 1928 971 1988 oriente
1005 1943 1035 1988 et
1060 1949 1076 1988 a
1101 1930 1335 2009 septemtrione
1360 1929 1411 1989 ha·

148 2035 224 2112 bita,
255 2034 394 2095 mediam
428 2035 549 2094 curiam
582 2035 612 2094 in
645 2054 678 2094 se
703 2035 889 2111 continens,
923 2036 953 2094 in
987 2034 1212 2095 concambium
1248 2034 1414 2096 cuiusdam

147 2139 237 2199 lundi
265 2141 359 2199 unius
384 2153 506 2219 quarte,
540 2154 624 2200 retro
658 2139 793 2201 lundum
829 2156 859 2201 et
893 2141 1028 2201 domum
1055 2155 1212 2202 muratam
1247 2141 1416 2222 hospitalis

148 2247 244 2307 nostri
272 2246 454 2306 communis
471 2245 582 2323 habiti,
607 2267 642 2307 ac
668 2248 807 2327 quedam
826 2262 907 2307 terra
925 2247 1055 2307 arabilis
1079 2247 1110 2306 in
1136 2266 1252 2327 campo
1277 2248 1414 2308 civitatis

148 2352 289 2433 predicte
315 2351 397 2412 inter
421 2366 536 2411 terram
563 2352 653 2412 l'auli
681 2353 921 2435 Sullrowyehyn
946 2367 976 2413 et
995 2353 1061 2413 vias
1085 2372 1277 2414 communes
1295 2352 1415 2429 habita,

148 2457 278 2518 Thome
304 2458 414 2518 Kozala
440 2471 470 2517 et
495 2458 608 2519 Vrsule
633 2478 688 2518 sue
707 2460 846 2519 consorti
876 2475 921 2519 est
938 2461 997 2520 sub
1023 2460 1175 2540 pendenti
1200 2460 1310 2540 sigillo
1329 2479 1417 2520 corn·

148 2564 313 2625 munitatis
337 2564 580 2645 privilegialiter
605 2563 803 2626 confirmata.

254 2670 330 2731 ltem
357 2670 511 2732 medietas
535 2671 700 2732 cuiusdam
727 2672 854 2749 domus,
887 2671 978 2732 fundi
1004 2686 1034 2733 et
1059 2670 1283 2733 hedificiorum
1314 2671 1416 2732 Elene

148 2777 291 2838 mulieris
316 2777 425 2838 relicte
450 2778 586 2838 condam
606 2778 758 2860 Stephani
785 2779 930 2840 Perstecz
949 2779 1030 2840 inter
1048 2779 1164 2839 domos
1188 2778 1272 2839 Petri
1300 2778 1418 2858 judicis

149 2883 293 2963 Hungari
320 2898 350 2944 et
376 2884 535 2944 Valentini
562 2886 704 2961 cultoris,
728 2883 899 2945 firmatoris
927 2905 1089 2961 vasorum,
1113 2884 1232 2963 habite,
1256 2905 1332 2966 pars
1357 2885 1416 2945 sci·

149 2990 223 3050 licet
247 2991 396 3065 anterior,
422 2989 506 3068 juxta
526 3006 674 3052 contenta
694 2991 784 3052 litere
814 2991 1021 3071 privilegialis
1046 3010 1142 3051 unam
1160 3006 1309 3072 quartam
1329 2992 1418 3052 curie

150 3097 181 3156 in
206 3115 238 3156 se
263 3097 440 3173 continens,
465 3116 522 3177 per
541 3096 712 3157 fassionem
738 3097 881 3158 eiusdem
901 3097 1001 3158 Elene
1028 3097 1171 3158 mulieris
1196 3097 1335 3159 Nicolao
1353 3118 1418 3158 sar·

148 3202 207 3263 tori
234 3200 302 3262 filio
328 3202 410 3263 lrran
437 3203 512 3263 dicti
539 3204 666 3285 Poyeya
692 3206 750 3264 sub
784 3203 936 3284 pendenti
960 3204 1068 3284 sigillo
1100 3204 1345 3265 communitatis
1369 3219 1417 3264 est

149 3308 392 3390 privilegialiter
416 3306 612 3370 confirmata.
