3142 5356
428 719 523 793 Faria
552 731 649 794 sexta
678 726 832 812 proxima
862 731 939 795 ante
968 723 1168 796 dominicam
1196 722 1326 814 Jndica.

781 898 844 970 (22.
867 895 993 967 martii).

357 1053 485 1115 ludices
509 1052 775 1135 dejudicaverunt
799 1073 927 1116 causam
952 1074 989 1116 ex
1013 1069 1103 1137 parte
1121 1052 1330 1135 Math(k)onis
1354 1053 1523 1116 inhabita·

252 1159 331 1222 toris
355 1159 494 1221 civitatis
511 1159 802 1242 Montisgrecensis,
820 1180 857 1223 ex
878 1173 967 1243 parte
985 1160 1099 1222 Vrsule
1113 1158 1177 1222 filie
1195 1158 1343 1221 Belchicz
1361 1159 1524 1242 Stephani

253 1266 293 1328 de
319 1265 433 1344 Obres‚
459 1284 520 1346 que
539 1264 598 1327 fuit
615 1268 733 1329 sororis
750 1267 859 1329 uxoris
875 1269 976 1350 prime
1001 1287 1056 1329 sue
1074 1265 1149 1346 lilia,
1174 1266 1261 1348 quod
1280 1266 1366 1327 idem
1384 1267 1524 1329 Mathko

250 1392 321 1434 cum
347 1372 489 1454 predicta
513 1372 627 1434 Vrsula
652 1371 797 1436 lecerunt
818 1373 881 1435 tale
906 1388 1072 1455 peccatum
1097 1387 1132 1434 ut
1156 1373 1215 1454 ipsi
1240 1386 1471 1453 cognoverunt
1488 1393 1523 1435 se

251 1479 419 1541 carnaliter
443 1479 611 1541 existentes
635 1481 666 1541 in
691 1481 775 1542 linea
808 1479 1125 1561 consanguineitatis,
1158 1477 1424 1559 dejudicaverunt
1456 1480 1515 1541 tali

251 1585 362 1664 modo,
379 1599 509 1668 propter
524 1585 587 1648 tale
603 1606 699 1668 grave
725 1601 891 1669 peccatum
918 1599 952 1647 ut
972 1585 1111 1648 debeant
1127 1585 1201 1667 igne
1225 1585 1371 1646 comburi
1389 1585 1422 1645 in
1439 1585 1516 1648 loco

250 1706 402 1754 consueto
426 1693 503 1754 feria
528 1708 613 1755 sexta
639 1707 711 1775 post
735 1693 1021 1754 Resurreccionem
1047 1691 1178 1753 Domini
1203 1691 1342 1753 secunda
1367 1705 1518 1772 ventura,

250 1812 282 1860 et
305 1799 437 1860 maritus
462 1799 561 1880 ipsius
585 1799 699 1861 Vrsule
724 1799 819 1861 debet
844 1799 919 1881 ipsis
943 1798 1101 1880 justiciam
1126 1798 1336 1860 aministrare.

357 1922 434 1984 ltem
460 1922 572 1984 eadem
599 1922 650 1984 die
675 1922 887 2001 dijudicatum
918 1936 965 1984 est
990 1943 1026 1984 ex
1059 1937 1148 2004 parte
1174 1921 1328 2004 Stephani
1361 1920 1418 1983 filii
1444 1942 1517 2004 pre·

250 2028 326 2090 dicti
351 2028 560 2110 Math(k)onis
585 2044 676 2090 etex
701 2044 789 2110 parte
807 2030 943 2092 Sthanse
960 2028 1107 2090 similiter
1132 2028 1355 2090 inhabitatoris
1371 2028 1517 2109 predicte

250 2135 395 2212 civitatis,
420 2135 637 2215 dejudicatum
663 2149 710 2197 est
733 2136 789 2197 tali
818 2136 929 2214 modo,
962 2134 1203 2217 propterquod
1237 2135 1296 2216 ipsi
1321 2153 1418 2216 supra
1443 2154 1515 2216 pre·

250 2242 367 2303 dictam
394 2242 541 2303 Vrsulam
567 2241 711 2305 fecerunt
727 2243 824 2304 talem
850 2244 981 2326 predam
1000 2259 1034 2304 ut
1057 2243 1117 2325 ipsi
1140 2243 1362 2304 laceraverunt
1386 2243 1516 2304 bursam

250 2367 322 2409 cum
347 2348 491 2430 pecuniis
523 2362 554 2410 et
577 2349 655 2410 alias
687 2369 737 2411 res
760 2350 860 2432 ipsius
885 2370 941 2432 per
964 2351 995 2411 vi
1024 2362 1223 2432 receperunt,
1248 2363 1284 2410 ut
1304 2349 1363 2432 ipsi
1395 2348 1516 2411 debent

251 2453 324 2515 duci
350 2454 388 2515 ad
415 2455 595 2536 patibulum
628 2471 658 2517 et
682 2455 802 2519 destrui
835 2476 907 2517 cum
940 2471 1009 2519 rota
1033 2469 1164 2538 propter
1195 2455 1258 2517 tale
1284 2453 1515 2517 malefactum

251 2561 394 2644 ipsorum
419 2575 454 2624 ut
477 2561 694 2642 manifestum,
727 2564 839 2625 eadem
872 2561 949 2625 feria
981 2577 1079 2642 sexta,
1103 2562 1181 2625 seria
1213 2561 1356 2624 secundo
1380 2575 1517 2623 ventura

249 2682 279 2730 ct
304 2669 432 2751 insupra
457 2670 733 2732 martirizaverunt
757 2670 859 2753 ipsam
885 2669 1044 2731 Vrsulam.

356 2793 433 2856 Item
458 2795 573 2857 eodem
598 2795 650 2858 die
668 2795 878 2877 dijudicatum
900 2810 946 2857 est
963 2815 999 2856 ex
1017 2808 1106 2876 parte
1130 2793 1238 2855 uxoris
1255 2793 1388 2875 predicti
1408 2793 1515 2856 Math-

250 2901 343 2962 lronis
367 2916 496 2983 propter
521 2902 609 2982 quod
634 2903 745 2964 dicunt
768 2917 802 2964 ut
826 2903 894 2984 ipsa
918 2903 1046 2963 miserat
1064 2899 1263 2982 Stephanum
1287 2898 1390 2961 lilium
1408 2900 1515 2962 Math-

250 3007 343 3068 konis
367 3028 425 3089 pro
451 3008 516 3089 ipsa
543 3008 655 3069 Vrsnla
680 3010 809 3070 racione
835 3023 869 3070 ut
885 3009 1033 3090 perderet
1056 3008 1110 3068 illa
1129 3010 1214 3068 bona
1238 3026 1294 3068 sua
1319 3025 1381 3087 que
1400 3005 1517 3069 habuit

250 3112 281 3173 in
307 3112 452 3194 deposito
474 3114 559 3195 apud
584 3115 696 3196 ipsam,
722 3131 755 3176 ut
784 3135 847 3176 non
866 3115 992 3176 vocavit
1017 3115 1117 3196 ipsam
1136 3127 1266 3194 propter
1289 3111 1515 3195 perdicionem

251 3220 410 3280 bonorum
433 3240 576 3298 suorum,
601 3221 696 3283 debet
720 3221 935 3302 juramentum
968 3234 1108 3301 prestare
1133 3219 1298 3281 terciamet
1322 3215 1399 3280 seria
1425 3231 1515 3282 sexta

251 3326 396 3406 proxima
421 3340 492 3407 post
515 3324 682 3387 velenicz'
707 3347 780 3388 cnm
803 3328 922 3390 talibus
954 3326 1143 3387 mulieribus
1166 3325 1248 3386 sicut
1272 3324 1339 3405 ipsa
1365 3338 1422 3386 est.

356 3448 505 3510 Tandem
530 3469 586 3531 per
616 3451 889 3532 supplicacionem
922 3449 1177 3511 reverendissimi
1204 3447 1327 3510 domini
1354 3447 1515 3511 Johannia

250 3555 391 3637 episcopi
412 3556 608 3618 varadiensis
633 3572 663 3618 et
687 3557 810 3618 domini
829 3557 992 3618 Dominici
1018 3557 1056 3616 de
1075 3556 1242 3617 Florencia
1271 3555 1515 3618 tricesimatoris

250 3661 335 3741 regie
362 3661 535 3740 Maiestatis
559 3663 648 3742 regni
667 3663 838 3724 Sclauonie
860 3677 917 3725 etc.
949 3661 1079 3744 prefatis
1104 3661 1270 3722 Mathltoni
1296 3675 1326 3722 et
1344 3659 1513 3742 Stephano

250 3765 316 3828 filio
341 3767 485 3829 eiusdem
510 3788 568 3830 nec
593 3789 657 3829 non
684 3769 818 3831 Sthansa
841 3789 935 3851 supra
960 3769 1079 3829 crimen
1106 3781 1136 3829 et
1160 3787 1218 3849 pro
1235 3767 1307 3828 aliis
1331 3767 1516 3829 excessibus

250 3873 392 3954 ipsorum
417 3875 638 3957 suprascriptis
663 3895 718 3957 per
742 3876 1007 3936 communitatem
1039 3874 1145 3955 gracia
1177 3872 1258 3934 lacta
1284 3885 1330 3933 est
1353 3872 1517 3954 capitibus

252 3980 407 4061 ipsorum,
433 3981 474 4041 ita
498 3994 616 4060 tamen,
642 3981 729 4062 quod
756 3982 888 4042 ulterius
913 3982 944 4042 in
976 3980 1137 4042 territorio
1169 3979 1264 4040 huius
1287 3979 1423 4040 civitatis
1448 3999 1516 4042 non

249 4102 455 4169 compareant
480 4107 537 4149 nec
569 4088 692 4169 ingredi
723 4089 958 4169 quoquomodo
991 4087 1138 4165 debeant,
1171 4106 1244 4146 casu
1276 4105 1352 4146 vero
1386 4086 1516 4148 contin-

248 4194 335 4274 genti
359 4195 384 4254 si
409 4193 459 4254 hic
484 4194 639 4274 comperti
665 4193 784 4255 fuerint
807 4209 884 4255 tunc
916 4194 992 4276 ipsis
1029 4192 1213 4254 huiusmodi
1246 4193 1352 4273 gracia
1377 4192 1515 4255 minime

249 4299 394 4360 videatur
418 4298 589 4380 suffragere
615 4313 645 4360 et
671 4300 736 4381 ipsa
762 4320 843 4382 pena
868 4320 963 4381 supra
991 4299 1172 4380 adjudicata
1197 4299 1292 4381 plecti
1317 4299 1468 4360 debeant.

356 4423 431 4485 Item
458 4423 497 4484 ad
523 4423 657 4485 eandem
683 4425 957 4506 supplicacionem
981 4424 1105 4485 domini
1142 4424 1284 4507 episcopi
1309 4424 1423 4486 Vrsule
1449 4444 1515 4506 que

250 4529 280 4590 in
306 4530 421 4592 eodem
447 4530 581 4592 crimine
606 4544 729 4613 reperta
759 4529 817 4591 fuit
849 4531 996 4591 similiter
1027 4551 1083 4612 per
1107 4531 1371 4592 communitatem
1405 4530 1515 4592 eidem

248 4637 352 4716 gracia
377 4633 457 4699 sacta
481 4636 563 4718 (est).

353 4847 366 4874 *
385 4848 442 4897 vela
462 4850 512 4898 nod
536 4879 561 4884 —-
584 4865 676 4913 magna
695 4864 746 4897 nox
768 4878 798 4886 —
820 4850 989 4899 Resurrectio
1009 4851 1124 4900 Domini.
