3156 5364
489 480 575 538 Anno
598 475 690 555 1506.
713 513 757 523 —
780 493 830 557 23.
847 481 998 556 januaris.

113 690 253 754 carnifex
276 691 409 773 quando
434 690 494 752 fuit
517 692 713 768 verberatus,
737 709 865 752 summo
896 710 990 752 mane
1023 704 1140 753 eotunc
1165 691 1311 772 proxime
1335 711 1382 752 se·

114 798 226 882 quenti
251 817 358 860 coram
385 796 516 880 prefatis
539 797 675 860 testibus
699 816 890 880 comparens
917 798 1022 880 ipsum
1048 798 1230 860 iohannem
1254 800 1382 861 certitu·

113 904 263 968 dinaliter
287 917 503 988 expurgasset,
528 904 617 986 quod
645 903 798 966 videlicet
828 903 914 966 idern
941 904 1103 966 lohannes
1126 919 1216 967 sutor
1240 905 1381 968 eundem

112 1033 176 1076 non
201 1012 408 1096 percussisset
422 1030 480 1073 nec
504 1010 566 1072 sibi
579 1024 662 1072 esset
678 1009 849 1092 culpabilis
863 1030 968 1092 neque
985 1011 1046 1072 sibi
1063 1010 1233 1092 quitquam
1248 1009 1382 1093 dampni

114 1134 143 1183 et
167 1118 353 1182 detrimenti
382 1115 474 1196 lecit,
498 1116 593 1199 jurati
627 1117 735 1199 itaque
768 1117 935 1179 audientes
967 1118 1134 1180 ambarum
1169 1117 1385 1199 allegaciones

112 1226 333 1304 decreverunt,
358 1224 446 1306 quod
471 1222 614 1306 prefatus
642 1223 805 1285 lohannes
836 1224 897 1285 sibi
921 1223 1021 1286 nichil
1053 1225 1253 1306 obligaretur
1276 1243 1382 1306 neque

113 1347 223 1395 contra
248 1332 388 1394 eundem
414 1331 447 1392 in
471 1330 583 1413 aliquo
608 1330 758 1392 convinci
782 1345 888 1413 potest
912 1351 970 1392 nec
999 1330 1102 1408 valet;
1126 1351 1222 1414 super
1245 1350 1311 1412 quo
1335 1329 1382 1412 ju-

113 1439 198 1501 dicio
222 1457 279 1500 seu
303 1437 344 1500 de
369 1457 432 1519 qua
466 1436 713 1519 adjudicacione
744 1435 887 1520 prefatus
917 1437 1109 1499 Valentinus
1140 1439 1274 1500 minime
1308 1456 1382 1500 cou-

113 1559 220 1608 tentus
244 1543 420 1627 appellavit
443 1543 484 1604 ad
508 1543 662 1605 seniores.

218 1651 359 1714 Causam
384 1650 467 1712 inter
483 1650 606 1712 Lucam
623 1649 783 1712 Kolowoz
800 1649 840 1712 de
864 1650 936 1712 vico
953 1664 1099 1713 sutorum
1124 1665 1155 1713 et
1178 1651 1382 1715 Clementem

112 1760 151 1822 de
176 1761 337 1843 Pobresye
355 1759 486 1821 racione
503 1758 768 1840 interempcionis
785 1758 952 1820 cuiusdam
976 1760 1065 1842 porci
1084 1760 1160 1822 dicti
1179 1761 1276 1839 Luce,
1293 1758 1381 1841 quod

112 1868 262 1930 videlicet
286 1867 391 1929 dictus
416 1865 569 1929 Clemens
602 1864 766 1946 quendam
799 1885 932 1947 porcum
966 1866 1065 1948 ipsius
1090 1867 1175 1928 Luce
1200 1866 1289 1927 omni
1313 1866 1382 1928 sine

113 1975 206 2057 culpa
232 1988 262 2035 et
286 1974 429 2055 dampno
454 1973 486 2033 in
511 1970 659 2052 frugibus
676 1971 742 2033 suis
768 1971 981 2033 interemisset
1002 1985 1033 2034 et
1057 1992 1122 2054 quo
1139 1993 1194 2035 sue
1211 1973 1383 2056 placuisset

112 2080 270 2143 voluntati
295 2079 430 2157 fecisset,
457 2079 509 2140 ubi
530 2079 596 2161 ipse
616 2079 718 2140 Lucas
735 2078 836 2140 eciam
853 2077 1003 2140 homines
1031 2078 1212 2161 fidedignos
1228 2094 1259 2142 et
1276 2080 1382 2157 gravis

114 2187 278 2269 opinionis
300 2185 340 2246 ad
365 2184 541 2246 videndum
568 2184 723 2245 damnum
741 2184 892 2263 duxisset,
918 2185 974 2266 qui
991 2186 1135 2248 animose
1153 2186 1233 2248 illud
1258 2185 1379 2269 perspi·

113 2306 219 2355 cantes
243 2292 289 2354 nil
313 2292 434 2353 ibidem
461 2290 593 2371 dampni
618 2291 678 2351 sibi
703 2310 760 2372 per
784 2291 888 2372 ipsum
907 2311 1040 2374 porcum
1066 2292 1146 2354 illati
1172 2293 1380 2371 invenissent,

113 2398 204 2479 iurati
229 2399 408 2480 judicantes
425 2397 647 2475 decreverunt,
665 2397 753 2479 quod
771 2398 837 2479 ipse
855 2397 1008 2460 Clemens
1024 2399 1105 2480 juste
1130 2399 1223 2462 illum
1241 2418 1375 2482 porcum

113 2505 326 2568 interemisset
349 2518 381 2565 et
404 2503 465 2565 sibi
490 2522 563 2565 cum
583 2503 652 2585 ipso
678 2503 877 2584 obligaretur
893 2505 969 2585 quia
985 2505 1142 2587 legittima
1160 2526 1254 2567 causa
1272 2506 1379 2587 requi·

111 2626 200 2675 rente
224 2610 362 2690 fecisset,
386 2609 540 2691 quodque
566 2609 772 2671 interdictum
804 2630 821 2670 a
845 2612 1076 2674 communitate
1109 2625 1192 2674 esset
1216 2625 1247 2674 et
1271 2633 1288 2674 a
1312 2611 1382 2694 jure

111 2718 199 2800 quod
234 2737 331 2780 nemo
364 2717 525 2778 armencia
558 2735 687 2798 queque
719 2736 848 2798 pascere
882 2717 1014 2780 deberet
1041 2718 1073 2779 in
1098 2716 1244 2798 frugibus
1267 2737 1324 2780 seu
1348 2718 1380 2780 in

108 2825 180 2886 aliis
205 2824 465 2906 quibuscumque
491 2823 654 2904 segetibus
678 2836 709 2884 et
734 2821 904 2885 frumentis
932 2824 1110 2906 dampnum
1135 2823 1250 2903 facere,
1274 2827 1329 2887 ubi
1354 2825 1380 2886 si

108 2931 181 3012 quis
206 2930 351 2992 invenire
376 2942 484 3013 posset
507 2949 637 3011 queque
661 2929 814 2991 animalia
832 2943 863 2991 et
892 2931 1043 3014 precipue
1068 2951 1184 3014 porcos
1206 2931 1287 3012 juste
1312 2952 1380 2994 ver·

107 3037 222 3099 berare
248 3048 279 3099 et
311 3037 494 3098 interimere
525 3051 633 3118 posset
663 3037 694 3097 in
727 3056 786 3098 suo
819 3037 980 3118 dampno;
1012 3037 1142 3120 dequo
1167 3037 1288 3119 judicio
1312 3039 1380 3121 ipse

104 3143 215 3207 Lucas
238 3162 304 3205 non
329 3157 499 3206 contentus
522 3143 698 3226 appellavit
722 3143 763 3205 ad
787 3144 930 3206 seniores
953 3144 1087 3226 judices.

320 3378 416 3454 feria
444 3389 544 3454 sexta
571 3388 650 3454 ante
679 3380 913 3456 Conversionls
941 3385 1031 3457 beati
1063 3384 1169 3456 Pauli.

516 3547 579 3613 (23.
594 3538 748 3613 januarii,
771 3556 842 3598 ann.
866 3536 970 3614 1506).

218 3676 324 3739 Causa
349 3676 432 3738 inter
465 3676 701 3758 Margaretham
733 3697 877 3740 sororem
911 3679 1049 3741 condam
1078 3679 1227 3762 Gregorii
1253 3680 1379 3740 Kosko-

107 3782 202 3867 wych
228 3795 260 3843 et
284 3781 435 3844 lambrek
452 3796 593 3844 sutorem
611 3783 740 3845 racione
763 3784 879 3846 domus
896 3799 928 3848 et
943 3785 1082 3848 aliorum
1100 3788 1262 3848 bonorum
1280 3785 1380 3867 ipsius

109 3889 250 3951 condam
275 3888 491 3973 Koskowycb‚
507 3903 579 3971 post
600 3889 691 3951 cuius
716 3890 880 3953 decessum
899 3912 978 3955 uxor
1002 3910 1059 3956 sua
1084 3912 1182 3975 quam
1209 3893 1276 3975 ipse
1294 3892 1378 3953 Jam-

110 3996 188 4057 brek
214 3993 326 4056 habuit
340 4013 478 4056 unacum
496 3995 642 4078 prolibus
667 4016 705 4058 ex
722 3996 792 4078 ipso
810 3998 1015 4081 Koskowych
1033 3998 1208 4081 procreatis
1232 3998 1379 4059 intestata

110 4100 257 4178 decessit,
281 4100 336 4162 ubi
360 4101 429 4183 ipsa
454 4101 539 4163 bona
571 4101 655 4164 dicta
681 4103 881 4185 Margaretba
915 4104 1047 4186 juridice
1073 4105 1113 4165 ad
1139 4105 1277 4166 eandem
1303 4123 1377 4165 con·

110 4205 315 4269 descendisse
346 4207 469 4286 asserit,
496 4205 589 4287 jurati
618 4208 854 4288 adjudicarunt,
876 4210 964 4291 quod
980 4211 1116 4273 eandem
1142 4210 1376 4292 Margaretbam

111 4313 143 4374 iu
168 4312 297 4375 civitate
322 4326 430 4375 nostra
454 4311 553 4375 nichil
578 4315 743 4376 concernit
771 4335 809 4376 ex
834 4335 899 4396 quo
923 4317 991 4398 ipsa
1016 4337 1088 4379 cum
1114 4317 1229 4379 eodem
1254 4317 1378 4378 nullam

110 4419 299 4502 porcionem
324 4420 357 4482 in
382 4419 534 4482 domibus
558 4439 616 4482 nec
640 4421 711 4482 aliis
736 4420 893 4502 habuerit,
917 4423 972 4485 sed
991 4424 1058 4505 ipse
1083 4425 1220 4506 propriis
1243 4424 1309 4485 suis
1326 4443 1378 4485 ex·

112 4526 220 4608 pensis
244 4545 316 4588 cum
341 4545 440 4589 uxore
464 4546 521 4588 sua
546 4541 694 4589 emerunt
718 4541 749 4591 et
773 4528 1018 4611 disposuerunt;
1043 4550 1115 4611 pars
1138 4544 1245 4591 tamen
1271 4530 1376 4591 media

112 4631 229 4694 domus
252 4645 284 4695 et
306 4633 399 4696 vinee
424 4652 480 4716 per
505 4634 609 4696 bonos
640 4635 726 4696 viros
751 4635 917 4698 estimetur
948 4649 979 4696 et
1002 4656 1059 4718 per
1091 4637 1195 4718 ipsum
1228 4637 1377 4698 Jambrelc

112 4739 276 4802 solventur
299 4739 325 4801 si
349 4738 468 4802 habere
485 4740 624 4802 voluerit
647 4753 678 4802 et
695 4761 753 4823 pro
778 4742 946 4804 animabus
964 4742 1107 4824 ipsorum
1131 4741 1269 4804 condam
1295 4741 1375 4803 Kos·

112 4843 247 4928 kowych
280 4858 311 4907 et
343 4846 453 4907 uxoris
475 4865 531 4908 sue
556 4860 775 4928 exponantur3
809 4846 1023 4929 prefatavero
1049 4846 1248 4929 Margaretba
1266 4847 1305 4908 de
1329 4847 1377 4929 ju·

113 4949 198 5014 dicio
220 4949 398 5033 juratorum
424 4971 489 5014 non
514 4966 663 5014 contenta
688 4953 863 5036 appellavit
885 4953 925 5015 ad
949 4955 1091 5016 seniores
1115 4953 1246 5037 judices.
