3142 5356
511 532 708 603 Anno1505.
737 560 778 570 —
796 543 851 605 31·
867 529 1022 604 januarii.
1340 548 1398 612 ¹49

133 630 552 641 --———-—.-.-—-—
970 636 1396 647 ——-......---—-—-

275 740 370 818 teria
399 749 497 818 sexta
527 751 561 818 in
590 748 739 836 profesto
768 749 1001 821 Conversionis
1029 751 1120 820 besti
1151 746 1256 820 Pauli.

529 901 598 983 (24.
614 905 766 980 januarii,
789 922 859 966 ann.
886 905 992 980 1505).

236 1042 400 1125 Georgius
416 1043 562 1106 literatus
579 1044 754 1105 modernus
767 1043 888 1126 juratus
905 1060 1014 1106 contra
1032 1045 1205 1108 discretum
1226 1046 1397 1107 dominum

128 1149 333 1212 Anthonium
357 1151 544 1229 altaristam,
567 1151 674 1234 primo
698 1151 811 1212 citatus
835 1149 912 1232 (non
938 1151 1141 1234 comparuit).

235 1257 361 1318 Eodem
387 1257 439 1318 die
457 1257 603 1319 Andreas
619 1255 761 1320 carnifex
779 1271 889 1318 contra
915 1256 1109 1340 Gregorium
1128 1258 1273 1320 Turchin
1292 1260 1397 1343 primo

127 1363 243 1425 citatus
268 1383 333 1427 non
359 1365 550 1447 comparuit.

234 1470 360 1532 Eodem
386 1471 438 1533 die
456 1491 550 1534 causa
576 1471 657 1533 inter
674 1471 817 1534 iwanum
834 1473 995 1534 seniorem
1019 1471 1159 1553 judicem
1185 1486 1216 1534 et
1232 1473 1395 1534 Thomam

127 1577 305 1659 agricolam
337 1578 467 1640 racione
500 1578 667 1641 cuiusdam
700 1578 794 1640 vinee
826 1597 883 1660 per
914 1578 1055 1645 eundem
1088 1579 1230 1639 [wanum
1255 1578 1395 1660 judicem

126 1684 252 1767 prefato
270 1684 400 1746 Thome
417 1699 560 1767 emptam
585 1697 616 1747 et
632 1685 773 1766 quadam
797 1686 1017 1747 convencione
1035 1699 1066 1747 et
1079 1685 1295 1767 disposicione
1314 1685 1396 1747 inter

126 1791 213 1872 ipsos
245 1791 365 1871 habita,
397 1792 440 1853 ita
464 1790 553 1873 quod
586 1790 678 1872 jurati
711 1790 946 1873 adjudicarunt,
980 1792 1067 1873 quod
1092 1792 1184 1852 vinea
1218 1806 1265 1854 est
1289 1791 1395 1853 existi·

126 1912 222 1976 mata,
248 1912 345 1979 prout
368 1896 441 1960 fassi
460 1897 591 1959 fuerunt
606 1898 817 1977 estimatores‚
842 1912 915 1960 octo
932 1897 1002 1959 flor.
1027 1898 1058 1959 in
1085 1899 1208 1960 cultura
1233 1911 1264 1960 et
1280 1899 1392 1960 vinum

126 2004 214 2085 quod
241 2005 395 2066 excrescit
419 2024 515 2086 super
532 2004 682 2082 eandem,
707 2024 805 2087 penes
822 2005 1072 2086 disposicionem
1092 2005 1234 2087 ipsorum
1260 2005 1395 2066 omnino

127 2111 328 2173 existimatur
352 2124 383 2174 et
407 2112 526 2173 valoris
554 2109 676 2193 prefate
701 2111 794 2173 vince
818 2110 977 2173 addantur
1000 2132 1056 2194 per
1088 2111 1227 2173 eundem
1252 2110 1394 2173 iwanum

125 2216 286 2297 judicem3
300 2231 404 2299 partes
416 2220 511 2280 ambe
526 2237 591 2279 non
606 2231 757 2280 contente
767 2217 822 2278 sed
836 2218 1040 2300 appellarunt
1053 2217 1093 2279 ud
1107 2218 1249 2279 seniores
1262 2217 1393 2299 judices.

232 2324 359 2386 Eodem
384 2325 435 2386 die
453 2345 547 2386 causa
572 2325 655 2387 inter
679 2324 834 2386 Mathiam
852 2323 1025 2406 pellificem
1050 2339 1080 2385 et
1106 2326 1224 2386 Lucam
1249 2337 1393 2386 sutorem

125 2431 254 2492 racione
281 2432 502 2513 percussionis
535 2430 648 2513 prefati
681 2430 801 2492 Mathie
837 2432 947 2492 matris
978 2451 1034 2492 sue
1058 2432 1091 2492 in
1123 2431 1223 2493 domo
1248 2431 1392 2492 eiusdem

127 2537 224 2614 Luce,
256 2537 350 2617 jurati
384 2536 620 2618 adjudicarunt,
653 2536 742 2619 quod
767 2537 867 2618 (quia)
901 2536 1021 2619 prefata
1046 2537 1163 2599 mulier
1194 2537 1234 2599 ad
1259 2537 1392 2598 domum

125 2664 215 2705 suam
241 2645 282 2706 ad
305 2645 551 2707 contencionem
570 2645 658 2706 venit
681 2644 792 2726 ibique
811 2645 932 2706 dictum
951 2645 1072 2706 Lucam
1096 2644 1300 2726 vituperavit,
1325 2664 1394 2726 pre-

124 2747 206 2813 fatus
231 2771 309 2813 vero
335 2751 438 2813 Lucas
469 2751 607 2814 eandem
635 2751 726 2833 quasi
760 2751 887 2812 duabus
918 2751 1043 2812 vicibus
1067 2750 1203 2814 eandem
1235 2751 1327 2813 trusit
1351 2750 1390 2812 de

126 2857 225 2920 domo
249 2878 318 2938 aua,
343 2872 374 2920 et
401 2857 553 2940 quitquid
574 2877 658 2919 unus
682 2869 793 2920 contra
817 2857 954 2918 alterum
979 2855 1053 2919 fecit
1077 2857 1110 2918 id
1133 2857 1287 2939 paciatur.

125 3094 220 3168 Feria
249 3106 349 3169 sexta
386 3089 539 3187 proxima
568 3104 646 3168 ante
682 3097 806 3169 festum
835 3091 1092 3171 Purificacionis
1130 3098 1247 3172 sancte
1275 3101 1391 3173 Marie.

624 3254 687 3328 (31.
703 3251 874 3328 januarii).

231 3389 394 3472 Georgius
417 3392 562 3454 literatus
587 3393 626 3454 ad
652 3393 841 3455 instanciam
859 3395 987 3458 discreti
1012 3395 1137 3457 domini
1162 3396 1319 3459 Anthonii
1342 3418 1390 3461 se·

125 3499 232 3561 cundo
258 3499 373 3560 citatus
397 3518 462 3560 non
488 3501 678 3583 comparuit.

228 3604 376 3668 Andreas
401 3604 540 3668 carnifex
565 3621 675 3667 contra
698 3605 892 3689 Gregorium
911 3606 1088 3692 Thurchyn
1112 3609 1255 3672 secundo
1277 3611 1391 3674 citatus

123 3730 188 3772 non
213 3711 405 3794 comparuit.

227 3819 367 3881 Jacobus
391 3833 510 3880 eotunc
534 3819 674 3880 decanus
699 3833 808 3881 contra
838 3819 1039 3902 Stephanum
1065 3819 1259 3903 freuiparem
1284 3823 1389 3905 primo

121 3925 236 3988 citatus
260 3945 326 3988 non
352 3926 542 4007 comparuit.

227 4031 407 4114 Gregorius
429 4046 520 4096 sutor
543 4047 652 4094 contra
670 4032 851 4095 Johunnem
868 4034 1031 4096 literatum
1057 4032 1158 4096 filium
1186 4035 1292 4118 Segyn
1310 4037 1387 4098 dicti

119 4140 226 4223 primo
249 4140 367 4202 citatus
391 4159 456 4201 oon
481 4140 672 4221 comparuit.
