3142 5356
648 503 734 560 Anno
757 497 852 579 1486.
872 534 916 545 -
936 514 970 575 9.
986 502 1080 576 junii.

343 719 422 780 Item
455 716 572 778 eodom
606 715 658 776 die
691 734 819 775 causam
851 715 933 776 inter
958 713 1096 775 Paulum
1128 713 1326 776 aurifabrum
1359 729 1391 776 et
1422 715 1505 777 inter

236 827 399 889 Andream
425 823 492 887 Lab
518 823 649 886 racione
684 822 897 903 quarumdam
930 821 1135 883 solucionum
1160 822 1368 903 pecuniarum
1394 836 1425 885 et
1448 842 1505 906 per

135 1004 140 1011 ,
238 935 343 1016 ipsum
371 932 507 993 Paulum
532 928 730 991 aurifabrum
755 929 794 990 ad
820 929 962 990 seniores
985 927 1108 1010 judices
1140 927 1200 990 fuit
1223 928 1432 1011 appellatum,
1455 949 1504 992 se·

237 1041 344 1102 niores
367 1051 474 1099 autem
499 1036 622 1119 judices
645 1035 751 1097 taliter
783 1034 1057 1116 adjudicaverunt,
1089 1033 1179 1116 quod
1210 1034 1356 1096 Andreas
1379 1034 1447 1097 Lah
1470 1035 1503 1097 in

239 1165 375 1229 persona
400 1143 548 1206 omnium
574 1143 735 1204 sociorum
760 1161 891 1203 suorum
924 1140 1140 1222 juramentum
1165 1139 1262 1203 debet
1284 1139 1447 1223 deponere
1471 1141 1504 1203 in

237 1273 291 1314 ara
315 1265 422 1313 sancte
447 1250 560 1312 Crucis
579 1248 785 1330 quindecima
810 1247 862 1310 die
887 1245 1000 1309 aferia
1023 1261 1191 1329 sextaque
1214 1261 1261 1308 est
1277 1246 1360 1308 inter
1376 1262 1505 1310 octavas

238 1358 475 1436 penthecostes,
500 1376 556 1438 per
580 1355 845 1417 consuetudinem
871 1354 1016 1417 civitatis.

344 1465 422 1527 Item
440 1463 555 1525 eodem
574 1462 625 1523 die
643 1481 772 1523 causam
798 1462 880 1523 inter
896 1461 1054 1521 Jacobum
1072 1460 1191 1543 Sporar
1207 1474 1239 1522 et
1255 1460 1336 1521 inter
1359 1461 1504 1523 relictam

236 1571 402 1633 Thurchin
420 1570 550 1632 racione
560 1568 775 1650 quorumdam
790 1568 886 1629 trium
901 1567 970 1629 flor.
985 1568 1219 1650 pertinencium
1233 1567 1273 1629 ad
1283 1567 1504 1630 destruitatem

237 1693 268 1740 et
292 1698 348 1760 per
371 1678 473 1759 ipsam
497 1676 642 1737 relictam
667 1675 814 1736 Turchin
838 1674 877 1736 ad
903 1675 1047 1736 seniores
1063 1674 1186 1756 judices
1210 1673 1271 1736 suit
1295 1674 1506 1757 appellatum,

238 1785 381 1845 seniores
406 1796 513 1845 autem
538 1781 642 1843 taliter
672 1781 948 1863 adjudicaverunt,
982 1781 1070 1862 quod
1104 1781 1242 1842 Jacobus
1267 1779 1386 1863 Sporar
1410 1781 1507 1844 debet

240 1892 401 1972 deponere
427 1891 640 1971 juramentum
667 1888 698 1948 in
724 1909 776 1949 ara
800 1902 907 1949 sancte
933 1887 1046 1949 Crucis
1078 1887 1285 1968 quindecima
1309 1887 1362 1949 die
1385 1908 1404 1949 a
1426 1886 1504 1951 feria

239 2012 325 2058 sexta
350 2016 412 2078 que
445 2010 491 2056 est
515 1996 596 2056 inter
620 2008 748 2055 octavas
780 1993 1006 2056 Penthecostes
1037 2007 1168 2076 propter
1201 1993 1353 2075 pecunias
1388 2013 1505 2076 preno-

239 2117 319 2164 tatas
342 2103 520 2163 secundum
546 2100 810 2162 consvetudinem
836 2100 981 2162 civitatis.

346 2209 424 2270 Item
457 2207 572 2269 eodem
607 2208 658 2268 die
686 2226 813 2268 causam
847 2207 929 2268 inter
958 2206 1159 2267 Demetrium
1186 2205 1268 2268 Sicci
1293 2220 1324 2267 et
1347 2206 1431 2268 inter
1455 2207 1506 2268 Ja-

239 2317 356 2376 cobum
382 2329 537 2376 sartorem
556 2326 685 2396 propter
703 2312 867 2394 quandam
892 2313 1019 2374 vineam
1038 2332 1135 2393 quam
1159 2311 1348 2374 vendiderat
1371 2311 1506 2374 honesta

242 2422 374 2482 domina
409 2420 602 2500 Margaritha
636 2419 795 2480 Verichna
827 2420 911 2481 dicta
936 2439 1015 2480 uxor
1047 2418 1161 2501 prefati
1186 2414 1297 2480 Jacobi
1320 2419 1452 2481 sartoris
1476 2433 1507 2482 et

241 2547 298 2609 per
323 2528 427 2608 ipsum
454 2527 608 2587 Jacobum
641 2541 795 2587 sartorem
820 2526 859 2586 ad
893 2526 1034 2587 seniores
1059 2525 1180 2606 judices
1210 2523 1271 2587 fuit
1294 2525 1506 2607 appellatum,

239 2633 382 2695 seniores
406 2646 513 2693 autem
539 2631 661 2711 judices
684 2633 790 2693 taliter
816 2632 1091 2711 adjudicaverunt,
1115 2632 1203 2712 quod
1221 2632 1405 2695 Demetrius
1421 2632 1505 2696 Sicci

240 2740 335 2801 debet
359 2739 576 2818 juramentum
610 2738 772 2819 deponere
802 2740 834 2799 in
866 2760 919 2800 ara
951 2753 1058 2800 sancte
1091 2737 1204 2800 Crucis
1228 2736 1306 2799 feria
1330 2753 1417 2801 sexta
1441 2759 1505 2822 que

239 2861 286 2908 est
298 2847 380 2908 inter
403 2859 532 2907 octavas
551 2845 786 2924 penthecostes,
811 2865 962 2926 supereo
980 2845 1067 2926 quod
1094 2845 1223 2927 insuper
1248 2843 1388 2907 fructum
1405 2866 1506 2928 quem

239 2953 350 3014 habuit
374 2953 413 3012 de
440 2953 550 3028 vinea;
584 2965 882 3033 quantumcumque
915 2952 1041 3031 jurabit,
1072 2953 1211 3014 Jacobus
1243 2952 1404 3032 exsolvat3
1436 2954 1508 3035 ipse

240 3059 325 3120 idem
351 3059 488 3120 Jacobus
520 3073 621 3120 sartor
653 3079 717 3120 non
743 3072 912 3120 contentus
943 3060 1118 3140 appellavit
1150 3060 1190 3121 ad
1215 3060 1403 3141 magistrum
1435 3060 1507 3123 tha·

240 3185 464 3228 werntcorum.

375 3402 470 3475 Feria
497 3413 593 3476 sexta
623 3409 777 3494 proxima
806 3414 884 3476 ante
913 3407 1034 3477 testum
1076 3405 1165 3477 beati
1194 3407 1356 3479 barnabe.

785 3562 828 3633 (9.
846 3561 952 3635 jum'i).

347 3700 424 3760 ltem
451 3718 544 3760 causa
577 3700 658 3759 inter
683 3698 881 3780 Stephanum
914 3701 1075 3762 literatum
1100 3715 1131 3762 et
1156 3701 1387 3763 Maximianum
1421 3705 1508 3766 auri·

241 3806 377 3882 fabrum,
410 3805 577 3886 quomodo
610 3805 695 3866 idem
728 3807 942 3868 Maximianus
974 3821 1171 3888 percusserat
1199 3827 1272 3869 cum
1303 3827 1416 3890 pugno
1448 3829 1510 3892 per

240 3911 376 3973 forcium
403 3912 540 3972 eundem
560 3912 757 3994 Stephanum
783 3913 943 3975 literatum
969 3934 1070 3995 usque
1107 3915 1147 3976 ad
1171 3928 1288 3977 terram
1313 3917 1509 3998 prostrando

242 4019 274 4080 in
298 4033 399 4079 teatro
424 4019 510 4099 regie
535 4019 672 4080 civitatis
696 4033 726 4080 et
751 4019 853 4080 libero
878 4040 985 4082 coram
1018 4022 1127 4083 multis
1158 4023 1299 4083 cuiusvis
1323 4036 1422 4086 status
1445 4023 1508 4086 ho·

241 4125 392 4203 minibus,
417 4124 510 4204 jurati
547 4125 823 4204 adjudicaverunt,
856 4128 943 4207 quod
978 4127 1064 4189 idem
1096 4129 1313 4190 Maximianus
1343 4127 1510 4192 aurifaber

241 4230 393 4290 remansit
417 4230 522 4291 eidem
549 4231 712 4313 Stephano
744 4233 870 4294 literato
898 4248 1028 4315 propter
1063 4235 1301 4315 percussionem
1335 4235 1365 4295 in
1391 4234 1510 4315 viginti

241 4337 384 4417 quinque
402 4338 527 4416 marcis,
545 4337 655 4419 juratis
679 4360 755 4400 vero
774 4342 805 4401 in
824 4361 906 4418 una;
924 4341 1009 4404 idem
1032 4342 1212 4424 Stephanus
1228 4343 1373 4405 literatus
1395 4345 1511 4426 appel·

240 4443 317 4504 lavit
338 4443 378 4502 ad
402 4443 554 4506 seniores.

350 4549 426 4609 Item
451 4570 546 4611 causa
572 4553 654 4613 inter
686 4552 865 4614 Fabianum
897 4554 1035 4635 juratum
1061 4569 1092 4616 et
1116 4555 1316 4620 Demetrium
1351 4570 1511 4620 sartorem

243 4670 371 4738 propter
395 4656 618 4738 prodicionem
651 4658 767 4720 domus
799 4661 942 4722 eiusdem
972 4662 1128 4725 Demetrii
1160 4664 1300 4741 sartoris,
1324 4662 1417 4744 jurati
1450 4665 1512 4728 ad·

242 4761 475 4842 judicaverunt,
500 4764 589 4844 quod
615 4765 701 4825 idem
726 4765 909 4829 Demetrius
941 4770 1029 4851 prius
1052 4789 1146 4852 super
1177 4769 1415 4851 querimoniam
1439 4791 1512 4836 non

241 4867 301 4930 fuit
325 4889 495 4951 quousque
525 4871 587 4932 sibi
620 4869 797 4954 dampnum
834 4874 908 4936 inde
941 4877 1064 4954 evenit,
1096 4895 1155 4957 pro
1187 4875 1331 4959 dampno
1353 4895 1413 4939 suo
1443 4879 1511 4944 sibi

241 4972 379 5036 fundum
405 4976 498 5038 illum
523 4978 648 5043 habeat.
673 4979 752 5058 (sic).
