3142 5356
732 273 930 349 Ann01427.

310 485 386 547 ltem
412 485 547 568 provida
572 484 688 545 mulier
713 484 814 545 Cassa
847 500 959 547 vocata
985 483 1048 546 filia
1074 482 1234 566 Dyouisii,
1259 482 1373 543 relicta
1398 500 1480 542 con·

202 592 276 652 dam
303 591 406 668 Pauli,
431 591 573 652 concivis
597 604 714 666 nostra,
740 592 886 652 vendidit
921 591 1126 653 medietatem
1159 588 1329 653 cuiusdam
1354 588 1472 649 domus

204 698 234 758 in
261 698 423 758 vicinitate
449 697 621 758 domorum
640 712 670 758 et
695 695 869 758 fundorum
892 699 991 760 Lucie
1009 697 1191 758 Santinicza
1208 695 1294 757 dicte
1320 709 1352 756 et
1372 695 1470 755 Beue·

204 803 280 865 dicti
306 803 389 880 ruffi,
415 817 596 864 nostrorum
615 803 810 881 concivium,
835 817 956 885 partem
975 803 1096 865 scilicet
1121 802 1348 884 posteriorem,
1374 819 1463 862 unam

205 923 352 991 quartam
378 911 408 970 iu
435 929 467 970 se
492 910 724 988 continentem,
748 911 844 971 simul
869 931 942 972 cum
960 910 1132 971 medietate
1157 907 1249 971 fundi
1274 922 1307 969 et
1331 907 1463 981 cellarii;

203 1016 294 1077 cuius
326 1016 461 1093 domus,
498 1014 588 1076 fundi
622 1035 651 1076 et
686 1017 806 1078 cellarii
839 1017 935 1077 aliam
968 1030 1090 1098 partem
1124 1015 1245 1077 scilicet
1277 1014 1463 1076 anteriorem

202 1137 325 1204 partem
353 1122 438 1182 idem
465 1122 576 1183 Petrus
599 1121 661 1200 jam
695 1123 869 1184 literatorie
902 1123 1079 1184 dinoscitur
1103 1122 1278 1203 possidere,
1304 1140 1379 1182 cum
1404 1138 1464 1181 om·

203 1229 298 1289 nibus
323 1228 465 1289 eiusdem
492 1229 588 1309 partis
612 1229 808 1310 posterioris,
835 1230 930 1290 unius
954 1243 1077 1310 quarte,
1102 1228 1296 1289 utilitatibus
1320 1240 1352 1288 et
1376 1225 1465 1308 perti·

205 1335 328 1396 nenciis
352 1335 519 1412 universis,
555 1335 660 1395 eidem
692 1336 783 1397 Petro
818 1335 921 1414 jurato
947 1350 1057 1396 nostro
1090 1334 1249 1395 moderno
1273 1353 1333 1415 pro
1359 1334 1464 1394 decern

202 1441 271 1505 flor.
296 1442 364 1501 auri
390 1441 535 1502 vendidit
562 1454 718 1523 perpetuo
744 1441 983 1523 possidendam.

307 1548 384 1609 ltem
417 1547 571 1628 providus
603 1548 740 1609 condam
775 1549 822 1608 vir
855 1548 993 1609 Michael
1026 1548 1104 1608 olim
1139 1546 1234 1626 judex
1265 1561 1297 1608 et
1329 1546 1467 1608 concivis

201 1669 309 1715 noster
334 1652 419 1714 filius
452 1654 616 1735 Symonis,
649 1654 812 1735 quandam
847 1655 1037 1736 particulam
1062 1655 1155 1714 vinee
1189 1655 1222 1714 in
1247 1668 1359 1715 nostro
1383 1653 1466 1714 terri·

200 1761 284 1823 torio
310 1760 391 1821 inter
415 1760 525 1821 vineas
544 1780 580 1820 ex
606 1773 741 1842 utraque
765 1774 854 1842 parte
878 1760 1004 1842 providi
1023 1760 1081 1821 viri
1101 1760 1264 1821 Dominici
1288 1758 1347 1821 filii
1373 1758 1467 1835 Laad,

202 1867 413 1948 Kamennyalt
438 1879 578 1944 vocatas,
607 1865 749 1927 habitam
786 1881 817 1928 et
841 1867 1042 1944 existentem,
1075 1866 1211 1947 desuper
1235 1885 1253 1926 a
1278 1866 1329 1925 via
1355 1884 1466 1945 magna

203 1986 234 2035 et
257 1972 424 2034 communi
449 1971 531 2033 infra
556 1992 657 2054 usque
675 1974 827 2051 rivulum,
844 1974 941 2034 simul
964 1992 1037 2034 cum
1061 1973 1200 2053 virgulto
1219 1972 1258 2032 ad
1280 1973 1382 2054 ipsam
1401 1991 1466 2053 par·

202 2079 332 2140 ticulam
360 2079 519 2140 vinealem
544 2080 736 2160 pertinenti,
761 2099 816 2160 per
841 2095 942 2142 metas
959 2095 1117 2142 certarum
1142 2080 1295 2141 arborum
1320 2079 1353 2139 iu
1379 2078 1466 2139 litera

204 2186 475 2266 consignaturum,
501 2186 595 2247 Petro
620 2184 687 2247 filio
713 2185 866 2268 Stephani
891 2202 922 2248 et
945 2207 1001 2269 per
1025 2206 1099 2248 eum
1123 2186 1189 2248 suis
1212 2185 1386 2248 heredibus
1410 2204 1465 2267 pro

203 2305 276 2352 octo
301 2292 415 2352 marcis
439 2291 646 2353 denariorum
672 2313 708 2352 ex
731 2312 889 2353 consensu
906 2291 1019 2374 prelati
1045 2292 1208 2354 Dominici
1233 2292 1381 2354 vendidit
1396 2310 1466 2353 auc·

200 2399 327 2460 toritate
353 2398 582 2460 commissaria.

306 2504 383 2564 ltem
418 2504 493 2584 quia
525 2505 625 2585 proba
658 2519 689 2566 et
721 2504 854 2565 honesta
888 2504 1004 2565 mulier
1036 2505 1156 2580 Elena,
1188 2504 1297 2566 relicta
1329 2504 1463 2566 condam

202 2609 357 2691 Stephani
383 2610 584 2691 carpentarii,
610 2610 748 2671 condam
781 2610 894 2671 decani
925 2610 1089 2672 colendini
1122 2609 1380 2672 confraterniatis
1403 2629 1464 2671 car·

201 2717 433 2799 pentariorum,
458 2716 489 2776 id
514 2714 710 2778 sufficienter
734 2736 842 2778 coram
860 2718 955 2778 nobis
980 2717 1011 2778 in
1037 2717 1157 2798 judicio
1174 2717 1410 2799 comprobavit,
1433 2729 1465 2776 ut

202 2823 279 2884 dum
300 2823 366 2904 ipse
385 2821 567 2904 Stephanus
585 2823 616 2883 in
635 2824 783 2883 extremis
797 2824 860 2884 vite
877 2843 933 2884 sue
950 2823 1136 2901 laborasset,
1152 2837 1228 2885 tunc
1252 2824 1320 2904 ipse
1334 2822 1464 2884 domum

201 2947 293 2992 auam
319 2930 351 2990 in
377 2929 459 2990 dicta
486 2929 612 2990 civitate
639 2930 720 2991 inter
752 2929 868 2991 domos
900 2944 931 2991 et
962 2928 1079 2992 fundos
1103 2930 1161 2991 viri
1195 2929 1322 3011 providi
1347 2929 1463 2991 Vrbani

201 3035 259 3098 filii
285 3037 423 3097 condam
450 3037 569 3096 Mathie
601 3037 730 3118 zupani,
764 3037 967 3115 successoris,
991 3050 1022 3098 et
1047 3036 1179 3098 honeste
1211 3036 1344 3098 domine
1371 3036 1465 3097 Lucia

202 3158 312 3205 vocate
338 3144 495 3204 consortis
519 3143 619 3224 ipsius
654 3143 774 3204 Vrbani
804 3144 912 3204 relicte
944 3162 1032 3222 vero,
1056 3162 1092 3204 ac
1124 3143 1209 3204 bone
1234 3142 1355 3203 indolis
1377 3141 1464 3224 pueri

202 3250 312 3311 Jacobi
337 3248 394 3310 filii
420 3249 556 3310 condam
584 3250 681 3310 Blasii
715 3248 772 3310 filii
797 3249 984 3311 Allexandri
1018 3251 1058 3310 ab
1084 3268 1158 3327 una,
1190 3262 1221 3310 et
1244 3262 1334 3331 parte
1359 3251 1399 3310 ab
1423 3248 1463 3310 al·

200 3370 266 3418 tera
293 3357 405 3418 Briccii
432 3356 597 3437 piscatoris
630 3355 687 3417 filii
713 3356 879 3435 iohannis,
903 3376 939 3418 ac
965 3357 996 3417 in
1029 3357 1214 3438 posteritate
1239 3355 1413 3417 domorum
1437 3369 1465 3415 et

201 3462 376 3524 fundorum
395 3463 525 3545 Mathye
551 3463 626 3524 dicti
652 3464 770 3524 Farkas
788 3463 845 3524 filii
871 3464 979 3544 Egidii
1004 3462 1043 3525 de
1062 3462 1210 3524 Klokoch
1235 3475 1266 3523 et
1289 3462 1464 3524 liberorum

200 3590 256 3632 seu
280 3589 500 3631 successorum
536 3569 673 3631 condam
701 3570 785 3631 lwan
818 3571 1006 3652 carpentarii
1032 3570 1107 3630 dicti
1134 3567 1276 3631 Fratrich
1302 3568 1410 3631 habite
1435 3581 1464 3628 et

202 3677 376 3754 existentis,
411 3676 550 3737 mediam
576 3676 697 3736 curiam
723 3677 754 3736 in
780 3697 813 3737 se
847 3677 1057 3752 continentis;
1090 3673 1316 3756 cuiusquidem
1351 3675 1465 3736 domus

202 3798 232 3846 et
257 3783 346 3844 fundi
365 3784 460 3844 aliam
487 3796 609 3864 partem
634 3802 690 3843 seu
708 3782 924 3860 medietatem,
945 3802 1043 3843 unam
1070 3781 1281 3843 consimiliter
1306 3795 1464 3862 quartam,

202 3890 304 3951 Lucas
339 3888 427 3951 faber
459 3887 544 3949 filius
577 3887 710 3970 Georgii
748 3890 921 3950 literatorie
961 3888 1138 3949 dinoscitur
1170 3887 1346 3969 possidere.
1388 3888 1463 3949 ltem

200 3996 363 4077 quandam
388 3996 517 4056 vineam
550 4015 640 4056 suam
674 3995 704 4056 iu
739 3996 899 4057 territorio
924 3993 1043 4075 prefate
1077 3994 1213 4056 civitatis
1238 3995 1269 4055 iu
1302 3994 1465 4056 vicinitate

200 4103 293 4164 vinee
327 4103 454 4164 Andree
481 4102 593 4163 decani
625 4101 682 4162 filii
716 4101 856 4179 Thome,
891 4121 907 4161 a
938 4101 1037 4162 latere
1069 4101 1226 4181 superiori
1251 4113 1283 4161 et
1305 4120 1398 4162 secus
1421 4099 1465 4161 vi·

201 4230 293 4271 neam
320 4209 462 4271 Clanech
488 4224 634 4271 vocatam
659 4211 699 4271 ab
728 4210 875 4271 orientali
909 4223 1008 4290 parte,
1033 4228 1069 4269 ac
1094 4228 1191 4290 penes
1223 4209 1400 4289 quemdam
1425 4208 1463 4269 ri·

200 4317 311 4377 vulum
337 4336 392 4377 seu
418 4317 588 4377 decursum
620 4335 702 4397 aque
736 4336 753 4377 a
786 4316 990 4377 meridionali
1015 4315 1128 4396 plaga,
1161 4315 1298 4397 desuper
1331 4335 1349 4376 a
1382 4315 1463 4376 dicta

200 4422 250 4483 via
283 4424 447 4483 communi
480 4425 519 4483 ab
544 4423 666 4483 oriente
699 4423 769 4502 sita,
803 4423 921 4500 habita,
942 4437 973 4482 et
1008 4419 1088 4482 infra
1122 4440 1224 4502 usque
1256 4421 1399 4483 rivulum
1423 4421 1461 4482 ab

203 4528 368 4589 occidente
395 4528 594 4605 existentem,
627 4548 697 4588 cum
732 4529 905 4589 medietate
930 4526 1037 4588 senilis
1068 4547 1123 4588 seu
1148 4527 1228 4609 prati
1253 4527 1336 4589 inter
1359 4527 1461 4609 ipsum

200 4635 337 4695 condam
364 4634 561 4716 Stephanum
588 4650 618 4695 et
641 4635 810 4697 dominum
830 4635 1021 4696 Michaelem
1046 4634 1171 4716 pridem
1196 4634 1337 4717 judicem
1362 4634 1459 4696 filium

201 4741 378 4802 Sebastiani
412 4742 510 4802 habiti
544 4757 671 4803 etcum
705 4743 797 4803 vinea
827 4762 941 4823 magna
976 4756 1006 4802 ct
1030 4741 1194 4802 communi
1228 4742 1267 4803 de
1291 4741 1463 4803 subturae
