3142 5356
162 345 222 405 332
696 325 781 379 Anno
805 337 897 399 1439.

160 539 279 598 bilibus
304 537 420 598 habere
446 536 583 596 debebat
607 535 695 595 dedit
720 548 877 615 perpetuo
894 534 1105 614 possidendas
1130 550 1161 594 et
1185 535 1360 616 superinde
1383 551 1422 596 est

158 644 248 704 litera
274 645 333 704 sub
358 642 511 724 pendenti
537 642 645 721 sigillo
671 640 913 701 communitatis
938 656 1096 702 emanata,

265 751 341 812 ltem
368 749 530 810 lohannes
562 748 647 810 lilius
683 747 811 831 Mathye
841 748 880 809 de
913 747 1062 809 Machow
1094 749 1260 829 quandam
1294 749 1422 810 domum

158 877 247 919 suam
272 872 430 918 muratam
457 856 553 916 simul
578 875 650 916 cum
676 853 777 915 fundo
802 869 832 915 et
856 853 1014 915 hedificiis
1038 855 1172 916 indicta
1197 856 1328 917 civitate
1346 857 1422 917 inter

158 965 290 1026 domurn
317 963 464 1024 similiter
488 977 645 1023 muratam
681 962 801 1042 egregii
827 961 983 1023 lobannis
1008 960 1118 1023 Thoth
1152 963 1192 1023 de
1218 963 1424 1023 Zomzedtrar

158 1085 189 1132 et
213 1071 378 1132 Michaelis
396 1069 549 1130 institoris
574 1069 715 1129 habitam
739 1084 769 1129 et
786 1068 987 1145 existentem,
1005 1087 1102 1128 unam
1121 1068 1281 1149 integram
1308 1071 1423 1130 curiam

159 1177 189 1236 in
215 1196 248 1237 se
272 1177 503 1253 continentem,
519 1174 642 1256 prefato
668 1175 805 1236 lohanni
829 1175 939 1236 Thoth
964 1195 1002 1235 ex
1027 1193 1185 1236 consensu
1210 1175 1328 1258 prelati
1353 1179 1422 1239 alte·

158 1293 222 1343 rius
245 1283 342 1344 sicini
372 1282 518 1342 vendidit
552 1295 707 1362 perpetuo
741 1281 969 1362 possidendam
1002 1295 1033 1342 et
1064 1283 1240 1364 superinde
1266 1299 1314 1344 est
1339 1284 1424 1346 litera

158 1392 217 1450 sub
243 1389 395 1471 pendenti
420 1389 528 1468 sigillo
553 1388 793 1448 communitatis
818 1403 976 1449 emanata.

265 1497 341 1557 ltem
366 1495 473 1557 totalis
498 1495 609 1576 porcio
627 1495 764 1554 condam
783 1495 913 1555 domine
933 1495 1133 1575 Margarethe
1159 1496 1270 1557 relicte
1288 1497 1422 1557 condam

156 1599 314 1663 Johannis
338 1602 531 1678 stacionarii,
557 1616 620 1661 tant
641 1602 672 1661 in
697 1601 796 1661 domo
815 1616 949 1679 mutata,
967 1599 1133 1682 fundoque
1152 1623 1187 1662 ac
1212 1604 1335 1664 celario
1354 1606 1422 1664 sub·

156 1723 313 1785 terraneo,
339 1707 558 1788 hedificiisque
584 1707 683 1787 ipsius
701 1707 857 1766 Joltannis
879 1708 1060 1768 stationarii
1079 1728 1114 1769 ac
1130 1708 1257 1790 (h)ortis
1283 1725 1314 1770 et
1339 1711 1423 1770 terris

157 1815 332 1874 arabilibus
356 1814 498 1874 eiusdem
525 1813 679 1874 Johannis
711 1815 891 1874 stacionarii
918 1815 949 1874 in
975 1815 1058 1875 dicta
1090 1816 1211 1877 scilicet
1237 1817 1366 1879 civitate
1390 1833 1417 1878 et

157 1919 299 1979 eiusdem
317 1921 472 1981 suburbio
489 1939 524 1980 ac
538 1920 697 1981 territorio
715 1920 840 1997 habitis,
855 1940 909 1999 per
925 1922 1196 1982 testamentariam
1214 1923 1415 2004 legacionem

157 2025 255 2106 ipsius
291 2027 422 2087 domine
449 2028 647 2107 hlargarethe
674 2027 704 2085 in
736 2029 866 2086 ltaterno
899 2043 1008 2087 nostro
1040 2031 1203 2088 communi
1231 2029 1417 2104 judicionali

157 2153 193 2192 ex
219 2132 388 2193 sufficienti
407 2134 676 2213 comprobacione
696 2133 886 2192 balthasaris
909 2132 965 2192 lilii
984 2134 1127 2194 eiusdetn
1145 2133 1279 2195 domine
1299 2136 1421 2215 Marga-

157 2239 262 2315 rethe,
288 2240 391 2298 tidem
418 2239 592 2299 Balthasari
618 2253 664 2298 est
688 2240 746 2298 sub
772 2239 924 2319 pendenti
949 2239 1056 2318 sigillo
1081 2240 1326 2301 communitatis
1350 2261 1421 2302 con·

156 2343 296 2420 hrmata3
321 2346 515 2425 tandemque
551 2346 634 2404 idem
663 2345 826 2405 llalthasar
861 2365 999 2406 unacum
1032 2347 1163 2407 domina
1190 2348 1291 2408 Elena
1316 2369 1421 2411 sorore

155 2472 210 2511 sua
244 2472 326 2512 nunc
360 2469 505 2512 consorte
539 2453 663 2533 providi
708 2437 767 2512 tiri
802 2453 955 2513 Demetrii
989 2455 1142 2515 institoris
1175 2454 1232 2515 lilii
1266 2456 1420 2518 lobannis

156 2559 282 2618 easdem
308 2559 523 2639 possessiones
547 2560 590 2619 sic
616 2560 697 2619 inter
721 2580 753 2619 se
772 2559 958 2637 diviserunt,
983 2575 1078 2640 prout
1102 2561 1132 2621 in
1159 2562 1259 2623 literis
1284 2564 1420 2624 civitatis

155 2664 409 2744 privilegialibus
433 2684 490 2744 pro
516 2681 602 2744 parte
621 2665 810 2724 eorumdem
832 2685 927 2745 super
944 2666 1056 2726 eadent
1082 2667 1242 2729 divisione
1267 2669 1421 2731 conlectis

155 2785 185 2830 et
209 2771 267 2828 sub
292 2769 436 2850 predicto
462 2771 613 2851 pendenti
638 2771 745 2850 sigillo
770 2772 925 2831 emanatis
949 2791 1094 2853 expresse
1118 2774 1311 2837 continetur.

261 2875 336 2935 ltem
364 2876 550 2936 Francisctts
575 2877 814 2937 inolettdinator
847 2878 949 2938 dietus
974 2879 1077 2938 Frane
1102 2879 1266 2960 quandam
1292 2881 1419 2940 vineant

154 3001 242 3041 suant
269 2983 525 3043 condicionalem
551 2983 581 3042 in
607 2984 767 3044 territorio
793 2985 928 3045 civitatis
957 2985 1038 3046 inter
1062 2985 1188 3046 vineam
1216 2986 1301 3047 Petri
1329 2988 1419 3047 Hun-

153 3088 220 3169 gari
247 3087 360 3168 judicis
385 3087 441 3148 lilii
468 3069 556 3148 Pauli
583 3103 614 3150 et
630 3104 746 3150 terram
771 3110 828 3150 seu
846 3091 957 3151 silvam
976 3106 1083 3152 nostre
1108 3093 1350 3154 communitatis
1367 3093 1417 3153 ha·

155 3196 264 3271 bitam,
290 3195 347 3253 sub
374 3194 564 3256 condicione
594 3197 756 3276 sexaginta
791 3196 995 3258 denariorum
1029 3199 1254 3259 viennensium
1281 3220 1338 3259 seu
1362 3218 1418 3281 pro

153 3315 297 3380 tempore
334 3301 493 3360 usualium
520 3301 620 3360 Paulo
645 3302 895 3362 molendinatori
921 3319 951 3363 et
977 3304 1075 3364 Elene
1100 3324 1155 3364 sue
1181 3306 1323 3366 consorti
1360 3307 1416 3365 sub

153 3405 344 3466 condicione
368 3407 521 3486 predicta,
539 3421 704 3488 tamquam
722 3407 871 3469 affinibus
894 3410 958 3468 suis
976 3410 1120 3470 vendidit
1143 3425 1301 3492 perpetuo
1319 3411 1416 3492 possi·

153 3512 291 3572 dendam
317 3527 347 3573 et
371 3513 544 3594 superinde
570 3528 615 3574 est
648 3514 738 3574 litera
774 3517 832 3575 sub
857 3516 1010 3596 pendenti
1044 3517 1151 3597 sigillo
1176 3518 1416 3578 communitatis

152 3634 308 3680 emanata.

177 3841 259 3910 Item
289 3840 339 3910 die
367 3841 531 3911 dominico
561 3840 711 3929 proximo
746 3852 824 3911 ante
853 3842 976 3911 testum
1005 3840 1259 3913 Purificacionis
1294 3845 1390 3914 beate

558 3986 688 4053 semper
716 3963 858 4052 virginis
888 3965 1001 4034 llarie.

671 4133 711 4192 (l.
729 4120 904 4193 februarii).

256 4258 332 4317 ltetn
360 4256 472 4318 Gallus
496 4257 580 4318 filius
599 4259 695 4319 Blasii
713 4259 752 4319 tle
777 4260 993 4336 Wlltometcz,
1011 4260 1152 4319 concivis
1178 4275 1296 4339 noster,
1315 4281 1410 4342 quan·

149 4364 222 4424 dant
248 4365 372 4423 vineant
399 4384 488 4424 suam
509 4365 806 4425 condicionaletnin
825 4366 985 4425 territorio
999 4366 1134 4426 civitatis
1159 4368 1302 4448 predicte
1328 4383 1411 4430 extra

148 4473 273 4531 Novana
307 4485 432 4551 portam
465 4471 606 4532 eiusdem
641 4473 776 4533 civitatis
811 4474 891 4532 inter
923 4474 1031 4533 vineas
1064 4472 1192 4534 Thome
1224 4473 1319 4552 jurati
1356 4474 1410 4537 filii

148 4577 254 4638 Choni
281 4577 393 4653 iudicis
426 4593 456 4638 et
488 4579 662 4638 liberorum
696 4580 833 4638 condam
864 4579 995 4659 Georgii
1029 4579 1144 4659 judicis
1180 4580 1334 4659 habitam,
1359 4583 1411 4644 de·

147 4704 241 4765 super
266 4705 282 4744 a
309 4686 356 4744 via
383 4687 547 4745 communi
573 4701 602 4745 et
628 4685 707 4745 inl'ra
735 4706 834 4766 usque
868 4687 1001 4746 fluvium
1027 4687 1189 4748 mediante
1214 4690 1330 4751 semita
1354 4709 1408 4750 seu

147 4791 196 4851 via
229 4792 363 4852 sentitali
399 4793 562 4853 communi
602 4814 633 4852 se
666 4794 912 4872 extendentem}
942 4814 1013 4854 cum
1051 4795 1245 4858 condicione
1277 4817 1329 4858 sex
1355 4817 1406 4858 cu·
