3142 5356
500 559 701 636 Anno1504.
726 592 768 602 -
785 572 842 636 30.
859 561 944 635 salsi.

561 768 754 831 Valentinus
778 767 878 834 faber.

562 875 709 937 Andreas
732 874 833 938 faber.

562 980 738 1062 Gregorius
763 982 936 1047 Zabochki.

560 1087 713 1149 Nicolaus
737 1088 948 1171 Merzloklep.

560 1193 751 1256 Valentinus
774 1214 873 1276 gener
897 1195 1169 1258 chhakowicze.

561 1300 706 1362 Andreas
727 1313 826 1364 sutor.

561 1407 715 1469 Nicolaus
738 1421 838 1471 sutor.

561 1514 718 1575 Martinus
742 1513 782 1575 de
807 1514 1026 1578 Worowicza.

563 1619 738 1702 Gregorius
762 1635 860 1684 sutor.

560 1728 715 1790 Nicolaus
739 1727 979 1792 Trobchichne.

563 1834 674 1896 Petrus
697 1854 796 1915 gener
820 1835 941 1897 Benak.

562 1941 664 2002 Lucas
688 1941 841 2022 agricola.

560 2047 709 2109 Vrbanus
733 2044 874 2130 pellifex.

561 2153 688 2215 Marcus
711 2167 810 2220 sutor.

204 2346 323 2410 Eodem
348 2347 401 2409 die
426 2367 520 2409 causa
553 2346 635 2408 inter
660 2346 839 2408 Jankonem
867 2344 974 2408 Gerba
1007 2359 1038 2408 et
1063 2347 1199 2410 Paulum
1225 2347 1360 2410 Pechich

88 2431 221 2515 raci<tue
244 2469 274 2516 et
290 2468 437 2538 pretextu
455 2453 624 2516 cuiusdam
648 2454 845 2534 querimonii
863 2472 971 2514 coram
989 2453 1094 2534 judice
1118 2474 1175 2537 per
1198 2454 1360 2538 prefatum

88 2530 230 2623 pecbich
254 2560 341 2640 sacti,
366 2575 401 2623 ut
416 2560 504 2623 idem
530 2561 633 2623 Janko
657 2574 813 2642 portasset
829 2561 951 2642 absque
969 2561 1050 2622 scitu
1074 2561 1218 2624 eiusdem
1248 2560 1360 2625 lenum

85 2635 123 2699 d‘
154 2666 259 2748 vinea,
282 2682 380 2752 prout
403 2667 578 2730 audivisset
609 2666 696 2728 idem
729 2666 867 2729 Pechich
892 2687 909 2728 a
941 2667 1135 2748 quibusdam
1160 2668 1359 2748 hominibus,

82 2743 213 2836 domini
236 2775 332 2860 jurati
349 2774 586 2858 adjudicarunt,
603 2772 692 2856 quod
711 2793 749 2834 ex
773 2793 840 2855 quo
856 2772 998 2856 prelatus
1015 2773 1152 2835 Pechich
1170 2774 1231 2836 hoc
1244 2794 1359 2858 appro-

79 2849 165 2932 b⁸¹0
191 2901 254 2945 non
278 2882 385 2966 potuit
408 2881 449 2944 ad
473 2881 598 2944 dictum
622 2881 813 2960 lunisonem,
845 2880 920 2942 ideo
945 2880 1049 2943 dictus
1073 2882 1177 2945 lanko
1201 2895 1248 2945 est
1272 2889 1358 2945 extra

72 2972 217 3068 ¹¹⁰¹atn,
239 2986 385 3072 prefatus
409 3001 517 3051 autem
542 2986 681 3050 Pechich
704 2987 737 3049 in
762 2987 905 3071 dampno
930 2988 1058 3050 mansit.

90 3193 211 3300 ¹“etia
236 3220 346 3301 tercia
373 3220 528 3318 proxima
556 3236 633 3318 post
661 3228 785 3301 testum
813 3228 910 3300 beate
939 3225 1032 3300 Anne
1060 3231 1184 3302 matris
1212 3230 1330 3304 llarie.

631 3386 700 3463 (30.
714 3380 817 3459 Jielt't).

86 3597 92 3610 ·
197 3524 296 3600 Quod
320 3524 398 3607 quia
414 3523 554 3587 Michael
571 3543 681 3606 sporar
699 3543 808 3586 coram
825 3524 920 3586 nobis
937 3537 1171 3586 convocaverat
1186 3523 1357 3604 magistros

70 3617 234 3718 e¹¹J⁸dem
248 3631 326 3694 artis
338 3630 492 3693 videlicet
508 3630 650 3692 Blasium
669 3630 828 3692 decanum
845 3631 1000 3713 ipsorum,
1018 3631 1160 3709 Petrum,
1178 3629 1357 3704 Simonem,

70 3704 282 3800 M¹chaelem
308 3752 340 3799 et
363 3736 496 3800 Gallum
521 3737 553 3799 in
578 3738 721 3819 quodam
742 3737 839 3816 facto,
863 3738 918 3800 ubi
943 3738 1003 3820 ipsi
1028 3737 1181 3799 dixissent
1206 3737 1294 3819 quod
1312 3735 1357 3798 la·

72 3829 197 3929 {nulus
220 3863 288 3906 non
312 3858 421 3926 posset
444 3862 570 3906 servare
604 3858 636 3905 et
671 3844 760 3925 quod
793 3857 904 3906 contra
930 3864 985 3905 eos
1017 3843 1202 3906 excessisset
1225 3843 1258 3903 in
1290 3855 1356 3903 arte

75 3937 251 4037 ¹V⁸Orum3
275 3951 332 4032 qui
357 3970 414 4032 per
438 3970 497 4013 nos
522 3951 554 4012 in
579 3951 744 4013 communi
769 3951 889 4033 judicio
921 3951 1094 4013 examinati
1118 3970 1175 4033 per
1197 3949 1356 4027 ordinem,

78 4025 248 4136 d¹¹erunt,
273 4056 364 4139 quod
388 4057 469 4120 nulli
491 4078 529 4119 ex
561 4059 655 4119 nobis
679 4072 725 4120 est
756 4058 907 4139 quitquid
939 4058 1110 4140 culpabilis
1143 4076 1249 4138 neque
1281 4056 1358 4138 ipsis

80 4152 141 4216 Per
170 4183 212 4242 se,
236 4164 293 4227 sed
319 4183 424 4245 neque
449 4165 482 4226 in
506 4179 573 4226 arte
599 4166 742 4245 ipsorum
775 4165 899 4246 aliquid
924 4177 1147 4247 perpetrasset,
1179 4164 1254 4224 ideo
1279 4182 1356 4224 eun·

83 4240 165 4328 dem
186 4289 294 4333 coram
317 4270 413 4332 nobis
435 4271 574 4333 liberum
600 4285 631 4332 et
655 4271 822 4333 innoxium
845 4271 1054 4332 reddiderunt
1078 4285 1109 4332 et
1132 4266 1271 4332 famulos
1293 4289 1356 4331 ser-

85 4367 165 4433 vire
187 4375 287 4439 libere
312 4376 527 4459 permiserunt
551 4397 589 4437 ex
610 4397 676 4459 quo
702 4377 803 4439 nichil
827 4391 940 4439 contra
966 4376 1098 4438 eosdem
1123 4376 1266 4439 excessit.

195 4482 321 4546 Eodem
347 4483 400 4545 die
423 4503 520 4546 causa
537 4483 619 4545 inter
643 4484 853 4546 Valentinum
871 4482 997 4546 fabrum
1023 4497 1054 4544 et
1070 4503 1204 4544 uxorem
1229 4482 1356 4544 Nicolai

94 4564 289 4673 Merzloklep
315 4590 444 4653 racione
468 4605 500 4652 et
532 4604 677 4673 pretextu
702 4590 869 4652 cuiusdam
902 4589 1038 4672 pecunie
1071 4588 1208 4650 condam
1234 4588 1356 4649 Andrei

99 4673 186 4772 labri,
207 4695 443 4779 predecessoris
456 4696 532 4758 dicti
550 4696 725 4777 Valentini,
749 4697 887 4778 qualiter
904 4694 1040 4758 fuissent
1064 4696 1140 4756 dicti
1165 4695 1286 4756 Andrei
1303 4694 1355 4756 tri·

105 4782 180 4870 Silta
201 4803 346 4885 quinque
369 4801 440 4866 flor.
465 4802 552 4886 apud
576 4803 713 4864 eandem
738 4804 769 4864 in
800 4803 952 4885 reposito,
979 4816 1074 4885 prout
1097 4802 1165 4863 sola
1191 4799 1251 4862 luit
1275 4800 1356 4862 fassa

108 4911 198 4967 coram
231 4908 376 4988 testibus,
407 4922 505 4992 prout
535 4907 692 4970 testificati
724 4922 808 4987 sunt,
840 4909 965 4970 domini
997 4907 1091 4990 jurati
1120 4906 1358 4988 adjudicarunt,

109 5008 181 5083 quod
201 5010 322 5095 prefate
346 5033 427 5077 uxor
450 5014 579 5077 Nicolai
611 5014 743 5077 debebit
771 5014 812 5076 ad
846 5012 960 5081 feriam
985 5030 1111 5082 sextam
1144 5014 1375 5103 iuramentum

1267 5119 1286 5153 1
