3142 5356
307 1373 434 1474 (Anno
462 1372 618 1462 Domini
645 1372 963 1463 moooomooss
991 1377 1029 1463 ot
1056 1373 1397 1476 mccocfflv.)

218 1748 255 1823 ln
283 1749 425 1823 nomine
456 1747 610 1823 Domini.
641 1747 768 1824 Arnen.
805 1749 909 1823 Anno
943 1747 1153 1824 Natiuitatis
1183 1751 1345 1826 eiusdem
1375 1752 1484 1826 mille-

219 1873 309 1946 sirno
338 1872 693 1972 quadringentesimo
726 1872 909 1948 tricesimo
948 1874 1075 1963 tercio
1103 1881 1269 1973 ternpore
1302 1873 1485 1972 judicatus

219 1993 393 2094 Stephani
413 1995 541 2093 judicis
575 1998 689 2071 nostri
725 1997 895 2088 moderni,
924 1995 982 2071 filii
1012 1996 1206 2091 Michaelis,
1236 2022 1389 2098 presens
1425 2001 1484 2074 ka·

218 2130 322 2196 terna
351 2130 410 2196 est
447 2122 652 2220 conscripta
692 2146 800 2221 super
838 2123 1101 2220 registracione
1132 2133 1169 2198 et
1202 2124 1485 2223 consignatione

219 2252 397 2320 certarum
416 2244 599 2319 literarum
627 2246 752 2320 civium
779 2253 816 2320 et
842 2245 1129 2321 cohabitatorum
1149 2255 1359 2322 nostrorum
1380 2271 1487 2347 super

297 2369 590 2467 possessionibus
620 2370 654 2443 in
688 2370 835 2444 civitate
865 2370 1007 2444 eteius
1039 2371 1224 2446 territorio
1258 2370 1405 2447 habitis.

324 2597 400 2658 ltern
426 2598 578 2678 providos
603 2598 650 2658 vir
682 2598 800 2659 Paulus
832 2599 935 2660 dictus
966 2601 1063 2661 Paule
1101 2599 1256 2677 carnifex,
1287 2600 1415 2682 pridem
1440 2602 1483 2683 ju-

218 2718 304 2766 ratus
329 2703 534 2783 concivisque
563 2718 670 2764 noster
693 2702 778 2764 iilius
809 2705 975 2786 Stephani,
1003 2706 1158 2787 quasdam
1184 2706 1263 2767 duas
1280 2726 1354 2768 suas
1378 2709 1485 2769 vineas

217 2809 459 2871 condicionales
484 2809 515 2868 in
541 2810 701 2871 territorio
731 2811 867 2872 civitatis
899 2812 981 2872 inter
1005 2812 1116 2874 vineas
1146 2812 1295 2874 similiter
1319 2814 1483 2875 condicio·

218 2916 306 2977 nales
331 2915 468 2976 Emerici
495 2929 524 2975 et
548 2916 682 2995 Agnetis
715 2915 835 2994 relicte,
869 2937 904 2978 ac
930 2918 1069 2979 Emerici
1101 2932 1131 2978 et
1156 2918 1317 2980 Leonardi
1343 2917 1482 2981 filiorum

218 3021 356 3084 condam
380 3022 505 3082 Nicolui
531 3019 611 3082 fabri
635 3021 772 3100 habitas,
804 3023 949 3104 predicto
975 3023 1139 3105 Stephano
1156 3023 1253 3104 judici
1279 3038 1391 3085 nostro
1417 3043 1482 3085 mo·

219 3130 318 3190 derno
343 3149 414 3190 curn
441 3128 662 3189 additamento
687 3143 760 3189 octo
785 3128 854 3191 flor.
887 3132 955 3191 auri
994 3151 1051 3212 pro
1084 3130 1223 3211 quadam
1248 3130 1343 3192 vinea
1367 3152 1424 3192 sua
1447 3131 1481 3191 li-

219 3237 293 3296 bera
319 3236 350 3295 in
375 3234 536 3296 territorio
562 3234 707 3294 similiter
733 3249 842 3296 nostro
868 3236 950 3296 inter
967 3237 1092 3296 vineam
1119 3237 1251 3297 ecclesie
1275 3251 1384 3299 nostre
1401 3237 1481 3298 beati

216 3339 319 3404 Marci
345 3340 552 3421 ewangeliste
577 3354 607 3400 et
632 3341 733 3401 Kosse
759 3342 903 3403 mulieris
936 3343 1054 3420 habita,
1082 3362 1138 3424 per
1163 3342 1297 3403 modum
1322 3359 1480 3424 permuta-

217 3448 319 3509 cionis
343 3447 431 3508 dedit
456 3461 611 3528 perpetuo
638 3447 878 3528 possidendam,
901 3449 942 3509 ita
960 3463 1079 3526 tamen,
1104 3449 1192 3530 quod
1210 3449 1276 3530 ipse
1303 3449 1481 3531 Stephanus

216 3556 312 3636 judex
336 3569 366 3614 et
391 3574 446 3636 per
470 3573 543 3615 eum
569 3553 616 3613 sui
651 3553 784 3613 heredes
813 3554 851 3614 de
884 3556 1004 3616 eisdem
1030 3555 1133 3616 vineis
1164 3574 1292 3636 semper
1316 3570 1390 3616 ante
1414 3556 1480 3615 vin·

217 3663 451 3723 demissionem
485 3679 620 3721 uvarum
645 3659 726 3719 duos
760 3659 827 3721 flor.
864 3662 931 3721 auri
965 3662 1059 3722 nobis
1082 3680 1137 3722 seu
1171 3661 1345 3723 comitibus
1369 3661 1481 3722 nostris

216 3788 342 3849 semper
365 3767 439 3828 dare
464 3767 668 3827 tenebuntur.

296 3971 376 4041 ltem
406 3968 490 4040 ieria
520 3970 640 4056 quinto
669 3968 826 4053 proxima
860 3970 937 4057 post
967 3971 1088 4041 testum
1118 3971 1208 4040 beati
1237 3969 1404 4059 Jeronimi

757 4091 950 4179 presbiteri.

742 4258 782 4318 (r.
807 4246 950 4319 octobris).

321 4388 398 4449 ltem
426 4385 613 4447 Leonardus
645 4384 766 4463 juratus
791 4399 898 4446 noster
931 4383 1105 4445 modernus
1140 4383 1225 4445 filius
1250 4384 1416 4447 Dominici
1440 4385 1476 4446 de

215 4493 427 4556 Atthawantis
452 4493 492 4553 de
518 4491 697 4568 Florencia,
734 4491 895 4571 quandam
922 4490 1055 4551 domurn
1085 4509 1175 4551 suam
1202 4505 1361 4552 muratam
1386 4488 1476 4552 simul

214 4621 287 4663 cum
312 4599 414 4662 londo
447 4614 477 4659 et
509 4597 667 4659 hedificiis
699 4612 762 4658 tam
796 4596 925 4678 lapideo
957 4616 1053 4677 quam
1087 4596 1196 4677 ligneo
1225 4597 1380 4678 operibus
1403 4594 1475 4658 inibi

214 4708 414 4784 constructis,
440 4725 498 4767 nec
524 4725 587 4766 non
614 4719 644 4766 et
668 4703 739 4764 aliis
763 4703 885 4764 cunctis
913 4703 977 4762 suis
1002 4701 1194 4763 utilitatibus
1218 4715 1249 4763 et
1273 4702 1476 4783 pertinenciis

214 4816 370 4878 universis
396 4816 427 4876 in
463 4813 589 4875 ciuitate
621 4810 761 4892 predicto
795 4810 875 4871 iuter
900 4808 1026 4886 domos,
1059 4807 1177 4870 fundos
1202 4822 1232 4870 et
1256 4807 1406 4872 hedificia
1429 4808 1475 4869 vi·
