3142 5356
137 332 194 394 182
663 335 749 391 Anno
773 346 864 411 1429.

133 547 225 625 nalis,
247 547 319 628 glos
350 546 501 608 videlicet
535 546 680 608 eiusdem
714 546 809 625 Petri,
841 546 970 608 racione
997 545 1082 607 dotis
1106 560 1136 608 et
1169 566 1278 608 rerum
1311 568 1395 631 para-

133 650 349 737 phernalium,
384 673 447 733 que
480 653 519 714 de
544 654 639 714 rebus
671 669 701 714 et
735 653 828 714 bonis
858 654 958 735 ipsius
983 653 1112 714 Andree
1144 653 1262 734 judicis
1294 653 1395 716 eidem

134 760 253 842 Agneti
277 780 333 821 sue
358 761 498 822 consorti
523 773 688 841 tamquam
713 760 813 822 sterili
831 780 867 821 ac
889 758 1072 838 infecunde,
1098 759 1185 840 juxta
1208 760 1310 842 ipsius
1325 761 1396 822 civi-

132 867 205 928 tatis
237 867 403 948 antiquam
436 866 701 928 consvetudinem
738 880 770 927 et
802 866 1039 948 privilegiatam
1073 864 1256 927 libertatem
1289 866 1348 928 rite
1370 880 1398 928 et

133 973 289 1056 legittime
320 974 541 1034 concernentia
574 985 605 1035 et
636 973 865 1054 provenientis,
894 992 951 1054 per
982 971 1122 1034 eundem
1147 973 1280 1035 Petrum
1307 974 1396 1035 Mara

133 1080 229 1162 plene
255 1081 327 1142 date
351 1095 447 1162 atque
472 1080 643 1162 persolutis
667 1095 697 1141 et
728 1078 906 1157 satisfactis,
939 1079 1117 1161 ceterisque
1154 1080 1307 1141 omnibus
1330 1080 1397 1142 aliis

134 1187 268 1267 injuriis,
289 1188 409 1266 litibus,
442 1186 682 1269 questionibus,
714 1186 958 1265 controversiis,
991 1185 1151 1268 dampnis,
1184 1186 1396 1264 nocumentis,

135 1294 296 1375 periculis,
315 1294 478 1355 instanciis
494 1307 590 1374 atque
608 1292 773 1354 maleficiis
791 1307 950 1354 eteorum
969 1293 1091 1353 cunctis
1108 1293 1281 1374 generibus
1305 1307 1397 1375 atque

135 1401 386 1462 circumstanciis
409 1400 576 1481 hucusque
610 1399 691 1461 inter
725 1401 807 1481 ipsas
832 1415 938 1481 partes
963 1399 1124 1460 ventilatis
1155 1419 1212 1461 seu
1245 1399 1399 1461 suscitatis

134 1527 191 1569 seu
215 1508 245 1568 in
272 1505 414 1568 futurum
447 1507 618 1588 superinde
651 1505 842 1567 suscitandis
874 1520 969 1586 atque
1001 1504 1197 1566 ventilandis
1220 1525 1253 1566 se
1290 1520 1397 1567 mutua

135 1614 352 1676 vicissitudine
377 1628 441 1676 tam
462 1615 491 1674 in
517 1628 608 1675 antea
634 1632 730 1694 quam
757 1613 857 1673 eciam
876 1626 906 1673 et
931 1612 1050 1673 amodo
1076 1612 1228 1694 deinceps
1255 1613 1287 1673 in
1306 1631 1397 1674 evum

136 1722 166 1781 in
193 1720 326 1782 heredes
350 1720 504 1782 heredum
531 1733 561 1781 et
585 1738 783 1780 successores
803 1719 969 1780 universos
986 1718 1197 1780 reddiderunt
1222 1718 1399 1800 expeditos,

136 1827 271 1889 eandem
295 1827 535 1908 expedicionem
565 1839 739 1886 asserentes
756 1823 888 1886 firmiter
905 1826 936 1886 in
954 1845 1049 1886 evum
1069 1826 1149 1885 inter
1166 1844 1198 1885 se
1216 1826 1394 1887 observare.

241 1933 317 1994 ltem
342 1933 416 2014 quia
442 1932 559 1992 Paulus
583 1932 699 2013 Wgrin
725 1931 827 1992 dictus
858 1930 944 1992 filius
970 1931 1051 1991 Petri
1077 1930 1241 2011 quandam
1267 1933 1393 1993 vineam

135 2057 224 2099 suam
251 2039 281 2098 in
307 2038 466 2098 territorio
492 2037 629 2098 civitatis
654 2038 735 2099 inter
757 2038 866 2098 vineas
884 2038 1061 2098 liberorum
1087 2036 1225 2099 condam
1252 2035 1398 2118 Gregorii

136 2144 263 2222 literati,
288 2146 326 2204 ab
351 2163 413 2205 una
432 2159 531 2225 parte,
556 2145 595 2204 ab
613 2143 710 2205 altera
731 2144 830 2205 Elene
848 2143 912 2205 filie
939 2143 1082 2204 eiusdem
1101 2142 1204 2219 Pauli,
1226 2162 1283 2224 per
1299 2158 1398 2205 metas

139 2251 170 2311 in
197 2251 286 2311 litera
313 2264 508 2331 expressatas
533 2250 686 2327 habitam,
712 2251 850 2332 desuper
873 2271 888 2311 a
914 2251 964 2311 via
990 2249 1166 2328 communi,
1191 2248 1272 2311 inira
1299 2270 1397 2331 usque

137 2357 289 2433 rivulum,
306 2375 378 2416 cum
393 2355 533 2435 virgulto
548 2356 652 2417 eidem
666 2357 759 2418 vinee
775 2356 951 2437 subjacenti
965 2377 997 2417 se
1014 2355 1252 2434 extendentem,
1270 2356 1398 2439 Mathye

136 2463 235 2524 sutori
261 2461 328 2522 filio
354 2461 503 2541 Gregorii
528 2482 658 2542 genem,
691 2476 721 2523 et
746 2463 890 2525 Fabiano
919 2461 988 2525 filio
1013 2462 1169 2544 Dragech,
1195 2483 1301 2542 servo,
1336 2464 1398 2525 suis

136 2568 264 2648 legavit,
289 2568 445 2657 ideonos
470 2567 604 2628 eandem
631 2568 758 2629 vineam
784 2569 904 2630 eisdem
923 2590 960 2630 ex
985 2567 1156 2632 sufficienti
1182 2588 1295 2630 eorum
1313 2589 1397 2631 com·

136 2674 331 2754 probacione
356 2675 524 2736 statuimus
548 2688 703 2756 perpetuo
728 2675 967 2756 possidendam.

243 2781 319 2841 Item
345 2782 541 2842 Laurencius
574 2779 659 2842 filius
693 2782 848 2843 Anthonii
881 2782 1044 2863 quandam
1078 2782 1211 2844 domum
1244 2804 1335 2845 suam
1368 2785 1397 2844 in

139 2888 209 2948 vico
233 2905 377 2949 sutorum
404 2888 502 2969 ipsius
519 2888 655 2949 civitatis
680 2890 828 2950 exteriori
853 2890 935 2951 inter
963 2890 1078 2951 domos
1096 2904 1127 2951 et
1150 2887 1269 2952 fundos
1287 2892 1398 2975 Elyza·

137 2994 211 3056 beth
237 2994 380 3055 mulieris
404 3008 434 3054 et
458 2994 582 3054 Nicolai
608 2996 724 3056 sutoris
749 2995 902 3074 habitam,
928 3015 1025 3057 unam
1054 3008 1214 3077 quartam,
1238 3017 1311 3058 cum
1336 2998 1399 3058 suis

140 3100 362 3182 pertinenciis,
396 3121 432 3160 ex
466 3120 621 3161 consensu
654 3102 832 3162 vicinorum
868 3101 997 3163 Thome
1029 3102 1129 3181 sutori
1160 3100 1228 3164 filio
1262 3103 1398 3164 Emerici

142 3206 287 3267 vendidit
311 3221 466 3288 perpetuo
491 3207 727 3287 possidendam.

244 3313 321 3374 ltem
354 3314 428 3394 qnia
462 3314 566 3375 Sabka
600 3328 630 3374 et
663 3315 764 3375 Katha
801 3316 952 3376 mulieres
990 3314 1054 3377 filie
1089 3315 1237 3394 Martini,
1274 3335 1399 3378 sorores

139 3420 338 3499 Margarethe
374 3421 531 3481 consortis
564 3420 725 3480 Valentini
764 3421 874 3499 Parin,
914 3422 1029 3483 totales
1059 3442 1133 3483 suas
1165 3425 1336 3504 porciones
1367 3424 1397 3483 in

137 3526 277 3608 quadam
296 3527 406 3602 domo,
432 3525 534 3586 fundo
552 3542 582 3587 et
599 3525 756 3587 hedificiis
782 3529 862 3588 inter
881 3529 912 3588 in
931 3529 1002 3588 vico
1020 3529 1120 3610 ipsius
1136 3529 1275 3591 civitatis
1293 3530 1399 3592 Theu-

136 3632 289 3694 thonicali
316 3633 397 3693 inter
422 3632 537 3692 domos
562 3647 592 3693 et
617 3631 735 3693 fundos
752 3633 927 3694 liberorum
952 3634 1089 3695 condam
1115 3634 1296 3697 Clementis
1321 3635 1397 3697 fabri

136 3741 176 3800 ab
202 3760 264 3799 una
289 3755 388 3820 parte,
414 3740 453 3799 ab
471 3739 568 3799 altera
595 3759 669 3799 vero
695 3739 840 3799 Barnabe
857 3741 1005 3801 similiter
1027 3737 1107 3802 fabri
1132 3740 1286 3820 habitam,
1304 3762 1397 3804 unam

138 3846 287 3906 videlicet
311 3860 456 3927 quartam
483 3861 513 3906 et
538 3866 634 3906 unam
667 3860 812 3906 octavam
840 3847 869 3906 in
896 3867 929 3908 se
963 3848 1173 3927 continentes,
1199 3849 1258 3931 ipsi
1285 3851 1397 3912 Valen-

136 3952 204 4012 tino
222 3966 316 4032 prout
334 3952 429 4011 iidem
455 3971 562 4012 coram
581 3953 673 4013 nobis
698 3955 959 4034 comprobarunt,
983 3955 1139 4035 legarunt,
1159 3955 1233 4017 ideo
1258 3977 1318 4018 nos
1335 3977 1396 4018 eas·

137 4056 209 4117 dem
235 4057 422 4118 medietates
449 4059 543 4117 unius
576 4059 723 4120 videlicet
755 4072 866 4139 quarte
892 4075 921 4121 et
947 4061 1015 4121 eius
1048 4075 1170 4140 octave,
1197 4062 1257 4143 ipsi
1283 4064 1396 4126 Valen-

137 4166 204 4226 tino
227 4165 395 4225 statuimus
420 4165 639 4246 possideodas‚
666 4166 696 4225 in
728 4167 925 4247 quaquidem
959 4167 1068 4245 domo,
1101 4167 1201 4230 fundo
1227 4170 1314 4232 idem
1339 4172 1395 4231 Va·

137 4272 276 4332 lentinus
302 4292 397 4331 unam
424 4287 570 4352 quartam
597 4272 768 4333 literatorie
795 4274 972 4333 dinoscitur
996 4275 1170 4356 possidere.

243 4376 318 4436 ltem
347 4378 456 4438 l'etrus
483 4376 566 4437 filius
593 4378 809 4438 Bartholomei
841 4379 915 4439 dicti
942 4380 1050 4440 Zudor
1074 4381 1281 4444 medietatem
1308 4385 1395 4445 vinee

136 4502 191 4542 sue
218 4483 247 4542 in
273 4483 433 4543 territorio
467 4497 576 4543 nostro
610 4503 708 4564 penes
740 4485 865 4545 vincam
898 4486 1032 4566 provide
1065 4487 1195 4549 domine
1221 4487 1395 4572 Elyzabeth

136 4601 246 4649 vocate
282 4589 391 4650 relicte
417 4590 553 4649 condam
580 4589 688 4649 iacobi
725 4590 889 4669 llorwath,
915 4612 970 4674 per
1003 4607 1103 4655 metas
1126 4596 1276 4655 arborum
1304 4596 1335 4655 in
1361 4595 1395 4655 li·

135 4708 200 4755 tera
225 4710 488 4776 expressatarum,
514 4710 543 4755 et
561 4696 650 4756 Pauli
676 4693 732 4756 filii
760 4697 957 4777 Marthonos,
979 4698 1121 4779 Georgio
1145 4697 1215 4761 filio
1233 4700 1395 4762 Michaelis

135 4799 281 4861 vendidit
305 4814 460 4882 perpetuo
485 4801 722 4883 possidendam.

28 4916 162 5008 ἢ
