3142 5356
530 503 613 556 Anno
639 510 725 575 1507.
752 532 792 540 -
817 512 865 556 22.
883 496 1036 573 januarii.

255 711 378 772 Eodem
411 711 462 771 die
491 730 585 771 causa
618 710 699 771 inter
732 709 907 790 quemdam
940 707 1068 771 fratrem
1102 710 1254 772 videlicet
1285 711 1416 772 Andree

148 817 303 880 carnificis
327 831 358 879 et
383 817 488 879 Dauid
513 817 640 878 racione
661 816 827 877 cuiusdam
860 817 977 877 domus
1007 819 1225 895 arestacionis‚
1252 820 1308 880 ubi
1345 839 1417 901 pre·

147 923 229 986 fatus
245 923 340 986 frater
356 924 485 985 Andree
503 923 659 985 carnificis
677 923 707 983 in
727 943 863 1005 persona
880 923 1020 986 filiorum
1046 926 1122 986 dicti
1148 925 1277 988 Andree
1297 927 1416 988 dictam

147 1029 281 1091 domum
313 1043 515 1107 arestaverat,
548 1029 601 1090 ubi
635 1028 728 1109 jurati
761 1029 995 1107 adjudicarunt,
1028 1030 1116 1111 quod
1152 1029 1294 1113 prefatus
1321 1030 1419 1093 frater

147 1135 432 1197 videlicetAndree
451 1134 607 1196 carnificis
624 1136 655 1196 in
674 1155 810 1216 persona
827 1135 966 1197 filiorum
988 1136 1116 1198 Andree
1133 1150 1299 1218 tamquam
1319 1136 1416 1199 frater

147 1255 178 1302 et
201 1243 459 1323 consanguineus
485 1242 627 1324 ipsorum
660 1243 775 1303 merito
800 1257 829 1303 et
854 1241 987 1322 juridice
1012 1245 1116 1324 potuit
1140 1258 1288 1322 aremare,
1317 1246 1418 1327 depo-

147 1348 271 1428 sitaque
283 1346 405 1430 prefata
416 1349 551 1429 pecunia
566 1367 661 1429 quam
673 1348 790 1410 tulerat
806 1346 1102 1429 prefatusAndreas
1116 1350 1147 1409 in
1163 1363 1282 1410 sortem
1296 1349 1415 1411 domus

147 1454 331 1515 liberiorem
349 1454 583 1535 adjudicarunt,
597 1468 627 1515 et
644 1455 732 1535 quod
752 1455 835 1515 idern
856 1454 959 1515 Dauid
975 1474 1076 1536 usque
1090 1455 1130 1515 ad
1144 1454 1260 1517 festum
1276 1455 1411 1537 Georgii

148 1560 292 1640 proxime
325 1574 494 1621 venturum
527 1561 608 1621 liber
639 1561 698 1622 erit
730 1580 857 1621 manere
891 1580 1060 1641 quousque
1094 1560 1179 1622 idem
1214 1561 1321 1622 Dauid
1355 1561 1416 1622 sibi

147 1665 323 1747 providerit
347 1666 390 1749 de·
411 1666 473 1727 alia
497 1666 616 1741 domo;
641 1665 782 1747 prefatus
799 1686 874 1727 vero
894 1666 999 1728 Dauid
1024 1666 1063 1727 de
1088 1666 1209 1745 judicio
1233 1666 1413 1746 juratorum

147 1791 211 1833 non
238 1786 406 1835 contentus
430 1773 485 1834 sed
510 1773 550 1834 ad
575 1774 717 1835 seniores
741 1772 864 1853 judices
888 1773 1072 1855 appellavit.

254 1879 395 1941 Sabbato
420 1880 471 1940 die
488 1893 562 1940 ante
585 1878 700 1941 festum
720 1879 950 1941 Conversionis
972 1880 1054 1940 beari
1074 1879 1177 1958 Pauli,
1201 1880 1346 1941 seniores
1371 1880 1417 1959 ju·

148 1984 235 2047 dices
254 2005 381 2046 causam
392 1985 544 2067 prefatam
561 1987 641 2048 inter
655 1985 783 2047 fratrem
798 2007 852 2047 seu
866 1986 1141 2066 consanguineum
1156 1984 1268 2068 prefati
1283 1987 1414 2048 Andree

148 2089 303 2152 carnificis
328 2106 358 2152 et
384 2091 500 2171 Dauid,
525 2091 637 2173 prefati
662 2112 738 2153 vero
763 2092 905 2153 seniores
944 2091 1066 2172 judices
1098 2090 1253 2173 prefatam
1284 2113 1414 2155 causam

149 2195 395 2272 confirmarunt;
421 2198 523 2258 dictus
555 2218 631 2259 vero
665 2198 769 2259 Dauid
795 2218 860 2259 non
894 2211 1064 2259 contentus
1088 2197 1143 2257 sed
1175 2198 1353 2279 appellavit
1377 2199 1417 2259 ad

148 2303 336 2383 magistrum
359 2302 640 2366 thawernicorum.

323 2537 418 2611 Feria
448 2549 545 2612 sexta
573 2544 606 2611 iu
636 2541 721 2613 festo
750 2542 840 2613 beati
870 2543 1039 2616 Vinceucii
1069 2542 1232 2615 martiris.

649 2696 711 2769 (22.
733 2694 900 2774 sonuerit).

255 2835 411 2896 Martinus
434 2847 523 2896 sutor
547 2835 674 2917 Radlyn
700 2835 804 2896 dictus
828 2836 868 2896 ad
894 2836 1082 2897 instanciam
1107 2836 1274 2918 prudentis
1299 2851 1332 2899 et
1356 2838 1417 2898 cir·

150 2941 324 3023 cumspecti
350 2941 409 3001 viri
434 2941 558 3002 domini
583 2941 756 3026 Perovrych
782 2943 886 3023 primo
912 2943 1027 3005 citatus
1051 2962 1116 3004 non
1141 2944 1333 3024 comparuit.

255 3047 380 3108 Eodem
406 3048 457 3108 die
482 3048 682 3108 causa·inter
708 3047 884 3129 Georgium
911 3049 1145 3131 carpentarium
1170 3062 1200 3109 et
1225 3050 1416 3128 magistrum

148 3153 290 3215 Blasium
326 3153 588 3215 archidiaconum
623 3152 841 3214 chasmensem
876 3169 906 3215 et
945 3156 1135 3216 canonicum
1173 3155 1417 3235 zagrabiensem

149 3260 278 3321 racione
303 3260 470 3321 cuiusdam
496 3259 594 3321 debiti
614 3279 668 3340 per
696 3260 817 3321 dictum
836 3262 1022 3341 magistrum
1041 3262 1183 3322 Blasium
1208 3260 1313 3322 eidem
1333 3262 1417 3323 obli-

147 3366 212 3445 gati
246 3380 389 3446 pretextu
422 3367 637 3447 quorumdam
670 3383 828 3427 certorum
862 3368 1008 3429 laborum
1042 3381 1073 3428 et
1104 3367 1324 3428 laboratorum
1360 3388 1416 3449 per

148 3471 252 3554 ipsum
278 3471 455 3553 Georgium
488 3473 519 3532 in
545 3472 760 3554 disposicione
792 3473 959 3534 cuiusdam
992 3473 1108 3534 domus
1141 3474 1240 3554 ipsius
1270 3475 1416 3555 magistri

148 3578 245 3640 Blasii
270 3592 535 3660 consumptorum
560 3592 591 3640 et
608 3599 672 3639 non
687 3580 936 3660 persolutorum‚
954 3581 1047 3661 jurati
1071 3579 1306 3658 adjudicarunt,
1324 3580 1416 3661 quod

148 3683 215 3765 ipse
240 3682 400 3764 Georgius
424 3684 600 3746 solusmeth
625 3683 728 3764 jurare
753 3685 792 3744 ad
818 3701 967 3747 octavum
992 3685 1078 3746 diem
1105 3685 1234 3746 debebit
1258 3704 1317 3766 pro
1344 3686 1416 3768 ipso

147 3788 258 3851 debito
283 3790 370 3870 quod
395 3791 511 3851 eodem
529 3791 587 3850 sibi
606 3791 777 3870 obligatur,
803 3805 834 3851 et
852 3791 955 3852 dictus
979 3792 1130 3872 magister
1148 3791 1273 3852 Blasius
1289 3791 1417 3853 solvere

148 3894 297 3971 babebit;
321 3896 345 3955 si
371 3894 449 3975 quid
482 3910 587 3957 autern
618 3895 683 3976 ipse
716 3897 866 3977 magister
891 3898 1016 3958 Blasius
1049 3912 1159 3959 contra
1190 3897 1330 3958 eundem
1364 3918 1417 3960 ac·

149 4001 420 4079 cionisbabuerit‚
445 4000 577 4080 juridice
602 4002 760 4081 requirat;
785 4003 851 4083 ipse
872 4003 1022 4083 magister
1047 4003 1171 4064 Blasius
1196 4002 1235 4062 de
1260 4001 1322 4063 biis
1348 4024 1417 4066 uon

150 4119 318 4167 contentus
342 4105 516 4188 appellavit
540 4107 579 4166 ad
604 4107 745 4167 seniores
769 4107 901 4187 judices.

257 4211 398 4273 Sabbata
423 4212 474 4273 die
500 4211 673 4273 inmediate
698 4215 844 4293 sequenti
863 4215 1004 4275 seniores
1021 4215 1142 4296 judices
1165 4213 1323 4297 prefatam
1342 4236 1418 4278 cau·

148 4337 215 4379 sam
241 4318 323 4379 inter
346 4317 486 4400 prefatos
519 4318 696 4400 Georgium
730 4321 964 4401 carpentarium
993 4335 1023 4381 et
1055 4321 1243 4401 magistrum
1270 4320 1418 4385 Blasium

148 4425 339 4486 canonicum
365 4426 478 4487 eodem
504 4425 602 4485 modo
624 4424 848 4505 adjudicarunt
865 4441 960 4507 prout
984 4427 1072 4508 prius
1090 4426 1183 4507 jurati
1208 4425 1418 4504 adjudicave-

148 4546 218 4592 rant
242 4545 272 4593 et
296 4531 583 4607 confirmaverunt;
608 4531 749 4613 prefatus
767 4552 842 4594 vero
868 4533 1019 4613 magister
1044 4533 1168 4594 Blasius
1186 4532 1224 4592 de
1250 4533 1418 4614 adjudica-

147 4639 240 4700 cione
264 4636 459 4720 prefatorum
485 4638 649 4700 seniorum
674 4637 817 4718 judicum
842 4658 907 4700 non
931 4655 1110 4718 contentus,
1134 4639 1189 4700 sed
1213 4653 1315 4701 totam
1341 4661 1417 4704 cau-

148 4745 278 4806 samad
303 4745 488 4825 magistrum
519 4744 776 4805 thavernicorum
801 4745 985 4827 appellavit.

254 4851 378 4912 Eodem
403 4851 454 4911 die
479 4851 621 4912 seniores
645 4850 767 4930 judices
791 4871 918 4912 causam
944 4866 1064 4913 motam
1089 4853 1171 4913 inter
1195 4852 1331 4914 Paulum
1352 4854 1417 4916 Va·

145 4960 217 5042 lyas
242 4973 272 5019 et
299 4957 475 5019 Sinkonem
494 4957 654 5018 literatum
680 4957 807 5018 racione
830 4958 995 5019 cuiusdam
1014 4959 1087 5037 telc,
1111 4978 1207 5040 quam
1226 4958 1322 5020 telam
1342 4979 1416 5043 pre·
