3142 5356
559 519 644 576 Anno
667 531 759 595 1492.
779 550 823 560 —
847 513 896 576 16.
921 519 1029 579 martii.

612 728 724 790 Gurko
750 728 922 790 Koskoicb.

613 836 715 895 Lucas
739 847 839 896 sutor.

612 940 744 1003 Mathko
770 939 996 1021 Pongrachicz.

611 1047 719 1108 Bartol
743 1060 841 1110 sutor.

612 1152 772 1236 Georgius
795 1153 892 1218 faber.

612 1259 737 1321 lwanus
760 1274 859 1323 sutor.

610 1367 776 1428 Emericus
800 1366 939 1429 Kozech.

610 1472 728 1533 Paulus
754 1473 893 1535 Thislar.

613 1578 725 1640 Gurko
749 1579 888 1662 sellipar.

609 1685 746 1747 Mathias
775 1685 925 1768 frenipar.

610 1791 736 1873 Gregur
759 1793 910 1872 agricola.

614 1898 765 1960 Nicolaus
789 1899 924 1962 institor.

615 2004 740 2085 Gregur
765 2005 905 2087 Zedyna.

613 2112 809 2173 Laurentius
835 2112 1006 2196 Katbrych.

614 2217 726 2279 Gurko
752 2217 903 2282 carnifex.

615 2323 727 2385 Petrus
752 2324 879 2406 Sporar.

1037 2211 1056 2247 δ

257 2469 333 2531 Item
359 2487 453 2529 causa
478 2467 558 2528 inter
591 2466 813 2528 honorabilem
848 2467 1016 2528 dominum
1046 2466 1200 2528 Mathiam
1232 2469 1416 2549 prebenda·

153 2577 236 2638 rium
262 2574 501 2656 zagrabiensem
526 2588 556 2634 et
581 2573 722 2633 Blasium
748 2573 882 2634 Nesthin
912 2574 1031 2634 dictum
1058 2574 1185 2634 racione
1211 2589 1241 2635 et
1266 2590 1416 2656 pretextu

148 2683 381 2764 quinquaginta
407 2680 598 2741 cubulorum
625 2680 688 2740 vini
722 2681 807 2757 novi,
841 2681 872 2740 in
897 2693 1015 2741 sortem
1044 2681 1134 2741 cuius
1167 2680 1235 2741 vini
1260 2682 1328 2763 ipse
1354 2683 1412 2744 do·

149 2789 255 2849 minus
280 2787 415 2848 Mathias
438 2785 543 2847 eidem
569 2786 677 2847 Blasio
702 2785 833 2846 dederat
862 2785 973 2847 decem
998 2786 1079 2863 flor„
1100 2799 1135 2847 ut
1160 2789 1323 2849 asserebat
1348 2789 1415 2870 ipse

149 2894 273 2954 lllasius
298 2893 358 2953 sibi
383 2893 613 2974 promissorum
633 2892 708 2952 dare
725 2912 780 2974 per
805 2893 907 2973 ipsum
928 2893 1095 2953 dominum
1116 2892 1269 2954 Mathiam
1296 2893 1327 2954 iu
1346 2908 1414 2956 toto

149 2999 217 3062 flor.
243 2999 441 3081 quindecim,
468 2999 535 3081 ipse
561 3019 636 3060 vero
670 2999 822 3060 dominus
847 2999 985 3059 Mathias
1016 3019 1053 3060 ex
1077 2999 1212 3061 adverso
1237 3001 1415 3082 respondit,

149 3105 236 3186 quod
262 3125 325 3166 non
352 3106 498 3186 promisit
523 3106 594 3186 plus
619 3106 694 3166 dare
712 3126 809 3186 quam
828 3107 914 3186 ipsos
932 3107 1043 3166 decem
1068 3105 1138 3167 lior.
1165 3120 1196 3167 et
1220 3106 1308 3188 quod
1326 3109 1414 3170 testi-

150 3211 295 3272 monium
322 3213 414 3272 ambe
440 3226 543 3293 partes
568 3213 788 3293 produxerunt
812 3227 842 3272 et
866 3211 950 3292 juxta
970 3231 1081 3272 eorum
1106 3214 1348 3275 attestacionem
1366 3215 1414 3297 ju·

150 3317 208 3378 rati
233 3316 506 3397 adjudicaverunt,
533 3317 620 3398 quod
646 3319 711 3398 ipse
738 3318 861 3378 Blasius
890 3319 1005 3378 debeat
1037 3318 1096 3399 ipsi
1122 3319 1256 3380 domino
1282 3319 1415 3382 Matheo

151 3422 347 3503 integraliter
372 3424 447 3484 dare
472 3425 558 3504 ipsos
583 3424 817 3504 quinquaginta
836 3425 972 3485 cubulos
996 3425 1061 3484 vini
1088 3439 1183 3506 prout
1207 3426 1266 3486 sibi
1292 3427 1414 3506 promi·

150 3546 242 3608 serat,
274 3531 352 3590 etsi
385 3531 582 3612 superlluum
616 3531 681 3610 ipse
715 3531 839 3590 Blasius
871 3531 966 3591 habet
990 3530 1028 3590 de
1061 3531 1206 3611 pecuniis
1238 3545 1333 3612 prout
1358 3551 1415 3612 per

149 3638 412 3698 communitatem
431 3638 541 3697 vinum
567 3637 748 3697 estimatum
773 3653 803 3698 et
820 3651 960 3698 taxatum
986 3651 1042 3715 est,
1060 3638 1118 3698 erit
1135 3637 1195 3697 sibi
1221 3656 1293 3698 cum
1319 3637 1414 3699 effec-

149 3742 241 3804 cione
266 3743 426 3823 obligatus
444 3743 628 3816 restituere;
652 3741 793 3823 prelatus
810 3763 885 3804 vero
912 3744 1035 3804 Blasius
1053 3763 1116 3804 non
1142 3757 1310 3805 contentus
1339 3764 1411 3806 cau·

148 3868 216 3910 sam
241 3849 415 3930 appellavit
439 3850 478 3910 ad
504 3850 655 3910 seniores.

335 4052 428 4123 lesia
459 4061 556 4123 sexta
587 4055 743 4141 proxima
772 4061 850 4124 ante
879 4055 1000 4125 festum
1030 4054 1211 4126 Benedicti.

678 4204 743 4284 (16.
768 4207 897 4287 rnurtr't).

255 4345 365 4406 Petrus
389 4344 473 4406 lilius
498 4346 626 4407 Thome
660 4349 764 4428 Burga
798 4349 872 4408 dicti
903 4348 942 4408 de
974 4349 1032 4409 sub
1058 4347 1172 4430 Okych
1198 4361 1342 4429 repertus
1366 4363 1415 4411 est

149 4452 181 4512 iu
215 4449 389 4530 luiticinio,
422 4453 537 4534 primo,
569 4453 601 4514 in
635 4454 751 4515 balneo
783 4451 905 4515 furatus
937 4468 983 4516 est
1015 4474 1114 4515 unum
1147 4453 1314 4534 cingulum
1339 4473 1414 4516 curn

150 4558 243 4619 bursa
269 4570 300 4619 et
324 4577 425 4619 unum
451 4559 588 4620 biretum
614 4559 653 4621 de
679 4560 883 4639 mardurinis,
908 4561 939 4621 in
963 4563 1056 4622 bursa
1081 4580 1181 4621 unum
1207 4560 1276 4622 flor.
1302 4573 1333 4622 et
1358 4562 1414 4623 de·

149 4663 256 4725 uarios
280 4664 409 4744 vigintie
430 4664 506 4726 ltem
533 4666 563 4726 in
590 4665 706 4727 balneo
735 4667 881 4728 similiter
914 4668 1127 4728 barbitonsori
1152 4687 1252 4729 unum
1278 4667 1414 4730 anulum

148 4783 345 4850 argenteum.
370 4770 448 4833 Item
480 4791 580 4833 unum
611 4773 756 4853 gladium
790 4774 885 4834 unius
913 4774 1096 4835 sacerdotis.
1130 4773 1207 4835 ltem
1232 4787 1297 4834 tres
1321 4787 1412 4836 cutes

151 4875 286 4938 bovinas
311 4877 343 4937 iu
368 4877 439 4938 vico
465 4892 610 4940 sutorum
634 4898 692 4959 pro
726 4898 791 4959 quo
816 4880 962 4941 detentus
986 4893 1017 4941 et
1047 4880 1261 4945 sententiatos
1284 4892 1315 4940 et
1338 4900 1414 4942 cum

150 4982 246 5068 virgis
271 4983 422 5068 expulsus
446 4997 476 5046 et
500 4984 532 5047 in
551 4985 711 5049 territorio
736 4985 871 5050 civitatis
895 5005 1050 5070 umquam
1074 5007 1106 5047 se
1124 4985 1260 5050 inveniri
1285 4985 1414 5052 debeat.
