3142 5356
148 544 301 604 bulorum
328 544 394 604 vini
429 543 468 604 ad
502 544 673 604 claustrum
703 544 802 603 sancti
837 543 995 605 Francisci
1028 543 1220 604 confessoris
1252 544 1416 603 annuatim

147 650 384 731 proveniendo,
403 651 555 733 magistro
573 651 757 712 Alexandro
782 650 905 731 phisico
930 670 987 731 pro
1004 650 1143 710 sedecim
1163 648 1231 710 flor.
1256 649 1324 709 auri
1342 669 1417 710 ven·

148 758 234 818 didit
266 773 423 840 perpetuo
457 758 684 840 possidendam
709 772 740 818 et
771 757 944 838 superinde
976 773 1021 819 est
1054 757 1144 816 litera
1173 759 1232 816 snb
1265 757 1417 836 pendenti

146 865 257 944 sigillo
283 865 522 926 communitatis
547 878 705 927 emanata.

258 987 336 1049 ltem
362 988 553 1049 Valentinus
570 987 655 1049 filius
673 987 838 1049 Michaelis
855 986 970 1067 judicis
990 986 1154 1068 Saronych
1173 987 1260 1064 dicti,
1285 986 1417 1065 juratus,

147 1095 293 1156 concivis
318 1110 436 1172 noster,
453 1095 659 1156 medietatem
686 1095 852 1155 cuiusdam
871 1094 998 1170 domus,
1023 1092 1114 1153 fundi
1140 1108 1170 1154 et
1193 1092 1417 1155 hedificiorum

148 1201 182 1261 in
209 1200 336 1262 civitate
361 1201 502 1282 predicta
536 1201 618 1261 inter
650 1201 766 1261 domos
799 1214 830 1260 et
855 1199 972 1261 fundos
1005 1200 1096 1260 Pauli
1122 1200 1362 1282 Sulkowychyn
1388 1215 1418 1262 et

149 1306 237 1368 Galli
264 1309 391 1385 sutoris,
416 1323 599 1369 nostrorum
625 1308 819 1385 concivium,
839 1307 957 1385 habite,
982 1328 999 1367 a
1024 1321 1112 1389 parte
1136 1307 1288 1369 videlicet
1312 1322 1416 1388 poste-

148 1414 226 1474 riori
252 1413 404 1490 habitam,
431 1413 586 1475 hedificiis
611 1414 726 1494 ligneis
755 1415 948 1490 decoratam,
975 1433 1071 1473 unam
1096 1413 1245 1475 videlicet
1270 1428 1416 1495 quartam

147 1521 237 1580 curie
263 1520 294 1580 in
321 1540 354 1580 se
380 1521 610 1598 continentem,
636 1520 765 1581 Andree
788 1519 854 1581 lilio
885 1520 967 1581 Petri
1001 1520 1076 1580 dicti
1103 1520 1333 1581 Plemenschalt
1357 1540 1416 1601 pro

147 1626 290 1707 quadam
315 1639 398 1687 terra
422 1646 478 1686 sua
505 1626 616 1687 arabili
635 1641 666 1688 et
690 1646 749 1708 pro
773 1626 994 1687 additamento
1012 1625 1123 1686 decem
1140 1626 1333 1687 cubulorum
1351 1625 1416 1686 vini

149 1754 206 1814 per
232 1733 364 1793 modum
391 1733 641 1815 permutacionis
657 1733 747 1794 dedit
771 1747 926 1814 perpetuo
945 1731 1171 1812 possidendam
1191 1746 1221 1793 et
1245 1732 1416 1814 superinde

149 1855 197 1900 est
221 1840 310 1900 litera
336 1841 395 1900 sub
420 1839 573 1921 pendenti
599 1839 707 1919 sigillo
737 1840 977 1899 communitatis
1002 1854 1159 1900 emanata.

258 1964 334 2024 Item
361 1964 500 2045 quedam
527 1964 653 2039 domus,
674 1961 792 2023 fundus
816 1976 846 2023 et
863 1961 1009 2022 hedificia
1029 1962 1190 2022 Dominici
1216 1962 1417 2042 agricultoris

150 2069 208 2130 filii
235 2071 322 2130 Laad
347 2071 377 2129 in
403 2070 531 2131 civitate
557 2070 697 2151 predicta
732 2069 812 2128 inter
837 2069 952 2129 domos
986 2069 1162 2130 liberorum
1189 2069 1325 2128 condam
1351 2073 1416 2129 An·

149 2176 254 2237 thonii
280 2177 446 2258 Pestelych
472 2191 502 2237 ct
527 2177 616 2236 Jurse
641 2174 797 2236 carnificis
821 2195 857 2235 ac
882 2176 1056 2235 liberorum
1082 2175 1217 2236 condam
1246 2174 1336 2235 Pauli
1361 2175 1415 2235 de·

150 2284 221 2344 cani
250 2282 367 2360 habita,
392 2283 532 2343 mediam
560 2283 680 2343 curiam
706 2283 745 2342 ad
778 2302 870 2342 usum
896 2282 1033 2342 civitatis
1057 2281 1198 2362 predicte
1226 2282 1254 2341 in
1283 2301 1315 2342 se
1341 2301 1415 2342 con-

150 2391 267 2467 tinens,
292 2405 338 2450 est
363 2391 454 2450 novis
479 2390 579 2450 literis
612 2389 727 2451 nostris
760 2389 1014 2470 privilegialibus
1048 2390 1106 2449 sub
1131 2387 1283 2469 pendenti
1308 2389 1416 2468 sigillo

150 2497 390 2557 communitatis
405 2497 510 2557 eidem
528 2497 701 2557 Dominico
719 2510 905 2578 perpetuata
918 2494 985 2576 jure
1004 2494 1191 2577 perhennali
1211 2495 1414 2576 possidenda.

258 2619 334 2680 Item
369 2619 469 2680 Elena
503 2621 610 2680 relicta
647 2618 777 2700 Georgii
813 2620 993 2701 purgatoris
1024 2619 1218 2700 gladiorum,
1251 2619 1414 2700 quandam

151 2726 286 2786 domum
311 2745 401 2786 suam
426 2746 498 2786 cum
525 2725 625 2786 fundo
644 2741 674 2786 et
699 2724 855 2787 hedificiis
880 2727 911 2786 in
941 2726 1024 2786 dicta
1044 2726 1170 2786 civitate
1196 2726 1277 2786 inter
1300 2726 1416 2786 domos

151 2845 182 2893 et
206 2830 324 2892 fundos
348 2832 504 2893 Anthonii
531 2832 598 2892 coci
624 2832 740 2893 literati
766 2846 796 2892 et
823 2832 912 2892 Pauli
932 2832 1070 2914 Doyltyn
1095 2830 1248 2905 habitam,
1274 2831 1415 2891 mediam

151 2938 273 2999 curiam
300 2939 330 2998 in
356 2959 387 2998 se
406 2939 637 3015 continentem,
664 2939 755 2998 Petro
772 2935 841 2998 filio
864 2938 992 2999 Thome
1010 2937 1050 2997 de
1068 2938 1244 2997 lwanowcz
1269 2937 1415 2999 vendidit

151 3058 308 3127 perpetuo
332 3045 561 3127 possidendam
587 3060 617 3106 et
641 3045 812 3127 superinde
847 3060 893 3106 est
924 3046 1014 3107 litera
1045 3045 1104 3105 sub
1130 3045 1281 3125 pendenti
1307 3045 1414 3125 sigillo

152 3153 393 3213 communitatis
417 3167 573 3213 emanata.

261 3277 338 3336 ltem
357 3277 552 3336 laurencius
570 3277 683 3337 lanselr
702 3277 792 3336 aliter
817 3290 957 3353 vocatus,
974 3291 1072 3353 sutor,
1090 3276 1252 3358 quendam
1278 3275 1414 3337 fundum

152 3403 248 3444 suum
274 3384 380 3443 medie
406 3385 490 3444 curie
517 3385 547 3444 in
574 3385 644 3443 vico
671 3384 769 3464 ipsius
805 3384 941 3443 civitatis
965 3384 1113 3445 exteriori
1146 3404 1202 3444 seu
1227 3384 1330 3464 platea
1363 3404 1414 3444 su·

152 3504 259 3550 torum
286 3489 390 3550 lutosa
429 3491 509 3550 inter
540 3490 655 3550 domos
680 3504 710 3550 et
743 3488 860 3549 fundos
885 3489 1012 3549 Andree
1046 3488 1126 3550 fabri
1152 3504 1182 3549 et
1207 3489 1303 3550 lrvani
1327 3489 1414 3550 simi·

154 3596 225 3656 iiter
259 3595 338 3656 labri
381 3597 543 3673 habitum,
577 3595 724 3656 lvlichaeli
759 3594 848 3656 fabro
888 3594 955 3656 filio
988 3595 1136 3676 Gregorii
1169 3596 1207 3655 de
1242 3595 1414 3677 Methlylta,

151 3721 237 3762 novo
263 3703 387 3762 concivi
412 3718 532 3779 nostro,
564 3703 710 3763 vendidit
741 3717 896 3784 perpetuo
929 3702 1158 3783 possidendum
1189 3715 1218 3763 et
1242 3701 1413 3784 superinde

152 3822 198 3868 est
221 3808 312 3868 litera
336 3810 395 3869 sub
421 3809 573 3889 pendenti
598 3808 705 3888 sigillo
734 3809 975 3869 communitatis
1000 3824 1157 3870 emanata.

257 3934 334 3995 ltem
362 3935 550 3994 Dominicus
574 3933 715 4015 irenipar
739 3932 823 3994 filius
846 3933 1002 4015 Stephani
1031 3934 1200 4009 seilatoris,
1225 3933 1349 4014 pridem
1367 3932 1413 4012 ju·

151 4055 237 4099 ratus
260 4055 290 4099 et
315 4041 456 4100 concivis
481 4056 597 4116 noster,
631 4041 835 4101 medietatem
870 4040 1035 4100 cuiusdam
1069 4039 1176 4119 (h)orti
1202 4039 1233 4099 in
1259 4040 1413 4100 suburbio

150 4146 288 4207 civitatis
312 4146 453 4228 predicte
481 4148 560 4206 inter
578 4146 731 4225 th)ortum
758 4147 924 4206 lacomelli
945 4160 974 4206 et
998 4159 1115 4205 terram
1133 4145 1263 4206 domine
1290 4146 1413 4226 Marga-

150 4252 238 4313 rethe
263 4252 326 4313 filie
353 4254 548 4334 sigismundi
576 4254 686 4330 habiti,
724 4252 884 4313 Clementi
904 4251 1054 4332 lrenipari
1079 4250 1147 4312 filio
1173 4251 1268 4312 Blasii
1293 4271 1413 4331 genero

149 4379 208 4419 suo
234 4360 378 4420 vendidit
402 4375 559 4441 perpetuo
585 4359 811 4440 possidendam
837 4373 867 4418 et
883 4358 1056 4441 superinde
1082 4374 1127 4420 est
1144 4358 1235 4419 litera
1260 4360 1319 4419 sub
1336 4378 1414 4440 pen·

149 4466 238 4526 denti
263 4466 370 4546 sigillo
395 4467 634 4527 communitatis
659 4480 816 4526 emanata.

257 4589 333 4650 ltcm
359 4591 458 4650 Elena
492 4591 601 4650 relicta
635 4588 771 4650 condam
805 4589 896 4649 Pauli
929 4587 1153 4671 Duymovvych
1178 4602 1208 4648 et
1233 4586 1356 4649 Martha
1382 4601 1413 4649 et

150 4696 322 4757 Katherina
349 4695 411 4757 filie
438 4697 592 4772 eiusdem,
618 4695 779 4776 quandam
806 4695 939 4755 domum
966 4715 1072 4755 earum
1093 4695 1188 4755 simul
1213 4715 1285 4755 cum
1312 4692 1413 4755 fundo

147 4821 178 4866 et
203 4804 320 4865 celario
345 4806 551 4865 subterraneo
577 4823 611 4863 ac
638 4802 793 4863 hedificiis
818 4804 882 4862 suis
905 4804 936 4862 in
963 4803 1125 4863 vicinitate
1150 4802 1266 4863 domus
1294 4802 1406 4863 Briccii
