3156 5364
684 293 885 370 Anno1402.

259 506 338 568 ltem
363 505 462 566 Jacob
487 504 612 565 institor
628 504 732 566 dictus
749 504 867 566 Furlan
893 503 1039 565 vendidit
1063 505 1285 585 proquodam
1311 505 1422 567 debito

153 613 308 674 lobannis
331 611 497 694 presbiteri
529 611 664 672 domum
689 631 745 672 seu
776 608 916 673 fundum
946 610 1091 672 eiusdem
1117 611 1275 673 lobannis
1300 613 1422 693 presbi-

151 721 210 781 teri
235 717 381 779 vendidit
406 717 525 798 Burgio
550 717 666 796 jurato,
690 731 837 799 tempore
862 717 937 778 dicti
964 716 1130 780 lobannis.

259 825 337 887 Item
348 844 407 886 nos
424 824 640 885 communitas
652 823 801 886 dedimus
818 824 953 887 domino
971 823 1130 907 Mychaeli
1148 825 1280 886 terciam
1299 839 1420 907 partem

151 932 342 1016 plebanatus
366 930 498 991 ecclesie
517 943 623 992 nostre
649 931 733 991 beati
760 930 858 992 Marci
875 930 983 1012 quoad
1009 943 1154 992 nostrum
1179 931 1419 1013 beneplacitum

152 1037 349 1122 possidendi,
374 1036 504 1098 tenendi
529 1050 560 1098 et
584 1037 616 1097 in
643 1036 756 1098 eadem
780 1036 955 1118 gaudendi.

258 1144 335 1206 ltem
361 1143 493 1205 domina
519 1143 609 1204 Jelka
633 1163 764 1204 consors
788 1143 918 1205 Thome
937 1143 1018 1222 lsan,
1043 1142 1132 1204 dedit
1156 1163 1247 1204 suam
1273 1157 1419 1225 quartam

153 1250 238 1311 curie
263 1249 367 1330 Cigan
392 1247 531 1310 carnifici
557 1267 614 1330 pro
639 1248 805 1330 quoddam
828 1269 887 1310 suo
905 1247 994 1311 senili
1019 1268 1093 1310 cum
1118 1249 1343 1312 additamento
1359 1264 1419 1312 tre·

153 1357 256 1417 decim
279 1356 349 1418 flor.
374 1356 454 1432 auri,
479 1369 624 1436 tempore
648 1354 784 1437 predicti
811 1355 935 1417 domini
961 1355 1117 1417 lobannis
1140 1355 1267 1437 judicis.

259 1461 337 1522 ltem
362 1460 488 1542 Chigan
514 1460 654 1522 carnifex
679 1461 768 1522 dedit
792 1481 887 1522 suum
911 1460 1008 1523 fenile
1026 1481 1098 1523 cum
1124 1461 1349 1524 additamento
1372 1482 1419 1523 se·

153 1566 256 1629 decim
282 1565 352 1629 flor.
369 1567 438 1628 auri
464 1566 554 1628 Jelke
572 1567 711 1628 consorti
730 1566 859 1628 Thome
877 1567 945 1628 lsan
969 1586 1027 1650 pro
1056 1567 1196 1649 quadam
1221 1581 1418 1648 suaquarta,

152 1687 298 1754 tempore
323 1673 399 1735 dicti
424 1672 550 1754 judicis.

259 1779 336 1841 ltem
362 1778 500 1861 Mayhen
527 1779 566 1839 de
591 1778 762 1841 Chicheria
788 1792 817 1839 et
843 1778 1035 1840 Benedictus
1058 1774 1150 1863 {filius
1174 1779 1284 1840 Mathe
1310 1780 1416 1842 vendi·

152 1886 271 1948 derunt'
286 1900 402 1948 terram
428 1906 540 1947 eorum
559 1885 715 1948 desertam
734 1904 835 1967 prope
853 1885 1068 1948 monticulum
1087 1886 1272 1967 vigiliarum
1290 1887 1418 1949 Vrbano

153 1982 389 2074 Krapcheuich‚
413 2008 559 2074 tempore
584 1992 660 2054 dicti
686 1990 810 2068 iudicis.

260 2099 338 2160 ltem
364 2097 523 2179 Georgius
554 2097 640 2159 filius
671 2097 813 2158 Ladislai
846 2098 975 2179 pistoris
1006 2097 1152 2159 vendidit
1176 2098 1306 2160 vineam
1328 2118 1416 2160 suam

152 2205 325 2266 Valentino
349 2204 417 2267 filio
442 2204 575 2282 Gerdas‚
599 2219 744 2286 tempore
769 2204 845 2266 dicti
869 2204 993 2286 judicis.

258 2312 336 2374 ltem
362 2312 511 2373 dedimus
536 2310 643 2372 literas
660 2325 785 2372 nostras
809 2311 943 2373 domine
968 2311 1091 2392 Agiche
1116 2313 1257 2373 consorti
1279 2312 1417 2375 Barzech

152 2436 248 2500 super
273 2418 443 2479 medietate
468 2417 558 2478 vinee
592 2431 624 2478 et
645 2417 724 2478 silve
757 2437 813 2499 per
846 2417 950 2499 ipsum
976 2417 1096 2479 Mathei
1122 2418 1263 2480 Plauech
1288 2419 1417 2500 legatas,

152 2538 298 2607 tempore
323 2525 399 2585 dicti
424 2523 547 2603 judicis.

259 2631 336 2692 ltem
369 2630 531 2692 lohannes
564 2629 649 2691 filius
683 2629 820 2711 Myklini
845 2630 992 2692 vendidit
1023 2649 1121 2692 unam
1146 2631 1339 2712 particulam
1363 2650 1416 2692 sue

153 2738 246 2799 vinee
272 2738 393 2820 Munya
419 2735 486 2798 filio
513 2736 580 2815 luk,
604 2750 750 2817 tempore
769 2735 845 2797 dicti
870 2735 995 2815 judicis.

260 2844 336 2905 ltem
362 2844 510 2905 dedimus
534 2842 574 2903 de
604 2861 691 2903 novo
723 2843 830 2907 literas
862 2858 985 2904 nostras
1010 2843 1146 2905 Nicolao
1172 2842 1300 2924 Chigan
1324 2863 1414 2926 super

152 2951 294 3032 quodam
320 2970 379 3012 suo
403 2948 504 3028 senili,
530 2949 604 3030 quia
629 2949 821 3030 approbavit
839 2947 907 3009 lore
931 2949 1032 3010 dictas
1056 2949 1164 3011 literas
1188 2966 1413 3026 concrematas,

151 3072 297 3139 tempore
322 3056 397 3118 dicti
421 3056 545 3138 judicis.

258 3164 336 3224 ltem
362 3163 486 3224 Blasius
509 3160 594 3223 filius
618 3159 756 3221 Emerici
787 3161 1011 3243 comprobavit
1035 3161 1124 3243 quod
1150 3160 1312 3244 Georgius
1335 3160 1412 3223 filius

151 3268 285 3349 predicti
319 3269 457 3330 Emerici
489 3269 548 3329 sibi
584 3264 705 3328 dimisit
736 3285 834 3327 unam
866 3287 956 3329 suam
988 3269 1134 3347 vineam,
1165 3282 1313 3350 tempore
1345 3287 1407 3350 pre·

153 3375 228 3435 dicti
253 3375 376 3454 judicis.
