3142 5356
147 336 208 416 326
676 333 762 391 Anno
785 346 877 410 1439.

147 568 256 610 rorum
282 547 419 608 condam
447 545 613 607 Michaelis
638 545 817 607 Sebastiani
841 559 870 605 et
900 543 1056 606 lobannis
1086 546 1243 608 institoris
1267 568 1307 609 ac
1334 548 1413 610 Petri

148 655 280 717 cultoris
304 653 445 716 filiorum
463 653 591 714 Thome
616 652 771 728 habitam,
795 672 849 712 sex
873 665 908 712 ut
936 651 1053 713 dicitur
1077 653 1179 714 dietas
1202 654 1235 714 in
1260 674 1295 714 se
1314 655 1415 716 conti·

148 775 289 839 nentem,
307 759 481 822 Valentino
505 758 609 839 jurato
626 755 695 819 filio
713 757 880 819 Michaelis
901 756 977 819 dicti
1004 757 1173 841 Saronych
1198 779 1258 841 pro
1277 761 1416 842 quadam

148 868 248 930 domo
272 887 329 928 sua
353 866 452 943 civili,
476 885 539 946 que
563 864 701 926 condam
725 865 813 926 Mare
838 864 983 926 mulieris
999 862 1172 946 prefuerat,
1197 882 1246 928 est
1270 887 1416 928 concam·

150 974 276 1036 bialiter
302 972 373 1034 data
398 986 555 1055 perpetuo
580 970 775 1053 possidenda
808 985 839 1032 et
870 971 1043 1053 superinde
1068 985 1116 1033 est
1139 972 1231 1034 litera
1255 975 1318 1035 snb
1342 995 1415 1057 pen-

149 1079 237 1142 denti
262 1079 370 1161 sigillo
395 1078 636 1139 communitatis
661 1091 821 1139 emanata.

255 1185 332 1247 ltem
359 1184 540 1266 Stephanus
563 1183 648 1245 filius
669 1183 840 1245 Michaelis
864 1183 942 1245 olim
972 1183 1068 1264 judex
1085 1198 1116 1245 et
1140 1186 1284 1246 concivis
1301 1199 1417 1263 noster,

150 1293 313 1375 quandam
338 1305 453 1352 terram
472 1310 562 1351 suam
588 1290 741 1351 arabilem
761 1291 842 1352 inter
865 1305 963 1351 terras
981 1290 1157 1352 liberorum
1181 1292 1322 1354 condam
1341 1291 1417 1353 Gre-

149 1399 231 1480 gorii
255 1397 349 1477 jurati
373 1395 431 1458 filii
457 1395 622 1458 Benedicti
648 1410 679 1458 et
702 1396 836 1458 ecclesie
856 1411 964 1457 nostre
990 1396 1182 1478 parochialis
1206 1399 1293 1459 beati
1320 1398 1416 1460 Marci

152 1503 357 1584 ewangeliste
371 1523 407 1565 ac
425 1504 507 1564 inter
524 1518 554 1564 et
567 1522 666 1584 penes
682 1517 797 1564 terram
817 1501 984 1564 Michaelis
1002 1501 1059 1564 filii
1073 1503 1202 1565 Andree
1217 1504 1256 1565 de
1272 1504 1417 1586 Brusnylr

152 1610 306 1687 habitam,
330 1629 444 1691 asuper
469 1609 518 1669 via
544 1609 707 1669 communi
740 1629 842 1690 usque
867 1607 1021 1670 fossatum
1047 1609 1165 1671 metale
1190 1609 1278 1689 juxta
1303 1625 1417 1672 terram

151 1717 328 1778 liberorum
353 1715 490 1777 condam
516 1713 623 1777 Choni
648 1714 763 1796 judicis
787 1736 820 1777 se
851 1716 1090 1793 extendentem,
1114 1715 1289 1778 duodecim
1315 1730 1350 1777 ut
1373 1716 1417 1776 di-

153 1822 235 1884 citur
260 1822 361 1883 dietas
386 1821 417 1882 in
442 1842 474 1883 se
500 1822 731 1900 continentem,
755 1841 828 1883 cum
851 1823 917 1882 suis
940 1822 1134 1883 utilitatibus
1158 1837 1188 1883 et
1213 1823 1418 1904 pertinenciis

152 1929 309 1990 universis
335 1927 478 2010 Georgio
513 1926 581 1989 filio
605 1928 688 1989 Petri
721 1929 761 1990 de
786 1928 968 1988 Petrowina
996 1947 1055 2010 pro
1079 1929 1266 2009 octuaginta
1292 1929 1418 1990 duobus

153 2034 222 2097 flor.
249 2036 317 2096 auri
342 2035 488 2097 vendidit
508 2048 665 2117 perpetuo
683 2035 910 2116 possidendam
936 2050 967 2097 et
990 2035 1163 2116 superinde
1180 2051 1227 2096 est
1251 2035 1344 2098 litera
1361 2038 1417 2097 sub

152 2141 309 2224 pendenti
334 2141 442 2222 sigillo
475 2142 714 2202 communitatis
746 2141 851 2202 eidem
885 2140 1028 2223 Georgio
1054 2141 1239 2223 Wllranych
1263 2139 1417 2205 confecta.

260 2248 337 2308 ltem
364 2247 497 2328 quidam
530 2247 667 2327 (b)ortus
700 2247 860 2308 Leonardi
894 2247 991 2308 ltalici
1024 2262 1110 2310 extra
1143 2248 1270 2309 Novam
1295 2264 1417 2330 portam

155 2367 185 2415 et
209 2353 241 2414 in
266 2353 427 2414 territorio
445 2354 544 2434 ipsius
561 2353 697 2415 civitatis
722 2354 804 2415 inter
821 2352 977 2434 (b)ortum
999 2354 1142 2435 magistri
1167 2354 1278 2415 Jacobi
1304 2355 1418 2416 medici

154 2457 212 2520 filii
237 2459 393 2520 Anthonii
418 2459 457 2520 de
483 2458 645 2520 Manthwa
671 2479 706 2520 ac
738 2479 836 2540 penes
861 2458 1015 2521 fossatum
1048 2473 1154 2522 nostre
1179 2462 1418 2522 communitatis

154 2563 299 2644 habitus,
326 2565 464 2646 desuper
495 2586 511 2626 a
536 2566 586 2626 via
616 2567 781 2627 communi
813 2586 928 2647 magna
954 2582 985 2629 et
1017 2566 1099 2629 infra
1124 2587 1226 2649 usque
1251 2568 1337 2629 viam
1364 2588 1418 2630 seu

154 2672 302 2734 semitam
334 2690 541 2733 communem
566 2691 665 2752 penes
697 2672 831 2734 fluvium
867 2687 1011 2735 nostrum
1044 2692 1250 2735 communem
1285 2674 1417 2735 Pretoka

155 2791 305 2840 vocatum
340 2776 493 2854 habitam,
517 2798 550 2838 se
579 2779 764 2858 extendens,
796 2780 936 2841 mediam
961 2780 1083 2841 curiam
1116 2781 1149 2840 in
1174 2799 1207 2840 se
1241 2781 1418 2859 continens,

155 2904 211 2967 per
235 2884 448 2946 donacionem
475 2885 574 2966 ipsius
599 2885 759 2946 Leonardi
785 2885 933 2948 Michaeli
959 2886 1096 2947 institori
1122 2885 1190 2947 lilio
1215 2885 1351 2968 Georgii
1375 2900 1418 2948 est

154 2990 397 3073 privilegialiter
421 2989 627 3052 confirmatus
651 2993 710 3053 sub
734 2992 842 3072 sigillo
874 2992 1114 3054 communitatis
1138 3006 1297 3074 perpetuo
1321 2992 1416 3074 possi·

155 3097 290 3160 dendus.

209 3319 291 3392 ltern
319 3321 405 3392 feria
434 3325 551 3409 quinta
577 3325 731 3410 proxima
760 3330 837 3411 post
864 3323 986 3394 festum
1016 3321 1249 3394 conversionis
1279 3321 1367 3394 beati

646 3445 741 3517 Pauli
771 3447 926 3534 apostoli.

663 3597 729 3675 (29.
746 3599 906 3676 januarii).

263 3737 339 3798 ltem
365 3737 520 3798 medietas
545 3738 663 3801 directa
688 3755 719 3802 et
750 3742 875 3823 equalis
899 3742 1066 3803 cuiusdam
1098 3741 1215 3803 domus
1239 3755 1364 3805 murate
1385 3756 1415 3804 et

159 3842 250 3905 fundi
276 3864 312 3904 ac
337 3843 443 3904 celarii
468 3845 665 3906 subterranei
699 3867 845 3909 necnon
880 3847 1101 3910 hedificiorum
1127 3848 1158 3909 in
1184 3849 1268 3910 dicta
1294 3850 1418 3911 civitate

158 3950 241 4011 inter
273 3949 388 4010 domos
421 3963 451 4010 et
475 3949 593 4012 fundos
625 3952 791 4015 Benedicti
821 3953 914 4034 jurati
947 3953 1003 4015 lilii
1029 3953 1153 4036 Gywan
1190 3969 1221 4016 et
1245 3955 1417 4017 liberorum

158 4056 294 4118 condam
320 4056 448 4118 andree
474 4057 512 4117 de
538 4058 642 4119 Turre
668 4058 773 4121 habite
799 4075 830 4122 et
862 4061 1034 4139 existentis,
1060 4080 1157 4122 unam
1183 4062 1342 4140 integram
1368 4081 1417 4122 cu·

158 4163 236 4224 riatn
261 4163 293 4223 in
318 4183 350 4225 se
375 4164 579 4243 continentis,
604 4165 760 4228 medietas
784 4181 819 4227 ut
835 4167 1010 4249 predicitur
1034 4180 1118 4228 recta
1137 4181 1168 4228 et
1192 4167 1319 4247 equalis
1337 4167 1418 4248 ipso·

157 4289 227 4330 rum
254 4269 370 4329 domus
394 4283 518 4332 murate
554 4285 584 4332 et
607 4269 699 4332 fundi
724 4292 760 4333 ac
785 4271 1007 4333 hedificiorum
1033 4292 1092 4334 nec
1118 4291 1185 4333 non
1211 4272 1331 4352 colarii,
1357 4292 1419 4334 me-

157 4377 243 4438 diam
268 4376 417 4438 videlicet
433 4378 553 4438 curiam
580 4379 610 4439 in
637 4399 668 4440 se
687 4380 866 4458 continens,
884 4399 957 4441 cum
982 4380 1046 4440 suis
1064 4379 1254 4441 utilitatibus
1278 4393 1309 4441 et
1325 4381 1418 4462 perti·

157 4485 277 4546 nenciis
302 4485 457 4545 universis
492 4486 628 4567 provido
654 4487 721 4547 viro
748 4487 877 4569 Mathye
912 4484 1049 4547 carnifici
1084 4484 1151 4547 filio
1176 4485 1343 4566 Johannis,
1368 4506 1416 4549 so·

157 4593 253 4671 rorio‚
278 4606 308 4654 et
333 4593 533 4674 Margarethe
558 4593 695 4672 mulieri,
721 4594 833 4673 sorori,
852 4595 928 4673 suis,
953 4594 1070 4655 donata
1096 4606 1142 4654 est
1166 4613 1223 4676 per
1247 4593 1417 4656 dominum

157 4700 323 4762 Vrbanum
348 4700 540 4762 canonicum
565 4698 669 4762 filium
694 4699 824 4785 Mathye
857 4716 1013 4784 perpetuo
1037 4700 1232 4782 possidenda
1257 4715 1288 4764 et
1311 4722 1421 4785 super·

157 4807 232 4870 inde
257 4822 303 4870 est
327 4808 418 4870 litera
443 4809 502 4870 sub
525 4807 680 4891 pendenti
705 4807 813 4889 sigillo
839 4807 1080 4869 communitatis
1105 4821 1262 4870 emanata.
