<?xml version="1.0" encoding="UTF-8"?>
<!DOCTYPE html PUBLIC "-//W3C//DTD XHTML 1.0 Transitional//EN"
    "http://www.w3.org/TR/xhtml1/DTD/xhtml1-transitional.dtd">
<html xmlns="http://www.w3.org/1999/xhtml" xml:lang="en" lang="en">
 <head>
  <title>
</title>
<meta http-equiv="Content-Type" content="text/html;charset=utf-8" />
  <meta name='ocr-system' content='tesseract 3.04.00' />
  <meta name='ocr-capabilities' content='ocr_page ocr_carea ocr_par ocr_line ocrx_word'/>
</head>
<body>
  <div class='ocr_page' id='page_1' title='image "./monumentahistor17laszgoog_0183.png"; bbox 0 0 3142 5356; ppageno 0'>
   <div class='ocr_carea' id='block_1_1' title="bbox 211 483 1107 562">
    <p class='ocr_par' dir='ltr' id='par_1_1' title="bbox 211 483 1107 562">
     <span class='ocr_line' id='line_1_1' title="bbox 211 483 1107 562; baseline -0.008 -15"><span class='ocrx_word' id='word_1_1' title='bbox 211 486 270 562; x_wconf 80' lang='lat'>136</span> <span class='ocrx_word' id='word_1_2' title='bbox 583 487 670 543; x_wconf 86' lang='lat' dir='ltr'>Anno</span> <span class='ocrx_word' id='word_1_3' title='bbox 694 497 783 559; x_wconf 80' lang='lat'><em>1501.</em></span> <span class='ocrx_word' id='word_1_4' title='bbox 807 519 851 528; x_wconf 94' lang='lat'><em>-</em></span> <span class='ocrx_word' id='word_1_5' title='bbox 873 497 925 544; x_wconf 86' lang='lat'>20.</span> <span class='ocrx_word' id='word_1_6' title='bbox 948 483 1107 542; x_wconf 75' lang='lat' dir='ltr'><em>decembris.</em></span> 
     </span>
    </p>
   </div>
   <div class='ocr_carea' id='block_1_2' title="bbox 389 589 1484 597">
    <p class='ocr_par' dir='ltr' id='par_1_2' title="bbox 389 589 1484 597">
     <span class='ocr_line' id='line_1_2' title="bbox 389 589 1484 597; baseline 0 -2"><span class='ocrx_word' id='word_1_7' title='bbox 389 592 415 597; x_wconf 77' lang='grc'>-,</span> <span class='ocrx_word' id='word_1_8' title='bbox 470 592 480 596; x_wconf 89' lang='grc'>..</span> <span class='ocrx_word' id='word_1_9' title='bbox 876 590 907 595; x_wconf 82' lang='grc'><strong>-</strong></span> <span class='ocrx_word' id='word_1_10' title='bbox 930 590 956 595; x_wconf 81' lang='grc'>-.</span> <span class='ocrx_word' id='word_1_11' title='bbox 976 590 1006 595; x_wconf 87' lang='grc'>-.-</span> <span class='ocrx_word' id='word_1_12' title='bbox 1112 589 1484 597; x_wconf 77' lang='lat'>-—---—-——-——.—.</span> 
     </span>
    </p>
   </div>
   <div class='ocr_carea' id='block_1_3' title="bbox 410 722 1266 957">
    <p class='ocr_par' dir='ltr' id='par_1_3' title="bbox 410 722 1266 957">
     <span class='ocr_line' id='line_1_3' title="bbox 410 722 1266 814; baseline -0.001 -20"><span class='ocrx_word' id='word_1_13' title='bbox 410 722 507 796; x_wconf 77' lang='lat' dir='ltr'>terta</span> <span class='ocrx_word' id='word_1_14' title='bbox 536 726 634 796; x_wconf 84' lang='lat' dir='ltr'>sexta</span> <span class='ocrx_word' id='word_1_15' title='bbox 663 727 817 814; x_wconf 87' lang='lat' dir='ltr'>proxima</span> <span class='ocrx_word' id='word_1_16' title='bbox 848 725 925 795; x_wconf 87' lang='lat' dir='ltr'>ante</span> <span class='ocrx_word' id='word_1_17' title='bbox 954 725 1079 796; x_wconf 84' lang='lat' dir='ltr'>festum</span> <span class='ocrx_word' id='word_1_18' title='bbox 1108 724 1266 795; x_wconf 80' lang='lat' dir='ltr'>Barbare.</span> 
     </span>
     <span class='ocr_line' id='line_1_4' title="bbox 712 877 958 957; baseline 0.008 -21"><span class='ocrx_word' id='word_1_19' title='bbox 712 882 754 957; x_wconf 78' lang='lat'>(3.</span> <span class='ocrx_word' id='word_1_20' title='bbox 783 877 958 956; x_wconf 79' lang='lat' dir='ltr'><em>decembris).</em></span> 
     </span>
    </p>
   </div>
   <div class='ocr_carea' id='block_1_4' title="bbox 208 1017 1485 2484">
    <p class='ocr_par' dir='ltr' id='par_1_4' title="bbox 208 1017 1482 1419">
     <span class='ocr_line' id='line_1_5' title="bbox 315 1017 1482 1102; baseline -0.004 -18"><span class='ocrx_word' id='word_1_21' title='bbox 315 1022 420 1084; x_wconf 83' lang='lat' dir='ltr'>Causa</span> <span class='ocrx_word' id='word_1_22' title='bbox 447 1022 527 1082; x_wconf 90' lang='lat' dir='ltr'>inter</span> <span class='ocrx_word' id='word_1_23' title='bbox 547 1021 699 1082; x_wconf 87' lang='lat' dir='ltr'>Mathiam</span> <span class='ocrx_word' id='word_1_24' title='bbox 720 1018 912 1102; x_wconf 86' lang='lat' dir='ltr'>freniparem</span> <span class='ocrx_word' id='word_1_25' title='bbox 931 1036 961 1081; x_wconf 91' lang='lat' dir='ltr'>et</span> <span class='ocrx_word' id='word_1_26' title='bbox 979 1021 1062 1082; x_wconf 90' lang='lat' dir='ltr'>inter</span> <span class='ocrx_word' id='word_1_27' title='bbox 1079 1019 1200 1081; x_wconf 84' lang='lat' dir='ltr'>Petricz</span> <span class='ocrx_word' id='word_1_28' title='bbox 1217 1019 1366 1080; x_wconf 85' lang='lat' dir='ltr'>similiter</span> <span class='ocrx_word' id='word_1_29' title='bbox 1384 1017 1482 1080; x_wconf 89' lang='lat' dir='ltr'>freni-</span> 
     </span>
     <span class='ocr_line' id='line_1_6' title="bbox 208 1125 1482 1213; baseline -0.004 -22"><span class='ocrx_word' id='word_1_30' title='bbox 208 1149 318 1213; x_wconf 89' lang='lat' dir='ltr'>parem</span> <span class='ocrx_word' id='word_1_31' title='bbox 344 1129 468 1190; x_wconf 90' lang='lat' dir='ltr'>domini</span> <span class='ocrx_word' id='word_1_32' title='bbox 486 1129 577 1210; x_wconf 84' lang='lat' dir='ltr'>jurati</span> <span class='ocrx_word' id='word_1_33' title='bbox 603 1128 871 1205; x_wconf 83' lang='lat' dir='ltr'>adjudicaverunt</span> <span class='ocrx_word' id='word_1_34' title='bbox 891 1147 990 1209; x_wconf 91' lang='lat' dir='ltr'>penes</span> <span class='ocrx_word' id='word_1_35' title='bbox 1007 1127 1061 1187; x_wconf 86' lang='lat' dir='ltr'>illa</span> <span class='ocrx_word' id='word_1_36' title='bbox 1087 1146 1173 1187; x_wconf 88' lang='lat' dir='ltr'>arma</span> <span class='ocrx_word' id='word_1_37' title='bbox 1199 1125 1352 1187; x_wconf 89' lang='lat' dir='ltr'>videlicet</span> <span class='ocrx_word' id='word_1_38' title='bbox 1368 1145 1482 1187; x_wconf 90' lang='lat' dir='ltr'>ensem</span> 
     </span>
     <span class='ocr_line' id='line_1_7' title="bbox 208 1218 1482 1316; baseline -0.005 -18"><span class='ocrx_word' id='word_1_39' title='bbox 208 1249 240 1298; x_wconf 90' lang='lat' dir='ltr'>et</span> <span class='ocrx_word' id='word_1_40' title='bbox 262 1237 464 1312; x_wconf 84' lang='lat' dir='ltr'><strong>cambucam,</strong></span> <span class='ocrx_word' id='word_1_41' title='bbox 489 1218 577 1316; x_wconf 86' lang='lat' dir='ltr'>quod</span> <span class='ocrx_word' id='word_1_42' title='bbox 602 1253 716 1295; x_wconf 91' lang='lat' dir='ltr'>manus</span> <span class='ocrx_word' id='word_1_43' title='bbox 741 1234 836 1295; x_wconf 90' lang='lat' dir='ltr'>debet</span> <span class='ocrx_word' id='word_1_44' title='bbox 860 1231 985 1314; x_wconf 89' lang='lat' dir='ltr'>prefato</span> <span class='ocrx_word' id='word_1_45' title='bbox 1012 1233 1105 1294; x_wconf 88' lang='lat' dir='ltr'>Petro</span> <span class='ocrx_word' id='word_1_46' title='bbox 1130 1232 1288 1315; x_wconf 90' lang='lat' dir='ltr'>amputari</span> <span class='ocrx_word' id='word_1_47' title='bbox 1314 1232 1346 1292; x_wconf 93' lang='lat' dir='ltr'>in</span> <span class='ocrx_word' id='word_1_48' title='bbox 1372 1232 1482 1313; x_wconf 89' lang='lat' dir='ltr'>primo</span> 
     </span>
     <span class='ocr_line' id='line_1_8' title="bbox 208 1340 471 1419; baseline 0.008 -17"><span class='ocrx_word' id='word_1_49' title='bbox 208 1341 328 1419; x_wconf 83' lang='lat' dir='ltr'>judicio</span> <span class='ocrx_word' id='word_1_50' title='bbox 353 1340 471 1404; x_wconf 91' lang='lat' dir='ltr'>futur0.</span> 
     </span>
    </p>

    <p class='ocr_par' dir='ltr' id='par_1_5' title="bbox 210 1445 1482 1744">
     <span class='ocr_line' id='line_1_9' title="bbox 315 1445 1482 1529; baseline -0.003 -20"><span class='ocrx_word' id='word_1_51' title='bbox 315 1447 420 1509; x_wconf 80' lang='lat' dir='ltr'>Causa</span> <span class='ocrx_word' id='word_1_52' title='bbox 445 1449 527 1510; x_wconf 91' lang='lat' dir='ltr'>inter</span> <span class='ocrx_word' id='word_1_53' title='bbox 551 1449 739 1529; x_wconf 79' lang='lat' dir='ltr'>jobagiones</span> <span class='ocrx_word' id='word_1_54' title='bbox 764 1447 910 1526; x_wconf 88' lang='lat' dir='ltr'>civitatis,</span> <span class='ocrx_word' id='word_1_55' title='bbox 935 1448 1032 1508; x_wconf 88' lang='lat' dir='ltr'>ambo</span> <span class='ocrx_word' id='word_1_56' title='bbox 1054 1447 1186 1509; x_wconf 89' lang='lat' dir='ltr'>nomine</span> <span class='ocrx_word' id='word_1_57' title='bbox 1212 1445 1358 1526; x_wconf 81' lang='lat' dir='ltr'>Georgii,</span> <span class='ocrx_word' id='word_1_58' title='bbox 1383 1465 1482 1507; x_wconf 86' lang='lat' dir='ltr'>causa</span> 
     </span>
     <span class='ocr_line' id='line_1_10' title="bbox 210 1553 1482 1637; baseline -0.001 -21"><span class='ocrx_word' id='word_1_59' title='bbox 210 1556 378 1637; x_wconf 82' lang='lat' dir='ltr'>vituperii,</span> <span class='ocrx_word' id='word_1_60' title='bbox 412 1555 536 1617; x_wconf 89' lang='lat' dir='ltr'>domini</span> <span class='ocrx_word' id='word_1_61' title='bbox 569 1557 661 1635; x_wconf 87' lang='lat' dir='ltr'>jurati</span> <span class='ocrx_word' id='word_1_62' title='bbox 697 1555 981 1636; x_wconf 86' lang='lat' dir='ltr'>adjudicaverunt,</span> <span class='ocrx_word' id='word_1_63' title='bbox 1015 1555 1103 1636; x_wconf 91' lang='lat' dir='ltr'>quod</span> <span class='ocrx_word' id='word_1_64' title='bbox 1136 1555 1204 1617; x_wconf 87' lang='lat' dir='ltr'>leso</span> <span class='ocrx_word' id='word_1_65' title='bbox 1237 1553 1341 1614; x_wconf 88' lang='lat' dir='ltr'>solvat</span> <span class='ocrx_word' id='word_1_66' title='bbox 1366 1553 1482 1615; x_wconf 88' lang='lat' dir='ltr'>decem</span> 
     </span>
     <span class='ocr_line' id='line_1_11' title="bbox 211 1661 1094 1744; baseline 0.001 -21"><span class='ocrx_word' id='word_1_67' title='bbox 211 1682 325 1744; x_wconf 88' lang='lat' dir='ltr'>pensas</span> <span class='ocrx_word' id='word_1_68' title='bbox 349 1661 554 1723; x_wconf 89' lang='lat' dir='ltr'>denariorum</span> <span class='ocrx_word' id='word_1_69' title='bbox 580 1678 611 1724; x_wconf 89' lang='lat' dir='ltr'>et</span> <span class='ocrx_word' id='word_1_70' title='bbox 634 1663 753 1724; x_wconf 91' lang='lat' dir='ltr'>civitati</span> <span class='ocrx_word' id='word_1_71' title='bbox 779 1662 929 1723; x_wconf 91' lang='lat' dir='ltr'>denarios</span> <span class='ocrx_word' id='word_1_72' title='bbox 953 1676 1094 1724; x_wconf 91' lang='lat' dir='ltr'>centum.</span> 
     </span>
    </p>

    <p class='ocr_par' dir='ltr' id='par_1_6' title="bbox 210 1767 1483 2150">
     <span class='ocr_line' id='line_1_12' title="bbox 316 1767 1483 1850; baseline -0.003 -20"><span class='ocrx_word' id='word_1_73' title='bbox 316 1768 421 1830; x_wconf 85' lang='lat' dir='ltr'>Causa</span> <span class='ocrx_word' id='word_1_74' title='bbox 447 1769 529 1829; x_wconf 91' lang='lat' dir='ltr'>inter</span> <span class='ocrx_word' id='word_1_75' title='bbox 554 1770 690 1830; x_wconf 82' lang='lat' dir='ltr'>Lowrelt</span> <span class='ocrx_word' id='word_1_76' title='bbox 715 1785 746 1830; x_wconf 93' lang='lat' dir='ltr'>et</span> <span class='ocrx_word' id='word_1_77' title='bbox 767 1768 944 1848; x_wconf 83' lang='lat' dir='ltr'>Georgium</span> <span class='ocrx_word' id='word_1_78' title='bbox 970 1769 1025 1850; x_wconf 90' lang='lat' dir='ltr'>qui</span> <span class='ocrx_word' id='word_1_79' title='bbox 1044 1769 1151 1829; x_wconf 86' lang='lat' dir='ltr'>minus</span> <span class='ocrx_word' id='word_1_80' title='bbox 1175 1767 1255 1843; x_wconf 85' lang='lat' dir='ltr'>juste</span> <span class='ocrx_word' id='word_1_81' title='bbox 1280 1781 1483 1847; x_wconf 81' lang='lat' dir='ltr'>conquestus</span> 
     </span>
     <span class='ocr_line' id='line_1_13' title="bbox 211 1873 1481 1956; baseline -0.002 -20"><span class='ocrx_word' id='word_1_82' title='bbox 211 1890 257 1937; x_wconf 91' lang='lat' dir='ltr'>est</span> <span class='ocrx_word' id='word_1_83' title='bbox 282 1874 416 1936; x_wconf 89' lang='lat' dir='ltr'>domino</span> <span class='ocrx_word' id='word_1_84' title='bbox 435 1874 543 1952; x_wconf 81' lang='lat' dir='ltr'>judici,</span> <span class='ocrx_word' id='word_1_85' title='bbox 561 1876 648 1955; x_wconf 91' lang='lat' dir='ltr'>quod</span> <span class='ocrx_word' id='word_1_86' title='bbox 674 1876 867 1956; x_wconf 85' lang='lat' dir='ltr'>violenciam</span> <span class='ocrx_word' id='word_1_87' title='bbox 894 1874 1018 1935; x_wconf 81' lang='lat' dir='ltr'>fecisset</span> <span class='ocrx_word' id='word_1_88' title='bbox 1037 1873 1196 1953; x_wconf 88' lang='lat' dir='ltr'>Georgius</span> <span class='ocrx_word' id='word_1_89' title='bbox 1214 1873 1319 1933; x_wconf 91' lang='lat' dir='ltr'>eidem</span> <span class='ocrx_word' id='word_1_90' title='bbox 1339 1873 1481 1934; x_wconf 87' lang='lat' dir='ltr'>Lowrek</span> 
     </span>
     <span class='ocr_line' id='line_1_14' title="bbox 210 1980 1482 2062; baseline -0.001 -21"><span class='ocrx_word' id='word_1_91' title='bbox 210 1983 241 2042; x_wconf 91' lang='lat' dir='ltr'>in</span> <span class='ocrx_word' id='word_1_92' title='bbox 267 1982 406 2062; x_wconf 91' lang='lat' dir='ltr'>quadarn</span> <span class='ocrx_word' id='word_1_93' title='bbox 432 1982 587 2062; x_wconf 88' lang='lat' dir='ltr'>particula</span> <span class='ocrx_word' id='word_1_94' title='bbox 612 1998 704 2058; x_wconf 84' lang='lat' dir='ltr'>terre,</span> <span class='ocrx_word' id='word_1_95' title='bbox 729 1997 760 2042; x_wconf 91' lang='lat' dir='ltr'>et</span> <span class='ocrx_word' id='word_1_96' title='bbox 784 1982 826 2041; x_wconf 93' lang='lat' dir='ltr'>ita</span> <span class='ocrx_word' id='word_1_97' title='bbox 851 1981 917 2061; x_wconf 91' lang='lat' dir='ltr'>ipse</span> <span class='ocrx_word' id='word_1_98' title='bbox 948 1981 1084 2041; x_wconf 69' lang='lat' dir='ltr'>l,owrek</span> <span class='ocrx_word' id='word_1_99' title='bbox 1108 1980 1196 2041; x_wconf 91' lang='lat' dir='ltr'>solus</span> <span class='ocrx_word' id='word_1_100' title='bbox 1220 1980 1337 2040; x_wconf 89' lang='lat' dir='ltr'>mansit</span> <span class='ocrx_word' id='word_1_101' title='bbox 1363 1980 1395 2040; x_wconf 92' lang='lat' dir='ltr'>in</span> <span class='ocrx_word' id='word_1_102' title='bbox 1423 1999 1482 2062; x_wconf 93' lang='lat' dir='ltr'>po·</span> 
     </span>
     <span class='ocr_line' id='line_1_15' title="bbox 210 2088 719 2150; baseline 0.004 -3"><span class='ocrx_word' id='word_1_103' title='bbox 210 2088 313 2147; x_wconf 82' lang='lat' dir='ltr'>tentia</span> <span class='ocrx_word' id='word_1_104' title='bbox 340 2088 393 2147; x_wconf 92' lang='lat' dir='ltr'>illa</span> <span class='ocrx_word' id='word_1_105' title='bbox 419 2103 449 2149; x_wconf 89' lang='lat' dir='ltr'>et</span> <span class='ocrx_word' id='word_1_106' title='bbox 473 2089 639 2149; x_wconf 89' lang='lat' dir='ltr'>convictus</span> <span class='ocrx_word' id='word_1_107' title='bbox 663 2103 719 2150; x_wconf 87' lang='lat' dir='ltr'>est.</span> 
     </span>
    </p>

    <p class='ocr_par' dir='ltr' id='par_1_7' title="bbox 211 2190 1485 2484">
     <span class='ocr_line' id='line_1_16' title="bbox 316 2190 1485 2276; baseline -0.003 -19"><span class='ocrx_word' id='word_1_108' title='bbox 316 2190 421 2257; x_wconf 85' lang='lat' dir='ltr'>Causa</span> <span class='ocrx_word' id='word_1_109' title='bbox 447 2195 528 2254; x_wconf 90' lang='lat' dir='ltr'>inter</span> <span class='ocrx_word' id='word_1_110' title='bbox 546 2194 686 2276; x_wconf 89' lang='lat' dir='ltr'>prefatos</span> <span class='ocrx_word' id='word_1_111' title='bbox 705 2194 874 2276; x_wconf 83' lang='lat' dir='ltr'>Georgios,</span> <span class='ocrx_word' id='word_1_112' title='bbox 900 2195 954 2276; x_wconf 92' lang='lat' dir='ltr'>qui</span> <span class='ocrx_word' id='word_1_113' title='bbox 975 2214 1057 2254; x_wconf 92' lang='lat' dir='ltr'>unus</span> <span class='ocrx_word' id='word_1_114' title='bbox 1081 2213 1118 2253; x_wconf 85' lang='lat' dir='ltr'>ex</span> <span class='ocrx_word' id='word_1_115' title='bbox 1137 2193 1182 2254; x_wconf 91' lang='lat' dir='ltr'>eis</span> <span class='ocrx_word' id='word_1_116' title='bbox 1205 2207 1321 2253; x_wconf 90' lang='lat' dir='ltr'>terram</span> <span class='ocrx_word' id='word_1_117' title='bbox 1347 2193 1485 2256; x_wconf 89' lang='lat' dir='ltr'>alterius</span> 
     </span>
     <span class='ocr_line' id='line_1_17' title="bbox 211 2299 1484 2383; baseline 0.001 -23"><span class='ocrx_word' id='word_1_118' title='bbox 211 2301 358 2380; x_wconf 84' lang='lat' dir='ltr'>potencia</span> <span class='ocrx_word' id='word_1_119' title='bbox 384 2301 546 2361; x_wconf 87' lang='lat' dir='ltr'>mediante</span> <span class='ocrx_word' id='word_1_120' title='bbox 583 2302 756 2379; x_wconf 89' lang='lat' dir='ltr'>subaravit,</span> <span class='ocrx_word' id='word_1_121' title='bbox 782 2322 818 2362; x_wconf 87' lang='lat' dir='ltr'>ex</span> <span class='ocrx_word' id='word_1_122' title='bbox 848 2322 909 2362; x_wconf 86' lang='lat' dir='ltr'>una</span> <span class='ocrx_word' id='word_1_123' title='bbox 934 2315 1021 2383; x_wconf 89' lang='lat' dir='ltr'>parte</span> <span class='ocrx_word' id='word_1_124' title='bbox 1047 2300 1196 2380; x_wconf 87' lang='lat' dir='ltr'>potencia</span> <span class='ocrx_word' id='word_1_125' title='bbox 1221 2299 1385 2360; x_wconf 88' lang='lat' dir='ltr'>mediante</span> <span class='ocrx_word' id='word_1_126' title='bbox 1411 2300 1484 2361; x_wconf 89' lang='lat' dir='ltr'>vio·</span> 
     </span>
     <span class='ocr_line' id='line_1_18' title="bbox 212 2406 1030 2484; baseline 0.001 -18"><span class='ocrx_word' id='word_1_127' title='bbox 212 2406 290 2466; x_wconf 91' lang='lat' dir='ltr'>lavit</span> <span class='ocrx_word' id='word_1_128' title='bbox 314 2420 442 2484; x_wconf 89' lang='lat' dir='ltr'>terram,</span> <span class='ocrx_word' id='word_1_129' title='bbox 468 2427 504 2467; x_wconf 90' lang='lat' dir='ltr'>ex</span> <span class='ocrx_word' id='word_1_130' title='bbox 529 2408 590 2468; x_wconf 88' lang='lat' dir='ltr'>alia</span> <span class='ocrx_word' id='word_1_131' title='bbox 617 2427 693 2468; x_wconf 91' lang='lat' dir='ltr'>vero</span> <span class='ocrx_word' id='word_1_132' title='bbox 719 2409 880 2469; x_wconf 84' lang='lat' dir='ltr'>remittere</span> <span class='ocrx_word' id='word_1_133' title='bbox 905 2409 1030 2469; x_wconf 92' lang='lat' dir='ltr'>debeat.</span> 
     </span>
    </p>
   </div>
   <div class='ocr_carea' id='block_1_5' title="bbox 285 2623 1408 2715">
    <p class='ocr_par' dir='ltr' id='par_1_8' title="bbox 285 2623 1408 2715">
     <span class='ocr_line' id='line_1_19' title="bbox 285 2623 1408 2715; baseline 0.002 -21"><span class='ocrx_word' id='word_1_134' title='bbox 285 2623 380 2695; x_wconf 86' lang='lat' dir='ltr'>Feria</span> <span class='ocrx_word' id='word_1_135' title='bbox 409 2628 554 2696; x_wconf 84' lang='lat' dir='ltr'>secunda</span> <span class='ocrx_word' id='word_1_136' title='bbox 583 2625 738 2697; x_wconf 88' lang='lat' dir='ltr'>videlicet</span> <span class='ocrx_word' id='word_1_137' title='bbox 767 2626 798 2697; x_wconf 89' lang='lat' dir='ltr'>in</span> <span class='ocrx_word' id='word_1_138' title='bbox 831 2629 950 2715; x_wconf 79' lang='lat' dir='ltr'>vigilia</span> <span class='ocrx_word' id='word_1_139' title='bbox 979 2629 1069 2698; x_wconf 90' lang='lat' dir='ltr'>beati</span> <span class='ocrx_word' id='word_1_140' title='bbox 1097 2628 1222 2698; x_wconf 83' lang='lat' dir='ltr'>Thone</span> <span class='ocrx_word' id='word_1_141' title='bbox 1251 2626 1408 2715; x_wconf 87' lang='lat' dir='ltr'>apostoli.</span> 
     </span>
    </p>
   </div>
   <div class='ocr_carea' id='block_1_6' title="bbox 700 2780 970 2857">
    <p class='ocr_par' dir='ltr' id='par_1_9' title="bbox 700 2780 970 2857">
     <span class='ocr_line' id='line_1_20' title="bbox 700 2780 970 2857; baseline 0.019 -20"><span class='ocrx_word' id='word_1_142' title='bbox 700 2785 769 2857; x_wconf 82' lang='lat'><em>(20.</em></span> <span class='ocrx_word' id='word_1_143' title='bbox 792 2780 970 2856; x_wconf 75' lang='lat' dir='ltr'>decerrrbrr&#39;s).</span> 
     </span>
    </p>
   </div>
   <div class='ocr_carea' id='block_1_7' title="bbox 208 2901 1485 4451">
    <p class='ocr_par' dir='ltr' id='par_1_10' title="bbox 208 2901 1485 4451">
     <span class='ocr_line' id='line_1_21' title="bbox 318 2901 1483 2984; baseline 0.003 -22"><span class='ocrx_word' id='word_1_144' title='bbox 318 2901 457 2963; x_wconf 87' lang='lat' dir='ltr'>Causam</span> <span class='ocrx_word' id='word_1_145' title='bbox 483 2903 565 2963; x_wconf 90' lang='lat' dir='ltr'>inter</span> <span class='ocrx_word' id='word_1_146' title='bbox 590 2902 780 2964; x_wconf 90' lang='lat' dir='ltr'>Michaelem</span> <span class='ocrx_word' id='word_1_147' title='bbox 808 2919 838 2964; x_wconf 95' lang='lat' dir='ltr'>et</span> <span class='ocrx_word' id='word_1_148' title='bbox 851 2904 1021 2964; x_wconf 86' lang='lat' dir='ltr'>Nicolaum</span> <span class='ocrx_word' id='word_1_149' title='bbox 1040 2902 1255 2981; x_wconf 86' lang='lat' dir='ltr'>Soldinarich,</span> <span class='ocrx_word' id='word_1_150' title='bbox 1280 2902 1405 2963; x_wconf 90' lang='lat' dir='ltr'>domini</span> <span class='ocrx_word' id='word_1_151' title='bbox 1433 2904 1483 2984; x_wconf 84' lang='lat' dir='ltr'>ju-</span> 
     </span>
     <span class='ocr_line' id='line_1_22' title="bbox 212 3008 1485 3091; baseline 0.002 -21"><span class='ocrx_word' id='word_1_152' title='bbox 212 3009 270 3070; x_wconf 87' lang='lat' dir='ltr'>rati</span> <span class='ocrx_word' id='word_1_153' title='bbox 294 3008 519 3087; x_wconf 86' lang='lat' dir='ltr'>adjudicarunt</span> <span class='ocrx_word' id='word_1_154' title='bbox 544 3010 625 3071; x_wconf 90' lang='lat' dir='ltr'>inter</span> <span class='ocrx_word' id='word_1_155' title='bbox 656 3009 794 3091; x_wconf 89' lang='lat' dir='ltr'>prefatos</span> <span class='ocrx_word' id='word_1_156' title='bbox 828 3010 1019 3071; x_wconf 89' lang='lat' dir='ltr'>Michaelem</span> <span class='ocrx_word' id='word_1_157' title='bbox 1045 3025 1075 3071; x_wconf 92' lang='lat' dir='ltr'>et</span> <span class='ocrx_word' id='word_1_158' title='bbox 1109 3010 1291 3086; x_wconf 85' lang='lat' dir='ltr'>Nicolaum,</span> <span class='ocrx_word' id='word_1_159' title='bbox 1321 3009 1398 3090; x_wconf 90' lang='lat' dir='ltr'>quia</span> <span class='ocrx_word' id='word_1_160' title='bbox 1424 3011 1485 3072; x_wconf 91' lang='lat' dir='ltr'>Ni·</span> 
     </span>
     <span class='ocr_line' id='line_1_23' title="bbox 212 3114 1484 3196; baseline 0.002 -20"><span class='ocrx_word' id='word_1_161' title='bbox 212 3115 323 3176; x_wconf 93' lang='lat' dir='ltr'>colaus</span> <span class='ocrx_word' id='word_1_162' title='bbox 348 3117 476 3195; x_wconf 84' lang='lat' dir='ltr'>negavit</span> <span class='ocrx_word' id='word_1_163' title='bbox 493 3116 581 3196; x_wconf 91' lang='lat' dir='ltr'>quod</span> <span class='ocrx_word' id='word_1_164' title='bbox 606 3136 670 3176; x_wconf 90' lang='lat' dir='ltr'>non</span> <span class='ocrx_word' id='word_1_165' title='bbox 690 3117 887 3177; x_wconf 88' lang='lat' dir='ltr'>vulnerasset</span> <span class='ocrx_word' id='word_1_166' title='bbox 904 3114 1062 3196; x_wconf 88' lang='lat' dir='ltr'>prefatum</span> <span class='ocrx_word' id='word_1_167' title='bbox 1092 3115 1284 3176; x_wconf 90' lang='lat' dir='ltr'>Michaelem</span> <span class='ocrx_word' id='word_1_168' title='bbox 1309 3115 1369 3176; x_wconf 93' lang='lat' dir='ltr'>sub</span> <span class='ocrx_word' id='word_1_169' title='bbox 1393 3129 1484 3178; x_wconf 85' lang='lat' dir='ltr'>tecto</span> 
     </span>
     <span class='ocr_line' id='line_1_24' title="bbox 211 3221 1482 3303; baseline 0.002 -22"><span class='ocrx_word' id='word_1_170' title='bbox 211 3242 267 3282; x_wconf 88' lang='lat' dir='ltr'>seu</span> <span class='ocrx_word' id='word_1_171' title='bbox 294 3222 325 3281; x_wconf 90' lang='lat' dir='ltr'>in</span> <span class='ocrx_word' id='word_1_172' title='bbox 350 3237 440 3302; x_wconf 91' lang='lat' dir='ltr'>porta</span> <span class='ocrx_word' id='word_1_173' title='bbox 467 3223 566 3302; x_wconf 91' lang='lat' dir='ltr'>ipsius</span> <span class='ocrx_word' id='word_1_174' title='bbox 592 3223 758 3283; x_wconf 87' lang='lat' dir='ltr'>Michaelis</span> <span class='ocrx_word' id='word_1_175' title='bbox 782 3222 835 3281; x_wconf 86' lang='lat' dir='ltr'>sed</span> <span class='ocrx_word' id='word_1_176' title='bbox 862 3238 934 3282; x_wconf 90' lang='lat' dir='ltr'>aute</span> <span class='ocrx_word' id='word_1_177' title='bbox 952 3235 1076 3303; x_wconf 84' lang='lat' dir='ltr'>portant</span> <span class='ocrx_word' id='word_1_178' title='bbox 1103 3241 1205 3299; x_wconf 85' lang='lat' dir='ltr'>suurn,</span> <span class='ocrx_word' id='word_1_179' title='bbox 1229 3221 1285 3283; x_wconf 91' lang='lat' dir='ltr'>sed</span> <span class='ocrx_word' id='word_1_180' title='bbox 1310 3222 1386 3302; x_wconf 87' lang='lat' dir='ltr'>quia</span> <span class='ocrx_word' id='word_1_181' title='bbox 1412 3243 1482 3284; x_wconf 92' lang='lat' dir='ltr'>non</span> 
     </span>
     <span class='ocr_line' id='line_1_25' title="bbox 212 3326 1482 3409; baseline 0.004 -23"><span class='ocrx_word' id='word_1_182' title='bbox 212 3326 271 3386; x_wconf 89' lang='lat' dir='ltr'>fuit</span> <span class='ocrx_word' id='word_1_183' title='bbox 303 3327 361 3387; x_wconf 87' lang='lat' dir='ltr'>sibi</span> <span class='ocrx_word' id='word_1_184' title='bbox 395 3327 590 3387; x_wconf 89' lang='lat' dir='ltr'>credendum</span> <span class='ocrx_word' id='word_1_185' title='bbox 624 3350 660 3388; x_wconf 86' lang='lat' dir='ltr'>ex</span> <span class='ocrx_word' id='word_1_186' title='bbox 693 3349 758 3408; x_wconf 90' lang='lat' dir='ltr'>quo</span> <span class='ocrx_word' id='word_1_187' title='bbox 791 3349 854 3388; x_wconf 90' lang='lat' dir='ltr'>non</span> <span class='ocrx_word' id='word_1_188' title='bbox 888 3328 1000 3389; x_wconf 90' lang='lat' dir='ltr'>habuit</span> <span class='ocrx_word' id='word_1_189' title='bbox 1031 3328 1252 3389; x_wconf 88' lang='lat' dir='ltr'>testimonium</span> <span class='ocrx_word' id='word_1_190' title='bbox 1281 3341 1312 3388; x_wconf 94' lang='lat' dir='ltr'>et</span> <span class='ocrx_word' id='word_1_191' title='bbox 1336 3328 1412 3409; x_wconf 89' lang='lat' dir='ltr'>quia</span> <span class='ocrx_word' id='word_1_192' title='bbox 1440 3330 1482 3391; x_wconf 92' lang='lat' dir='ltr'>de</span> 
     </span>
     <span class='ocr_line' id='line_1_26' title="bbox 212 3432 1481 3514; baseline 0.002 -21"><span class='ocrx_word' id='word_1_193' title='bbox 212 3452 306 3493; x_wconf 89' lang='lat' dir='ltr'>mane</span> <span class='ocrx_word' id='word_1_194' title='bbox 332 3433 484 3493; x_wconf 87' lang='lat' dir='ltr'>domiuus</span> <span class='ocrx_word' id='word_1_195' title='bbox 509 3433 602 3511; x_wconf 83' lang='lat' dir='ltr'>judex</span> <span class='ocrx_word' id='word_1_196' title='bbox 636 3454 707 3494; x_wconf 90' lang='lat' dir='ltr'>cum</span> <span class='ocrx_word' id='word_1_197' title='bbox 742 3434 851 3511; x_wconf 76' lang='lat' dir='ltr'>juratis</span> <span class='ocrx_word' id='word_1_198' title='bbox 882 3435 1021 3514; x_wconf 83' lang='lat' dir='ltr'>quesivit</span> <span class='ocrx_word' id='word_1_199' title='bbox 1045 3435 1173 3514; x_wconf 86' lang='lat' dir='ltr'>signum</span> <span class='ocrx_word' id='word_1_200' title='bbox 1204 3453 1261 3494; x_wconf 91' lang='lat' dir='ltr'>seu</span> <span class='ocrx_word' id='word_1_201' title='bbox 1285 3432 1481 3496; x_wconf 88' lang='lat' dir='ltr'>effusionem</span> 
     </span>
     <span class='ocr_line' id='line_1_27' title="bbox 212 3540 1483 3620; baseline 0.004 -21"><span class='ocrx_word' id='word_1_202' title='bbox 212 3540 377 3618; x_wconf 85' lang='lat' dir='ltr'>sanguinis</span> <span class='ocrx_word' id='word_1_203' title='bbox 403 3555 432 3600; x_wconf 89' lang='lat' dir='ltr'>et</span> <span class='ocrx_word' id='word_1_204' title='bbox 459 3559 522 3599; x_wconf 90' lang='lat' dir='ltr'>non</span> <span class='ocrx_word' id='word_1_205' title='bbox 555 3541 744 3601; x_wconf 87' lang='lat' dir='ltr'>invenerunt</span> <span class='ocrx_word' id='word_1_206' title='bbox 769 3541 863 3600; x_wconf 90' lang='lat' dir='ltr'>aliam</span> <span class='ocrx_word' id='word_1_207' title='bbox 893 3542 1059 3620; x_wconf 81' lang='lat' dir='ltr'>sanguinis</span> <span class='ocrx_word' id='word_1_208' title='bbox 1088 3540 1279 3602; x_wconf 87' lang='lat' dir='ltr'>effusionem</span> <span class='ocrx_word' id='word_1_209' title='bbox 1305 3541 1365 3601; x_wconf 88' lang='lat' dir='ltr'>nisi</span> <span class='ocrx_word' id='word_1_210' title='bbox 1395 3541 1483 3604; x_wconf 90' lang='lat' dir='ltr'>inter</span> 
     </span>
     <span class='ocr_line' id='line_1_28' title="bbox 211 3645 1481 3728; baseline 0.004 -23"><span class='ocrx_word' id='word_1_211' title='bbox 211 3662 335 3725; x_wconf 90' lang='lat' dir='ltr'>portam</span> <span class='ocrx_word' id='word_1_212' title='bbox 362 3645 460 3724; x_wconf 88' lang='lat' dir='ltr'>ipsius</span> <span class='ocrx_word' id='word_1_213' title='bbox 486 3646 651 3705; x_wconf 84' lang='lat' dir='ltr'>Michaelis</span> <span class='ocrx_word' id='word_1_214' title='bbox 680 3645 829 3707; x_wconf 80' lang='lat' dir='ltr'>aurifabri</span> <span class='ocrx_word' id='word_1_215' title='bbox 865 3649 918 3707; x_wconf 92' lang='lat' dir='ltr'>ubi</span> <span class='ocrx_word' id='word_1_216' title='bbox 944 3648 1092 3728; x_wconf 88' lang='lat' dir='ltr'>potencia</span> <span class='ocrx_word' id='word_1_217' title='bbox 1125 3648 1287 3708; x_wconf 83' lang='lat' dir='ltr'>mediante</span> <span class='ocrx_word' id='word_1_218' title='bbox 1312 3650 1481 3728; x_wconf 88' lang='lat' dir='ltr'>prenomi-</span> 
     </span>
     <span class='ocr_line' id='line_1_29' title="bbox 211 3751 1481 3835; baseline 0.006 -25"><span class='ocrx_word' id='word_1_219' title='bbox 211 3766 303 3811; x_wconf 85' lang='lat' dir='ltr'>natus</span> <span class='ocrx_word' id='word_1_220' title='bbox 329 3751 481 3811; x_wconf 86' lang='lat' dir='ltr'>Nicolaus</span> <span class='ocrx_word' id='word_1_221' title='bbox 507 3752 718 3835; x_wconf 80' lang='lat' dir='ltr'>Soldinarych</span> <span class='ocrx_word' id='word_1_222' title='bbox 745 3755 863 3834; x_wconf 86' lang='lat' dir='ltr'>recepit</span> <span class='ocrx_word' id='word_1_223' title='bbox 881 3773 1013 3814; x_wconf 86' lang='lat' dir='ltr'>uxorem</span> <span class='ocrx_word' id='word_1_224' title='bbox 1039 3754 1173 3835; x_wconf 87' lang='lat' dir='ltr'>predicti</span> <span class='ocrx_word' id='word_1_225' title='bbox 1200 3753 1368 3814; x_wconf 90' lang='lat' dir='ltr'>Michaelis</span> <span class='ocrx_word' id='word_1_226' title='bbox 1392 3758 1481 3817; x_wconf 89' lang='lat' dir='ltr'>auri·</span> 
     </span>
     <span class='ocr_line' id='line_1_30' title="bbox 210 3854 1480 3941; baseline 0.004 -22"><span class='ocrx_word' id='word_1_227' title='bbox 210 3854 292 3919; x_wconf 90' lang='lat' dir='ltr'>fabri</span> <span class='ocrx_word' id='word_1_228' title='bbox 319 3872 348 3917; x_wconf 91' lang='lat' dir='ltr'>et</span> <span class='ocrx_word' id='word_1_229' title='bbox 373 3858 504 3918; x_wconf 88' lang='lat' dir='ltr'>abduxit</span> <span class='ocrx_word' id='word_1_230' title='bbox 530 3873 560 3919; x_wconf 88' lang='lat' dir='ltr'>et</span> <span class='ocrx_word' id='word_1_231' title='bbox 585 3859 752 3919; x_wconf 89' lang='lat' dir='ltr'>abscondit</span> <span class='ocrx_word' id='word_1_232' title='bbox 777 3861 831 3920; x_wconf 87' lang='lat' dir='ltr'>uhi</span> <span class='ocrx_word' id='word_1_233' title='bbox 861 3861 927 3941; x_wconf 90' lang='lat' dir='ltr'>ipse</span> <span class='ocrx_word' id='word_1_234' title='bbox 945 3861 1059 3937; x_wconf 89' lang='lat' dir='ltr'>voluit,</span> <span class='ocrx_word' id='word_1_235' title='bbox 1083 3875 1114 3922; x_wconf 94' lang='lat' dir='ltr'>et</span> <span class='ocrx_word' id='word_1_236' title='bbox 1139 3861 1181 3922; x_wconf 88' lang='lat' dir='ltr'>ita</span> <span class='ocrx_word' id='word_1_237' title='bbox 1205 3859 1268 3940; x_wconf 85' lang='lat' dir='ltr'>jam</span> <span class='ocrx_word' id='word_1_238' title='bbox 1293 3860 1398 3921; x_wconf 89' lang='lat' dir='ltr'>dictus</span> <span class='ocrx_word' id='word_1_239' title='bbox 1417 3863 1480 3924; x_wconf 94' lang='lat' dir='ltr'>Mi-</span> 
     </span>
     <span class='ocr_line' id='line_1_31' title="bbox 210 3963 1481 4047; baseline 0.006 -22"><span class='ocrx_word' id='word_1_240' title='bbox 210 3965 301 4025; x_wconf 90' lang='lat' dir='ltr'>chael</span> <span class='ocrx_word' id='word_1_241' title='bbox 326 3963 487 4025; x_wconf 83' lang='lat' dir='ltr'>aurifaber</span> <span class='ocrx_word' id='word_1_242' title='bbox 511 3966 738 4026; x_wconf 89' lang='lat' dir='ltr'>secundusmet</span> <span class='ocrx_word' id='word_1_243' title='bbox 768 3966 870 4041; x_wconf 77' lang='lat' dir='ltr'>jurare</span> <span class='ocrx_word' id='word_1_244' title='bbox 896 3967 1011 4027; x_wconf 91' lang='lat' dir='ltr'>debeat</span> <span class='ocrx_word' id='word_1_245' title='bbox 1044 3967 1131 4047; x_wconf 94' lang='lat' dir='ltr'>quod</span> <span class='ocrx_word' id='word_1_246' title='bbox 1157 3987 1222 4027; x_wconf 94' lang='lat' dir='ltr'>non</span> <span class='ocrx_word' id='word_1_247' title='bbox 1248 3981 1329 4028; x_wconf 89' lang='lat' dir='ltr'>esset</span> <span class='ocrx_word' id='word_1_248' title='bbox 1353 3967 1386 4028; x_wconf 92' lang='lat' dir='ltr'>in</span> <span class='ocrx_word' id='word_1_249' title='bbox 1412 3970 1481 4032; x_wconf 88' lang='lat' dir='ltr'>alio</span> 
     </span>
     <span class='ocr_line' id='line_1_32' title="bbox 210 4071 1481 4155; baseline 0.006 -24"><span class='ocrx_word' id='word_1_250' title='bbox 210 4072 283 4132; x_wconf 88' lang='lat' dir='ltr'>loco</span> <span class='ocrx_word' id='word_1_251' title='bbox 308 4071 493 4131; x_wconf 89' lang='lat' dir='ltr'>vulneratus</span> <span class='ocrx_word' id='word_1_252' title='bbox 511 4071 569 4131; x_wconf 84' lang='lat' dir='ltr'>nisi</span> <span class='ocrx_word' id='word_1_253' title='bbox 597 4072 627 4131; x_wconf 92' lang='lat' dir='ltr'>in</span> <span class='ocrx_word' id='word_1_254' title='bbox 646 4087 736 4152; x_wconf 88' lang='lat' dir='ltr'>porta</span> <span class='ocrx_word' id='word_1_255' title='bbox 755 4073 853 4153; x_wconf 90' lang='lat' dir='ltr'>ipsius</span> <span class='ocrx_word' id='word_1_256' title='bbox 878 4073 1004 4151; x_wconf 79' lang='lat' dir='ltr'>dantus,</span> <span class='ocrx_word' id='word_1_257' title='bbox 1022 4089 1052 4134; x_wconf 91' lang='lat' dir='ltr'>et</span> <span class='ocrx_word' id='word_1_258' title='bbox 1069 4088 1240 4155; x_wconf 83' lang='lat' dir='ltr'>postquam</span> <span class='ocrx_word' id='word_1_259' title='bbox 1258 4073 1481 4153; x_wconf 88' lang='lat' dir='ltr'>juramentum</span> 
     </span>
     <span class='ocr_line' id='line_1_33' title="bbox 210 4177 1480 4262; baseline 0.006 -25"><span class='ocrx_word' id='word_1_260' title='bbox 210 4177 395 4258; x_wconf 86' lang='lat' dir='ltr'>deposuerit</span> <span class='ocrx_word' id='word_1_261' title='bbox 420 4197 508 4237; x_wconf 87' lang='lat' dir='ltr'>more</span> <span class='ocrx_word' id='word_1_262' title='bbox 532 4179 667 4238; x_wconf 85' lang='lat' dir='ltr'>civitatis</span> <span class='ocrx_word' id='word_1_263' title='bbox 693 4180 797 4259; x_wconf 89' lang='lat' dir='ltr'>primo</span> <span class='ocrx_word' id='word_1_264' title='bbox 823 4180 874 4240; x_wconf 91' lang='lat' dir='ltr'>die</span> <span class='ocrx_word' id='word_1_265' title='bbox 900 4180 1008 4255; x_wconf 75' lang='lat' dir='ltr'>judicii</span> <span class='ocrx_word' id='word_1_266' title='bbox 1027 4196 1099 4262; x_wconf 91' lang='lat' dir='ltr'>post</span> <span class='ocrx_word' id='word_1_267' title='bbox 1123 4181 1329 4242; x_wconf 88' lang='lat' dir='ltr'>Nativitatem</span> <span class='ocrx_word' id='word_1_268' title='bbox 1356 4180 1480 4245; x_wconf 88' lang='lat' dir='ltr'>Christi</span> 
     </span>
     <span class='ocr_line' id='line_1_34' title="bbox 210 4282 1480 4367; baseline 0.006 -22"><span class='ocrx_word' id='word_1_269' title='bbox 210 4284 272 4361; x_wconf 89' lang='lat' dir='ltr'>jam</span> <span class='ocrx_word' id='word_1_270' title='bbox 299 4285 444 4364; x_wconf 87' lang='lat' dir='ltr'>proxime</span> <span class='ocrx_word' id='word_1_271' title='bbox 470 4282 578 4361; x_wconf 87' lang='lat' dir='ltr'>futuri,</span> <span class='ocrx_word' id='word_1_272' title='bbox 611 4301 685 4345; x_wconf 88' lang='lat' dir='ltr'>tunc</span> <span class='ocrx_word' id='word_1_273' title='bbox 719 4287 912 4367; x_wconf 87' lang='lat' dir='ltr'>prescriptus</span> <span class='ocrx_word' id='word_1_274' title='bbox 936 4288 1089 4348; x_wconf 89' lang='lat' dir='ltr'>Nicolaus</span> <span class='ocrx_word' id='word_1_275' title='bbox 1123 4287 1275 4348; x_wconf 90' lang='lat' dir='ltr'>decollari</span> <span class='ocrx_word' id='word_1_276' title='bbox 1301 4286 1420 4350; x_wconf 90' lang='lat' dir='ltr'>debeat</span> <span class='ocrx_word' id='word_1_277' title='bbox 1447 4291 1480 4352; x_wconf 94' lang='lat' dir='ltr'>in</span> 
     </span>
     <span class='ocr_line' id='line_1_35' title="bbox 208 4390 470 4451; baseline -0.004 0"><span class='ocrx_word' id='word_1_278' title='bbox 208 4390 281 4451; x_wconf 92' lang='lat' dir='ltr'>loco</span> <span class='ocrx_word' id='word_1_279' title='bbox 306 4405 470 4450; x_wconf 84' lang='lat' dir='ltr'>consvetO.</span> 
     </span>
    </p>
   </div>
   <div class='ocr_carea' id='block_1_8' title="bbox 0 0 1576 5356">
    <p class='ocr_par' dir='ltr' id='par_1_11' title="bbox 0 0 1576 5356">
     <span class='ocr_line' id='line_1_36' title="bbox 0 0 1576 5356; baseline 0 0"><span class='ocrx_word' id='word_1_280' title='bbox 0 0 1576 5356; x_wconf 95' lang='lat' dir='ltr'> </span> 
     </span>
    </p>
   </div>
  </div>
 </body>
</html>
