3142 5356
506 495 592 553 Anno
616 507 710 574 1499,
733 527 773 536 —
797 493 849 558 26.
865 493 1026 570 februarii.

605 707 760 769 Nicolsus
783 704 883 769 faber.

606 813 753 875 Andreas
777 811 877 876 faber.

607 921 766 984 Martinus
790 921 953 984 Ribarich.

602 1029 681 1090 alter
706 1028 863 1090 Martinus
884 1028 1036 1110 agricola.

607 1135 797 1198 Franciscus
820 1135 959 1219 sellipar.

605 1243 732 1305 Marcus
755 1254 854 1304 sutor.

607 1349 692 1411 Iwan
717 1349 838 1432 Zynek.

607 1455 746 1518 Michaei
770 1455 903 1518 Malecz.

608 1561 739 1644 Mathey
764 1576 864 1624 sutor.

608 1669 771 1730 Fabianus
800 1669 938 1730 Kozecz.

608 1776 682 1837 Bias
706 1788 805 1837 sutor.

606 1881 788 1964 Stephanus
811 1895 911 1943 sutor.

609 1988 730 2051 Paulek
754 2002 853 2050 sutor.

609 2094 755 2156 Thomas
781 2093 982 2156 Horwathin.

216 2296 308 2369 Faria
337 2301 444 2370 tercia
474 2296 627 2387 proxima
655 2309 731 2386 post
760 2297 881 2368 festum
918 2295 1008 2367 beati
1037 2297 1163 2367 Mathis
1191 2293 1346 2384 apostoli.

643 2453 708 2527 (26.
726 2452 907 2528 februarii).

509 2595 692 2673 (Separatim
715 2598 746 2652 in
768 2596 872 2654 scheda
894 2594 1056 2675 scriptum).

250 2737 284 2798 ln
309 2756 404 2798 causa
429 2736 511 2798 inter
534 2754 725 2816 generosam
750 2735 917 2797 dominam
942 2736 1140 2798 Dorotheam
1164 2737 1242 2798 alias
1265 2734 1409 2797 relictam

157 2845 283 2906 condam
310 2843 461 2926 Gasparis
486 2841 708 2926 Thotharych,
728 2863 814 2904 nunc
831 2857 1012 2905 consortem
1034 2843 1163 2905 Andree
1182 2839 1411 2925 Blasychcych,

155 2950 188 3012 ab
210 2971 273 3013 uns
297 2964 332 3013 ut
356 2951 516 3029 actricem,
540 2964 571 3012 et
588 2950 856 3033 circumspectum
873 2951 1082 3013 Dominicum
1107 2949 1282 3033 Perowych
1307 2949 1410 3011 civem

157 3057 467 3140 Montisgrecensem,
491 3058 583 3120 utin
608 3077 736 3120 causam
765 3072 933 3119 attractum
967 3059 1096 3120 racione
1121 3072 1278 3119 certarum
1302 3075 1409 3119 rerum

154 3162 179 3225 in
202 3166 335 3247 registro
368 3164 639 3247 conscriptarum,
663 3184 719 3246 per
743 3163 864 3226 dictum
899 3163 1074 3246 Gasparem
1107 3164 1212 3226 eidem
1238 3162 1411 3224 Dominico

153 3271 186 3332 ad
209 3272 467 3333 conservandum
492 3271 571 3333 olim
596 3271 840 3352 assignatarum,
866 3270 959 3346 jurati
989 3270 1266 3350 adjudicaverunt,
1290 3289 1327 3330 ex
1345 3287 1410 3351 quo

154 3378 235 3440 nulla
259 3398 333 3461 pars
355 3378 578 3441 testimonium
603 3376 766 3439 sufficiens
783 3377 823 3438 ad
841 3396 968 3438 causam
994 3377 1096 3459 ipsam
1121 3397 1186 3439 non
1204 3376 1326 3455 habuit,
1344 3376 1410 3457 ipse

152 3499 251 3548 autem
277 3486 468 3547 Dominicus
491 3499 592 3547 certas
616 3505 665 3546 res
689 3485 775 3568 apud
799 3505 833 3546 se
853 3485 958 3547 adhuc
982 3485 1062 3546 dixit
1078 3485 1228 3562 extitisse,
1253 3503 1316 3566 que
1333 3483 1412 3545 alias

152 3588 340 3668 judicialiter
372 3592 404 3653 in
428 3591 504 3653 sede
534 3591 709 3673 episcopali
742 3611 850 3653 coram
880 3572 1004 3653 ¹vicario
1036 3591 1206 3674 temporali
1240 3590 1411 3652 commisse

153 3693 276 3760 fuerunt
300 3697 469 3776 extradari,
494 3717 551 3780 pro
577 3717 615 3759 eo
640 3696 719 3758 ieris
747 3711 833 3758 sexta
866 3698 1011 3779 proxima
1036 3710 1108 3779 post
1139 3711 1269 3758 octavas
1294 3697 1410 3757 Resur-

153 3805 302 3868 reccionis
327 3805 459 3867 Domini
485 3805 630 3886 proxime
655 3818 789 3866 ventura
813 3803 917 3885 jurare
940 3803 1071 3866 debebit
1094 3823 1157 3865 una
1182 3822 1279 3864 manu
1304 3803 1336 3863 in
1361 3821 1411 3881 eo,

152 3912 233 3991 quod
258 3912 325 3994 ipse
343 3911 448 4001 nullas
464 3931 525 3991 res,
550 3911 696 3972 nullasve
713 3912 884 3993 peccunias
909 3910 984 3972 dicti
1004 3909 1155 3992 Gasparis
1176 3909 1308 3971 haberet
1324 3908 1411 3992 apud

151 4037 178 4081 re
202 4031 308 4102 preter
338 4018 409 4080 illus
433 4037 513 4100 quas
543 4017 639 4080 habet
670 4037 765 4096 nunc,
798 4031 940 4098 tuncque
972 4016 1102 4078 debebit
1134 4015 1230 4076 simul
1263 4034 1411 4097 compor-

151 4137 211 4188 tare
236 4138 308 4203 etc.,
332 4124 421 4206 quod
446 4124 472 4186 si
497 4124 583 4186 idem
608 4124 799 4186 Dominicus
815 4123 1032 4205 juramentum
1050 4122 1211 4204 deponere
1236 4121 1413 4203 neglexerit

152 4248 290 4295 autnon
315 4231 444 4314 poterit,
468 4245 544 4293 tunc
569 4231 608 4293 ad
626 4245 925 4313 quantumcumque
943 4228 1064 4311 prefata
1089 4228 1222 4290 domina
1248 4227 1411 4290 Dorothea

151 4357 240 4421 super
264 4340 360 4401 rebus
385 4338 461 4400 dicti
484 4338 589 4399 mariti
614 4338 662 4400 sui
686 4357 719 4399 se
743 4337 811 4398 sola
836 4335 986 4416 juraverit
1003 4335 1246 4417 quintodecimo
1272 4336 1322 4397 die
1347 4335 1411 4397 diei

150 4445 292 4526 predicti,
316 4445 349 4506 id
374 4441 565 4506 Doniinicus
595 4444 757 4507 tenebitur
788 4443 971 4525 persolvere
1006 4457 1084 4518 etc.;
1119 4461 1223 4522 aqua
1248 4441 1412 4504 sentencia

151 4553 396 4617 Bartholomeus
421 4552 610 4634 Sampusich
635 4565 824 4634 procurator
852 4550 977 4612 actricis
1002 4550 1079 4631 (non
1105 4548 1286 4629 contentus)
1303 4547 1412 4630 appel-

149 4657 224 4722 lavit
247 4659 288 4721 ad
312 4658 464 4721 seniores.

252 4765 362 4828 Altera
398 4763 451 4826 die
483 4763 657 4825 inmediate
689 4763 837 4845 sequenti
868 4762 1011 4823 seniores
1042 4761 1253 4824 consedentes
1284 4780 1411 4823 causam

148 4872 323 4955 predictam
348 4871 572 4954 judicaverunt
594 4869 656 4932 hoc
688 4870 812 4947 ordine,
846 4869 934 4951 quod
960 4869 1150 4932 Dominicus
1182 4869 1253 4930 illas
1276 4888 1326 4930 res
1349 4887 1411 4949 que

148 4977 252 5042 adhuc
275 4978 364 5063 apud
387 4978 492 5063 ipsum
518 4990 740 5040 remanserunt
763 4996 801 5037 ex
825 4995 891 5057 quo
921 4976 953 5036 in
978 4975 1052 5037 sede
1077 4976 1187 5038 vicarii
1211 4976 1416 5060 episcopatus
