3142 5356
677 369 763 425 Anno
786 378 875 442 1397.

487 475 607 481 ..-—....
1144 465 1396 477 .-.-.—.—.-ae

251 583 328 643 item
362 581 475 642 Gallus
506 579 650 657 claudus,
683 594 794 654 sartor,
831 577 1093 639 concambiaiiter
1125 576 1214 638 dedit
1247 575 1405 657 quandam

146 710 236 751 suam
255 690 389 750 dornum
409 687 502 748 Petro
522 687 644 747 decano
661 684 728 746 filio
755 685 889 746 Gerdilo
906 705 964 767 pro
989 684 1128 765 quadam
1148 685 1210 744 alia
1227 702 1285 744 sua
1302 685 1415 752 domo,

148 811 294 877 tempore
319 794 395 854 dicti
421 793 585 854 Johannis.

256 900 333 962 Item
360 899 521 979 Georgius
544 896 629 960 filius
646 897 745 959 Gacel
763 913 793 958 et
811 897 942 958 domina
959 901 1053 957 Anna
1071 914 1203 956 consors
1226 914 1284 956 sua
1302 893 1441 955 vendi*

147 1008 263 1069 derunt
287 1005 449 1087 quandam
474 1005 599 1066 vineam
626 1023 736 1065 eorum
763 1004 900 1064 Johanni
934 1002 1001 1063 filio
1027 1001 1154 1064 Mikech
1179 1002 1267 1062 dicto
1295 1002 1454 1083 Bosye‘

147 1114 274 1196 htenye,
298 1127 443 1194 tempore
469 1111 544 1172 dicti
569 1110 734 1172 Johannis.

254 1221 330 1282 Item
356 1220 508 1280 dominus
526 1217 688 1279 Johannes
710 1216 795 1278 filius
813 1217 912 1298 Bolye
927 1216 1014 1276 dedit
1032 1214 1195 1295 quandam
1220 1213 1464 1295 particulam)

149 1329 241 1388 vinee
266 1347 332 1403 sue,
357 1326 396 1386 de
428 1340 517 1387 sexto
541 1324 671 1400 cubu10‚
703 1324 830 1384 Andree
855 1321 923 1384 filio
950 1319 1136 1398 Kunchech,
1154 1321 1185 1380 in
1212 1334 1326 1381 monte
1353 1319 1401 1380 Ka
1417 1343 1466 1357 ‘

149 1436 285 1517 menyak
309 1434 406 1509 dictu,
431 1446 575 1512 tempore
603 1431 677 1491 dicti
704 1430 868 1491 iohannis.

256 1540 332 1601 item
358 1539 477 1599 Barbas
501 1536 585 1598 filius
618 1536 783 1618 Stephani,
817 1536 1009 1596 Benedictus
1040 1533 1125 1595 iilius
1150 1534 1260 1611 Blasii,
1287 1533 1448 1594 euehat-1

150 1646 233 1707 tilius
259 1645 387 1706 Martini
415 1660 444 1705 et
471 1643 600 1724 Mathey
618 1642 757 1704 carnifex
782 1642 867 1703 tilius
888 1642 1055 1702 Laureneii
1081 1641 1298 1702 vendiderunt
1315 1660 1445 1722 quan‘

149 1754 223 1812 dam
248 1771 360 1813 eorum
385 1751 518 1811 domum
544 1764 701 1811 muratam
721 1749 879 1829 Gregorio
901 1747 968 1808 filio
987 1748 1149 1830 Symonis,
1174 1762 1323 1829 tempore
1341 1743 1433 1808 dicti

152 1857 317 1918 iohannis,

256 1963 332 2023 item
358 1962 445 2042 quod
468 1963 544 2042 quia
578 1962 709 2022 domina
736 1962 858 2042 Regina
884 1963 992 2022 relicta
1025 1961 1162 2021 condam
1189 1960 1277 2022 Luce
1303 1959 1427 2039 judicis

151 2069 236 2148 juxta
262 2081 401 2128 nostram
437 2067 635 2147 judiciariam
670 2052 930 2128 commissionem
956 2082 1065 2127 contra
1099 2066 1280 2127 iohannem
1314 2064 1426 2127 filium

152 2175 318 2251 Hermam,
345 2174 375 2233 in
400 2170 483 2234 facto
509 2173 674 2234 cuiusdam
699 2175 930 2234 convencionis
960 2193 1017 2254 pro
1043 2174 1182 2253 quadam
1208 2172 1310 2233 domo
1337 2173 1424 2233 inter

156 2282 241 2362 ipsos
264 2278 356 2356 sacta,
381 2280 432 2340 die
459 2280 581 2339 sabbati
606 2280 752 2359 sequenti
777 2295 906 2341 octavas
931 2279 1000 2341 festi
1027 2281 1109 2340 beati
1136 2279 1265 2340 Martini
1291 2276 1421 2340 confes·

151 2388 240 2463 soris,
264 2387 360 2448 tercia
393 2405 426 2446 se
458 2405 530 2446 cum
556 2386 620 2446 suis
656 2385 912 2465 conjuratoribus
944 2407 1038 2468 super
1070 2406 1181 2446 eorum
1216 2385 1295 2466 ipsa,
1330 2385 1421 2466 quod

152 2496 217 2574 ipsa
243 2509 314 2576 post
338 2493 455 2553 dictam
480 2493 724 2553 revocacionem
756 2495 909 2574 premisse
940 2494 1169 2554 convencionis
1192 2512 1249 2574 per
1276 2493 1421 2553 eundem

152 2600 331 2660 iohannem
365 2598 491 2675 factam,
524 2599 649 2659 nullum
682 2598 800 2660 factum
835 2599 970 2677 fecisset,
1003 2601 1076 2661 ideo
1103 2619 1161 2660 nos
1190 2598 1328 2660 eandem
1363 2600 1422 2659 do·

153 2707 272 2767 minam
296 2707 453 2786 Reginam
479 2706 607 2767 racione
632 2706 715 2766 dicte
746 2708 974 2768 conventionis
1008 2706 1207 2767 reddidimus
1230 2702 1299 2766 iore
1324 2725 1422 2786 expe·

153 2812 263 2888 diram,
286 2825 431 2892 tempore
457 2812 530 2871 dicti
557 2812 721 2874 Johannis.

261 2918 337 2978 item
356 2917 507 2977 dominus
532 2917 693 2978 Johannes
709 2916 794 2978 filius
812 2919 922 2979 Jacobi
941 2919 1015 2979 dicti
1044 2919 1121 2979 Bole
1139 2918 1227 2978 dedit
1252 2918 1421 2998 quandam

153 3045 242 3086 suam
268 3025 405 3100 vineam,
431 3024 470 3083 de
494 3038 582 3083 sexto
607 3025 737 3099 cubu10‚
763 3024 904 3104 Georgio
926 3025 1098 3086 etThome
1123 3022 1195 3085 filiis
1222 3024 1363 3102 Lucasii,
1389 3024 1421 3083 in

154 3144 262 3190 monte
288 3130 490 3210 Kamynyak,
515 3143 659 3209 tempore
685 3130 760 3190 dicti
787 3130 951 3193 iohannis.

261 3235 337 3295 Item
365 3235 481 3294 Paulus
506 3232 590 3294 filius
609 3236 780 3296 Licheuich
805 3252 834 3296 et
858 3237 1056 3317 Margaretha
1074 3258 1109 3298 ac
1135 3238 1289 3299 Nicolaus
1308 3238 1425 3299 vendi-

155 3343 269 3401 derunt
295 3340 430 3399 fundum
456 3359 567 3400 eorum
594 3341 720 3402 Andree
742 3341 809 3402 tilio
835 3343 966 3425 Stoyan,
984 3358 1128 3424 tempore
1147 3344 1222 3405 dicti
1249 3345 1420 3410 iohannis.

262 3447 338 3507 Item
364 3446 510 3528 Mychael
536 3447 666 3507 Mezche
685 3449 829 3510 vendidit
846 3450 980 3510 domum
998 3469 1087 3511 suam
1113 3451 1144 3511 in
1171 3451 1242 3512 vico
1268 3455 1420 3515 exteriori

157 3553 278 3634 l’aulyn
305 3566 334 3613 et
361 3553 550 3632 Magdalene
574 3555 711 3613 consorti
738 3576 804 3632 sue,
829 3571 974 3637 tempore
1000 3557 1074 3617 dicti
1100 3556 1265 3618 Johannis.

261 3659 338 3718 Item
376 3659 538 3735 Thomas,
571 3660 709 3736 Mathei,
736 3660 895 3742 Georgius
927 3677 957 3723 et
991 3663 1126 3723 Mathias
1158 3661 1214 3723 filii
1250 3664 1421 3726 Laurentii

157 3764 369 3824 vendiderunt
387 3765 513 3825 vineam
529 3784 640 3825 eorum
659 3764 817 3846 Gregorio
836 3768 982 3843 Sturcha,
999 3782 1144 3849 tempore
1162 3769 1238 3830 dicti
1253 3768 1420 3832 Johannis.

262 3870 338 3930 ltem
364 3886 507 3951 tempore
534 3871 690 3947 iudicatus
715 3873 837 3934 domini
873 3875 1010 3948 Miklini,
1036 3879 1162 3955 Agnesa
1194 3875 1280 3935 dicta
1306 3876 1419 3952 Frana,

157 3997 287 4036 consors
313 3977 400 4036 Pauli
428 3977 520 4053 jurati
546 3977 634 4036 dedit
659 3979 689 4036 in
712 3981 937 4041 concambium
955 3981 1120 4041 cuiusdam
1146 3981 1239 4041 vinee
1264 3981 1419 4042 Johannis

158 4081 381 4164 Bosyehtenye
405 4080 462 4143 filii
490 4083 627 4159 Mikech,
653 4103 748 4162 quam
767 4086 892 4146 vineam
919 4088 985 4167 ipse
1004 4087 1166 4148 Johannes
1191 4086 1338 4148 vendidit
1355 4107 1418 4148 ma-

155 4191 254 4270 gistro
281 4189 443 4269 Stephano
469 4189 594 4249 literato
619 4188 685 4249 filio
712 4191 812 4267 Pauli,
837 4208 981 4273 tempore
1007 4193 1081 4252 dicti
1108 4193 1273 4254 Johannis,

263 4297 340 4356 Item
366 4298 578 4356 communitas
603 4297 747 4358 vendidit
771 4300 943 4378 quemdam
969 4299 1105 4360 fundum
1131 4300 1308 4361 liberorum
1329 4300 1416 4361 Pauli

131 4404 271 4464 ·literati
306 4403 399 4462 Petro
432 4402 616 4463 mechotreb
648 4424 706 4484 pro
739 4405 837 4465 daciis
870 4407 992 4466 domini
1030 4408 1129 4487 regis,
1161 4421 1308 4488 tempore
1342 4406 1416 4467 dicti

157 4510 321 4571 iohannis.

262 4616 339 4677 Item
365 4617 453 4696 quod
492 4617 566 4696 quia
592 4618 624 4677 in
655 4633 846 4680 testamento
879 4619 1026 4702 Gregorii
1061 4620 1197 4681 condam
1222 4620 1336 4681 decani
1360 4619 1417 4681 filii

158 4723 293 4784 chhek
326 4724 465 4783 vidimus
496 4722 663 4802 contineri,
696 4726 783 4805 quod
809 4727 875 4807 ipse
908 4727 1035 4787 vineam
1068 4746 1156 4787 suam
1191 4726 1273 4787 inter
1309 4726 1419 4786 vineas

159 4830 330 4890 Katherine
363 4831 519 4891 consortis
550 4850 605 4890 sue
639 4847 669 4892 et
701 4832 831 4892 domine
857 4833 1016 4915 Saluagye
1050 4853 1122 4895 cum
1155 4847 1223 4895 toto
1258 4833 1417 4913 virgulto;
