3142 5356
491 404 577 461 Anno
600 399 696 479 1488.
722 436 766 447 —
789 418 838 465 12.
861 404 1022 469 decembris.
1354 429 1390 488 55

238 632 309 694 ltem
334 651 429 694 causa
454 631 536 693 inter
556 631 757 713 Stephanum
775 633 935 696 literatum
961 650 992 698 et
1010 637 1139 699 Petrum
1165 638 1295 720 Sporar,
1312 658 1392 720 quo·

159 739 231 801 nodo
250 739 333 802 idem
358 740 471 802 Petrus
495 738 615 821 Sporar
639 755 838 822 percusserat
870 743 988 804 kokam
1021 763 1123 825 suam,
1147 745 1241 826 jurati
1266 745 1392 826 adjudi-

159 861 285 926 caverunt,
317 846 407 929 quod
442 858 574 928 propter
606 845 763 907 lesionem
796 847 901 910 eidem
934 850 1061 912 mulieri
1095 852 1247 914 remansit
1282 852 1393 914 decem

162 952 241 1030 pensis
260 952 483 1032 denariorum,
515 950 643 1014 medico
676 951 855 1016 satisfacere
888 969 919 1018 et
950 955 1060 1034 juratis
1084 959 1237 1021 remansit
1261 973 1390 1022 centum

162 1053 283 1122 denarios.

242 1165 312 1228 Item
336 1185 432 1228 causa
456 1166 540 1229 inter
564 1166 744 1229 Fabianum
763 1182 905 1230 sutorem
927 1184 958 1231 et
982 1169 1068 1232 lwan
1086 1170 1237 1233 claudum
1262 1185 1393 1255 propter

162 1271 299 1345 quendam
325 1292 459 1354 equum,
483 1293 581 1354 quem
599 1293 721 1355 equum
738 1275 934 1336 Laurencius
952 1275 1046 1357 Spaci
1068 1322 1179 1340 .....
1204 1277 1393 1340 vendiderat

166 1370 277 1440 Fabiano
288 1380 400 1458 autori,
412 1378 506 1459 jurati
520 1379 798 1460 adjudicaverunt,
815 1381 903 1462 quod
922 1402 958 1443 cx
976 1402 1042 1463 quo
1061 1382 1145 1445 lwan
1162 1380 1319 1446 terminus
1331 1382 1391 1447 fuit

164 1477 407 1550 datusredimendi
427 1507 547 1569 equum
562 1489 678 1550 tercius
689 1489 767 1568 dies,
781 1488 867 1550 idem
878 1490 1039 1551 Fabianus
1048 1510 1148 1572 usque
1158 1492 1290 1554 terciam
1304 1492 1390 1554 diem

163 1589 321 1666 equitaverat
337 1593 468 1674 salvam,
493 1595 581 1676 quod
599 1595 686 1656 lwan
703 1595 798 1658 debet
815 1616 935 1678 equum
956 1598 1061 1659 taliter
1078 1599 1153 1660 dare
1178 1612 1208 1661 et
1227 1599 1312 1660 lwan
1330 1599 1391 1661 Fa·

164 1691 234 1758 biano
244 1701 306 1764 illas
318 1702 489 1786 peccunias
502 1703 666 1764 tenebitur
679 1701 765 1782 dare,
779 1702 889 1784 juratis
902 1718 1009 1766 autern
1024 1706 1056 1766 in
1069 1707 1216 1787 potencia
1230 1707 1392 1770 remansit.

231 1900 314 1977 leria
342 1908 450 1978 tercia
479 1908 632 1994 proxima
661 1913 738 1994 post
767 1906 890 1978 festum
920 1907 1153 1995 Concepcionis
1182 1909 1297 1979 llarie.

636 2059 680 2135 (9.
704 2058 877 2136 decembris).

241 2179 308 2243 ltem
333 2201 427 2245 causa
453 2182 535 2243 inter
554 2182 700 2243 Marcum
717 2181 898 2243 institorem
923 2196 954 2245 et
972 2182 1164 2245 Michaelem
1190 2180 1292 2244 filium
1311 2181 1391 2245 Gre-

164 2281 222 2354 gorii
241 2286 378 2350 Sirouich
398 2288 438 2349 de
455 2288 661 2369 Wgrovvecz,
686 2288 854 2369 quomodo
870 2287 955 2349 idem
974 2289 1111 2351 Michael
1130 2287 1223 2370 fregit
1247 2290 1280 2350 in
1297 2303 1391 2352 nocte

164 2401 292 2462 apotecam
317 2395 428 2456 Marcii
453 2394 607 2455 institoris
630 2394 752 2455 ibidem
777 2392 887 2456 furtim
912 2395 1031 2476 recepit
1055 2394 1264 2477 quamplures
1287 2414 1336 2456 res
1360 2408 1391 2457 et

166 2489 226 2558 bona
245 2501 518 2584 mercimoniaflia)
542 2502 575 2562 in
599 2501 708 2562 valore
737 2521 853 2582 magne
886 2501 1084 2583 quantitatis,
1108 2501 1201 2582 jurati
1226 2500 1389 2583 adjudica·

164 2614 247 2668 verunt
263 2630 317 2692 pro
334 2609 390 2672 tali
415 2629 556 2687 excessu,
581 2607 669 2690 quod
694 2607 833 2669 debeant
855 2608 915 2669 sibi
937 2607 1098 2670 auriculos
1122 2607 1270 2670 abcidere
1294 2621 1326 2669 et
1350 2607 1394 2669 de·

164 2705 257 2777 civitate
276 2718 330 2801 (et)
356 2719 425 2780 eius
449 2716 609 2780 territorio
634 2715 805 2797 expellere,
829 2715 909 2777 etsi
933 2716 1072 2798 amplius
1096 2716 1128 2778 in
1154 2715 1237 2777 dicta
1262 2715 1389 2778 civitate

163 2811 270 2884 veleius
291 2824 454 2887 territorio
486 2824 662 2906 reperietur
693 2822 744 2883 vel
777 2823 957 2884 invenietur
989 2836 1064 2884 tunc
1097 2822 1212 2884 debeat
1236 2822 1389 2904 suspendi

163 2914 191 2977 de
208 2926 299 3010 ligore
323 2931 481 3016 presentis
504 2928 772 3013 adjudicacionis,

219 3127 300 3207 letis
329 3141 428 3207 sexta
457 3135 612 3223 proxima
641 3135 674 3203 in
704 3131 853 3221 profesto
883 3138 999 3203 sancte
1028 3131 1127 3205 LucIe
1154 3128 1308 3219 virginis.

627 3288 687 3362 (12.
712 3285 886 3360 decembris).

238 3407 307 3472 item
332 3430 428 3472 causa
452 3410 534 3471 inter
558 3409 738 3470 Fabianum
772 3406 955 3490 pellificem,
979 3421 1014 3468 ut
1037 3420 1189 3485 actorem,
1213 3421 1244 3468 et
1268 3409 1388 3470 Lucam

162 3496 284 3594 Ribarycz
307 3531 343 3578 ut
367 3517 399 3578 in
425 3536 553 3578 causam
578 3529 735 3577 attactum
758 3515 887 3576 racione
904 3513 1122 3595 quorumdam
1139 3533 1297 3594 equorum
1315 3534 1388 3595 pro·

160 3603 297 3703 dicionem,
321 3624 364 3685 ita
389 3623 483 3703 jurati
505 3622 787 3703 adjudicaverunt,
820 3622 908 3702 quod
940 3622 1021 3683 sicut
1049 3621 1136 3703 prius
1167 3619 1388 3700 adjudicatum

160 3708 204 3778 ful
221 3745 266 3806 per
296 3730 416 3810 iuratos
440 3729 552 3791 eadem
586 3749 680 3789 causa
712 3718 860 3789 similiter
888 3748 972 3789 nuuc
1004 3727 1275 3790 confirmaverunt
1298 3729 1388 3790 illam

159 3819 261 3896 stiuam
285 3835 584 3917 adjudicacionem;
609 3835 664 3896 sed
689 3835 765 3916 quia
796 3834 882 3895 idem
907 3835 1069 3896 Fabianus
1093 3832 1224 3916 pellifex
1249 3834 1309 3897 fuit
1333 3835 1387 3896 de·

158 3934 235 3999 lentus
260 3963 315 4024 per
348 3941 469 4003 Lucam
492 3941 651 4023 Ribarycz
683 3955 714 4002 et
745 3941 875 4022 insuper
899 3939 959 4002 fuit
993 3941 1024 4000 in
1059 3941 1239 4022 captivitate
1271 3954 1388 4018 tentus,

158 4026 233 4105 Lutas
252 4049 408 4133 Ribarycz
432 4061 478 4110 est
503 4048 669 4109 convictus
694 4047 725 4108 in
744 4047 911 4129 potencia;
936 4047 1020 4107 idem
1040 4047 1197 4130 Ribarycz
1222 4065 1287 4107 non
1312 4066 1387 4108 con·

156 4147 234 4212 tentus
253 4155 427 4239 appellavit
450 4154 491 4216 ad
515 4155 667 4216 seniores.

234 4259 306 4323 ltem
331 4281 426 4324 causa
451 4261 533 4322 inter
556 4260 736 4322 Fabianum
761 4258 932 4341 pellificem
957 4274 986 4320 et
1012 4259 1212 4320 Demetrium
1238 4259 1320 4320 Sicci
1338 4279 1387 4321 ra-

154 4349 223 4424 cione
243 4351 410 4430 cuiusdam
434 4366 633 4430 fideiussotie
658 4367 813 4448 quoniam
845 4367 911 4448 ipse
936 4365 1097 4427 Fabianus
1121 4362 1251 4446 pellifex
1275 4361 1386 4428 fuisset

154 4454 271 4536 detentus
295 4489 326 4537 et
351 4474 534 4536 Demetrius
559 4474 641 4536 Sicci
671 4494 708 4534 ex
732 4474 860 4557 propria
892 4473 1057 4534 voluntate
1082 4492 1138 4533 sua
1166 4491 1231 4532 non
1257 4487 1388 4553 rogatus

154 4583 274 4645 urserat
297 4601 331 4643 se
355 4581 395 4642 ad
420 4579 666 4658 fideiussorum,
695 4580 780 4641 idern
813 4580 974 4642 Fabianus
1006 4578 1136 4639 dixisset
1161 4597 1225 4639 non
1258 4598 1386 4660 rogasse

152 4683 264 4749 eundem
289 4687 502 4765 Demetrium,
519 4687 701 4749 Demetrius
725 4701 832 4749 autem
857 4688 939 4749 Sicci
960 4687 1149 4769 promiserat
1173 4688 1385 4767 comprobare

149 4801 204 4851 cum
224 4795 331 4875 probis
355 4793 501 4877 personis
525 4794 612 4875 quod
637 4793 723 4856 idem
741 4794 902 4855 Fabianus
926 4792 1056 4875 pellifex
1081 4807 1222 4874 rogasset
1246 4792 1385 4854 eundem

145 4889 325 4964 Demetrium
349 4900 391 4964 ad
414 4899 659 4981 fideiussoriam,
683 4901 738 4982 qui
762 4915 856 4962 testes
880 4900 1051 4962 examinati
1076 4899 1277 4961 Demetrium
1303 4898 1385 4960 Sicci
