3142 5356
679 366 765 423 Anna
788 379 878 442 1430.
1356 361 1412 442 185

147 575 314 638 occidente
327 596 424 658 penes
441 575 589 652 fundum,
603 575 737 636 domurn
755 591 784 637 et
797 577 955 638 staciones
971 578 1147 638 liberorum
1159 575 1281 657 Gaspar
1296 575 1412 637 literati

147 682 266 760 habite,
285 702 380 743 unam
406 697 552 763 quartam
571 681 602 741 in
628 701 660 742 se
684 681 917 760 continentem,
942 682 1036 744 Petro
1054 682 1157 763 jurato
1182 680 1249 743 filio
1275 681 1415 759 Thome,

148 809 282 871 genero,
307 804 337 851 et
361 789 460 850 Lucie
484 787 561 867 filie,
585 789 650 849 suis
685 789 854 870 legavisset
880 803 909 850 et
939 809 975 850 ex
1001 789 1077 871 ipsis
1099 788 1315 871 superviventi
1344 807 1414 869 per-

147 909 247 979 petuo
279 895 507 979 possidendam
533 895 586 973 ita,
620 895 708 977 quod
740 895 780 956 de
813 895 925 958 eadem
958 895 1129 991 medietate
1155 895 1282 971 domus,
1313 913 1413 956 unam

147 1003 298 1066 videlicet
322 1017 481 1085 quartam,
505 1003 638 1064 ecclesie
670 1003 772 1064 sancti
797 1003 923 1064 Nicolai
952 1001 1144 1064 confessoris
1176 1001 1319 1063 medium
1344 1001 1415 1064 flor.

147 1111 217 1171 auri
243 1110 406 1192 perpetuis
429 1110 631 1190 temporibus
655 1109 730 1170 dare
758 1110 954 1171 tenebuntur
978 1129 1034 1171 seu
1059 1108 1192 1170 heredes
1217 1109 1371 1189 ipsorum.

255 1234 333 1295 ltem
358 1234 434 1316 quia
459 1234 592 1295 domina
621 1233 720 1295 Lucia
753 1234 863 1296 relicta
896 1233 1034 1295 condam
1060 1233 1192 1315 Georgii
1218 1231 1417 1317 Nosuychar,

149 1360 282 1402 consors
313 1341 470 1402 Anthonii
503 1340 608 1420 jurati,
634 1341 666 1401 in
702 1340 851 1401 extremis
884 1341 948 1402 vite
970 1360 1036 1411 sue
1070 1340 1229 1419 laborans,
1253 1338 1416 1420 quandam

149 1446 285 1508 domum
309 1466 400 1508 suani
428 1447 460 1507 in
485 1446 612 1508 civitate
639 1446 721 1507 inter
753 1446 869 1507 domos
896 1447 1039 1508 virorum
1066 1446 1276 1528 providorum
1302 1444 1415 1507 Briccii

149 1554 190 1615 de
215 1555 395 1636 Bosyakow
420 1568 450 1615 et
472 1553 636 1615 Valentini
659 1554 698 1615 de
716 1553 861 1631 Raboch,
886 1574 921 1615 ac
939 1554 1106 1616 Michaelis
1129 1553 1243 1636 judicis
1268 1553 1415 1615 moderni

149 1659 360 1741 aposteriori
391 1673 478 1740 parte
512 1659 666 1738 habitam,
699 1679 795 1721 unam
832 1674 989 1741 quartam,
1022 1679 1095 1721 cum
1119 1660 1185 1721 suia
1209 1659 1414 1741 pertinenciis

151 1765 260 1827 Marco
286 1764 425 1827 carnifici
450 1780 482 1827 et
508 1766 608 1827 Elene
632 1786 689 1827 sue
714 1767 853 1828 consorti
872 1786 908 1828 ex
934 1764 1104 1829 sufficienti
1129 1785 1241 1827 eorum
1267 1784 1415 1847 compro-

149 1873 284 1935 bacione
308 1875 339 1934 in
373 1876 504 1935 lcaterno
537 1888 645 1935 nostro
677 1875 875 1954 consignata,
908 1873 1048 1936 dedisset
1081 1893 1138 1955 pro
1163 1873 1270 1935 anima
1301 1892 1356 1934 sua
1386 1887 1417 1934 et

149 1979 338 2060 legavisse13
364 1980 436 2041 ideo
462 2000 520 2041 nos
548 1979 683 2041 eandem
718 1994 864 2061 quartam
897 1980 1017 2041 eisdem
1043 1981 1151 2042 Marco
1176 1995 1207 2040 et
1233 1980 1334 2041 Eleae
1358 1997 1415 2040 sue

150 2087 289 2148 consorti
315 2088 484 2148 statuimus
509 2101 663 2168 perpetuo
688 2085 927 2168 possidendam.

257 2211 335 2272 Item
353 2212 429 2293 quia
453 2211 607 2293 providus
629 2212 676 2271 vir
694 2210 875 2292 Stephanus
891 2226 992 2272 sartor
1009 2210 1093 2273 lilius
1117 2210 1248 2292 Georgii
1267 2225 1298 2272 et
1315 2211 1416 2272 Elena

151 2337 283 2379 consors
306 2339 374 2395 sua,
400 2319 429 2379 id
449 2338 522 2379 curn
548 2319 648 2380 literis
672 2318 765 2380 certis
782 2319 1015 2399 comprobavit,
1039 2318 1127 2400 quod
1145 2317 1285 2399 quedam
1301 2317 1417 2379 domus

151 2443 263 2485 eorum
289 2440 413 2486 murata
438 2424 534 2485 simul
560 2444 632 2486 cum
659 2423 761 2486 fundo
786 2438 816 2486 et
844 2424 962 2486 celario
988 2445 1023 2486 ac
1048 2422 1204 2485 hedificiis
1229 2425 1260 2484 in
1286 2424 1415 2485 civitate

150 2549 249 2611 prope
282 2544 407 2613 porram
432 2530 568 2593 civitatis
599 2530 778 2612 lapideam,
813 2531 894 2592 inter
926 2545 955 2591 et
986 2550 1084 2612 penes
1115 2549 1243 2591 murum
1268 2529 1412 2591 ciusdem

151 2636 298 2709 civitatis,
322 2638 362 2698 ab
388 2656 449 2697 una
475 2650 574 2717 parte,
600 2638 639 2697 ab
664 2637 763 2698 altera
792 2656 868 2697 vero
893 2656 991 2718 penes
1015 2636 1149 2698 domum
1173 2636 1341 2698 Michaelis
1365 2637 1412 2715 ju·

151 2741 230 2803 dicis
255 2744 354 2804 nostri
380 2743 539 2820 moderni,
565 2743 705 2804 mediam
732 2744 853 2804 curiam
886 2744 917 2803 in
942 2756 1011 2804 toto
1036 2743 1075 2804 ad
1100 2763 1193 2805 usum
1219 2744 1355 2806 civitatis
1380 2745 1412 2805 in

151 2869 183 2910 se
216 2850 404 2926 continens,
440 2869 512 2910 curn
545 2850 610 2910 suis
642 2849 866 2931 pertinenciis,
899 2869 955 2931 per
988 2850 1118 2911 eosdem
1154 2850 1352 2932 Stephanum
1385 2865 1416 2912 et

153 2956 288 3017 Elenam
313 2957 397 3036 justo
421 2956 498 3036 juris
522 2957 616 3017 titulo
642 2956 816 3017 literatorie
847 2970 934 3018 tenta
960 2955 1070 3018 fuisset
1096 2971 1126 3018 et
1160 2976 1315 3039 possessa,
1340 2957 1414 3019 ideo

152 3083 210 3124 nos
229 3064 364 3125 eandem
383 3064 515 3125 domurn
534 3083 607 3124 curn
626 3063 788 3144 premissis
806 3062 918 3141 fundo,
937 3063 1055 3124 celario
1073 3077 1104 3125 et
1122 3062 1278 3125 hedificiis
1295 3063 1415 3124 eisdem

152 3169 317 3251 Stephano
342 3184 373 3230 et
397 3170 498 3231 Eleae
522 3170 692 3231 statuimus
716 3182 873 3251 perpetuo
901 3169 1148 3250 possidendam
1172 3171 1264 3231 cuius
1287 3170 1415 3248 domus,

152 3275 243 3337 fundi
269 3291 300 3337 et
324 3276 432 3337 celarii
455 3296 491 3337 ac
525 3275 748 3337 hedificiorum
781 3276 878 3337 aliam
911 3290 1028 3337 rectam
1055 3291 1085 3339 et
1116 3277 1263 3358 equalem
1296 3277 1416 3338 medie·

151 3396 260 3460 tatem,
285 3402 381 3443 unam
408 3381 558 3443 videlicet
582 3395 739 3462 quartam,
777 3380 898 3463 prefata
931 3383 1063 3443 domina
1090 3383 1201 3459 Elena,
1227 3385 1416 3465 porcionem

151 3488 303 3550 videlicet
327 3508 428 3565 suam,
454 3489 588 3549 domino
615 3488 714 3548 Paulo
739 3488 915 3569 presbitero
940 3487 1007 3549 filio
1033 3508 1091 3550 suo
1116 3489 1205 3551 dedit
1230 3504 1260 3551 et
1284 3490 1417 3550 donavit

154 3609 310 3677 perpetuo
336 3594 574 3676 possidendam,
598 3595 720 3675 juribus
745 3594 879 3675 predicti
903 3594 1068 3655 Michaelis
1092 3594 1206 3673 judicis
1230 3610 1260 3657 et
1283 3614 1414 3657 suorum

155 3701 311 3764 heredum
336 3721 392 3763 seu
430 3720 648 3762 successorum
674 3701 794 3761 ibidem
828 3700 944 3761 habitis
974 3700 1094 3762 eisdem
1126 3702 1222 3762 salvis
1247 3721 1413 3763 remanen-

151 3810 247 3887 tibus,
261 3807 382 3871 scilicet
399 3809 475 3885 istis,
493 3808 580 3888 quod
598 3807 732 3888 predicti
752 3806 933 3888 Stephanus
950 3822 1051 3869 sartor
1068 3821 1098 3868 et
1115 3808 1266 3869 dominus
1283 3808 1412 3887 Paulus,

151 3936 207 3998 per
231 3934 351 3996 eosque
377 3915 519 3997 ipsorum
545 3913 677 3973 heredes
702 3913 779 3994 ipsis
805 3912 953 3974 Michaeli
979 3913 1076 3993 judici
1103 3927 1134 3975 et
1157 3915 1250 3975 dictis
1272 3915 1338 3976 suis
1361 3914 1414 3976 he·

151 4021 282 4083 redibus
305 4041 362 4082 seu
386 4021 623 4082 successorihus
647 4040 664 4079 a
690 4019 788 4080 domo
821 4038 933 4080 eorum
962 4034 1128 4101 prenotata
1154 4040 1255 4102 usque
1280 4021 1415 4083 civitatis

149 4147 278 4190 murum
304 4128 336 4188 in
361 4126 565 4207 longitudine
602 4126 716 4205 viginti
748 4126 846 4187 trium
879 4125 1083 4187 brachiorum
1109 4125 1287 4189 ferreorum
1314 4148 1349 4189 ac
1381 4129 1414 4190 in

149 4232 320 4295 latitudine
346 4253 363 4294 a
388 4252 480 4294 muro
516 4232 681 4314 prescripti
708 4231 873 4293 Michaelis
897 4231 1012 4313 judicis
1044 4233 1182 4294 duorum
1209 4232 1413 4295 brachiorum

148 4338 325 4402 ferreorum
350 4340 434 4400 viam
461 4339 499 4399 ad
525 4340 632 4400 locum
659 4340 827 4400 necessarii
845 4339 920 4400 dare
945 4340 1150 4416 tenebuntur,
1175 4340 1235 4401 hoc
1260 4360 1325 4402 non
1344 4361 1413 4423 pre-

148 4447 307 4524 termisso,
338 4446 426 4526 quod
460 4446 594 4507 cisterna
621 4446 651 4505 in
684 4444 785 4506 lundo
817 4465 873 4507 seu
905 4446 991 4506 curia
1025 4446 1168 4526 ipsorum
1204 4447 1356 4529 Stephani
1382 4462 1413 4510 et

149 4552 274 4614 domini
300 4552 390 4613 Pauli
418 4553 566 4628 existens,
599 4552 755 4612 ambabus
787 4552 929 4633 partibus
960 4553 1135 4633 prenotatis
1170 4552 1320 4615 videlicet
1353 4554 1413 4616 Mi·

150 4658 251 4720 chaeli
278 4659 374 4739 judici
402 4673 432 4720 et
457 4658 629 4719 heredibus
649 4678 704 4718 seu
736 4659 973 4719 successoribus
1005 4659 1069 4718 suis
1094 4680 1110 4719 a
1136 4660 1222 4720 dicto
1248 4659 1411 4742 Stephano

150 4780 180 4827 et
205 4764 338 4826 domino
364 4765 463 4826 Paulo
488 4785 523 4825 ac
549 4766 690 4846 ipsorum
717 4764 888 4827 heredibus
920 4766 1135 4829 communiter
1166 4766 1280 4830 debeat
1305 4765 1410 4831 deser·
