3142 5356
161 575 265 621 tarum
281 558 552 640 pertinenciarum
566 572 597 618 et
611 558 927 618 circumstanciarum
941 555 1155 639 predictarum
1170 554 1295 638 prefate
1315 555 1434 617 Kathe-

162 667 230 727 rine
255 664 382 726 mulieri
407 663 512 725 adhuc
536 663 622 724 salva
647 677 845 724 remanente.

268 773 345 834 Item
365 772 465 854 proba
492 785 523 833 et
540 771 672 833 honesta
697 770 830 832 domina
848 768 1022 831 Katherina
1039 769 1149 831 relicta
1174 769 1318 831 condam
1337 769 1434 850 Sigis-

162 880 275 943 mundi
300 879 393 960 jurati
419 879 590 960 prenotati,
615 880 655 939 ab
680 898 742 939 una
778 893 879 958 parte,
903 877 942 938 ab
968 875 1065 937 altera
1098 895 1175 938 vero
1200 878 1304 959 proba
1331 876 1435 937 domi·

163 988 243 1049 cella
270 985 471 1067 Margaretha
497 999 607 1046 vocata
633 983 697 1045 filia
727 984 861 1066 predicti
886 983 1024 1044 condam
1048 984 1249 1065 Sigismundi
1276 983 1373 1063 jurati
1399 1004 1434 1046 ex

163 1093 278 1155 eodem
306 1106 337 1153 et
371 1091 512 1172 predicta
545 1091 676 1152 domina
711 1090 887 1151 Katherina
920 1089 1077 1170 legittime
1102 1091 1271 1171 progenita
1305 1104 1339 1152 et
1363 1110 1435 1173 pro·

165 1213 281 1276 creata,
305 1218 373 1259 sese
391 1213 502 1259 mutua
527 1196 745 1257 vicissitudine
766 1216 862 1278 super
879 1196 1036 1257 divisione
1062 1195 1285 1257 universarum
1309 1215 1436 1278 posses·

163 1307 291 1367 sionum
318 1320 348 1366 et
380 1304 571 1385 porcionum
604 1321 713 1363 earum
746 1303 1070 1384 possessionariarum
1101 1302 1253 1364 videlicet
1286 1317 1354 1365 tam
1378 1303 1434 1365 do·

164 1430 291 1473 morum
316 1423 513 1471 muratarum
539 1428 635 1490 quam
661 1408 842 1489 lignearum
867 1423 897 1469 et
920 1407 1095 1470 fundorum
1121 1428 1157 1469 ac
1181 1409 1292 1471 celarii
1319 1430 1357 1471 ac
1381 1410 1435 1471 cli·

164 1518 237 1579 bani
262 1537 318 1578 seu
343 1515 482 1579 fornacis
506 1535 625 1598 panum
652 1515 773 1576 eisdem
794 1535 1005 1594 annexorum,
1031 1535 1089 1577 nec
1114 1535 1180 1577 non
1205 1517 1378 1578 vinearum
1405 1532 1435 1578 et

163 1625 354 1706 (hlortorum
379 1643 416 1685 ac
433 1623 548 1704 (hlorei
573 1636 603 1684 et
620 1623 736 1684 stabuli
763 1622 962 1699 carumdem,
981 1623 1057 1683 item
1075 1637 1230 1684 terrarum
1256 1639 1322 1684 tarn
1343 1643 1434 1685 mon·

162 1731 275 1791 talium
301 1749 397 1811 quam
425 1730 653 1811 campestrium
678 1749 714 1790 ac
731 1730 910 1791 sessionum
935 1728 1193 1810 jobagionalium
1219 1731 1251 1791 in
1270 1729 1435 1812 Pobrcsya

163 1836 355 1913 habitarum,
380 1849 632 1916 cunctarumque
657 1835 793 1896 aliarum
823 1835 1091 1916 pertinenciarum
1118 1850 1149 1895 et
1173 1837 1434 1897 circumstancia·

164 1962 233 2003 rum
259 1962 369 2003 earum
387 1943 554 2022 hucusque
580 1943 661 2002 inter
683 1941 810 2002 easdem
830 1956 934 2022 partes
959 1939 1052 2019 facte,
1077 1962 1136 2002 nec
1161 1962 1225 2003 non
1244 1962 1342 2024 super
1360 1963 1433 2005 con-

163 2049 290 2110 cambio
316 2048 502 2110 earumdem
521 2047 730 2108 reddiderunt
754 2045 821 2109 fore
844 2048 968 2129 quietas
985 2062 1016 2108 et
1040 2048 1229 2110 omnimode
1255 2049 1432 2128 absolutas,

164 2175 259 2236 super
284 2174 349 2235 quo
375 2154 495 2215 eisdem
529 2155 672 2235 partibus
703 2152 919 2236 pariformiter
942 2168 1016 2217 sunt
1047 2155 1137 2216 litere
1162 2169 1312 2217 emanare
1339 2170 1371 2218 et
1394 2156 1432 2216 si·

162 2262 242 2343 gillo
268 2261 432 2322 communi
457 2259 654 2322 confirmate.

270 2367 347 2428 ltem
367 2367 559 2428 Benedictus
576 2366 661 2428 filius
687 2366 824 2449 Gywani
842 2367 1005 2448 quandam
1023 2382 1139 2429 terram
1157 2387 1248 2429 suam
1275 2369 1432 2430 arabilem

166 2474 197 2534 in
224 2493 339 2554 campo
375 2473 458 2534 dicte
491 2473 627 2534 civitatis
659 2493 757 2555 prope
790 2489 820 2534 et
853 2488 937 2535 retro
963 2489 1106 2535 montem
1139 2475 1324 2553 vigiliarum
1353 2476 1433 2536 inter

163 2593 261 2641 terras
294 2579 440 2640 similiter
472 2579 608 2640 arabiles
640 2580 815 2640 liberorum
854 2579 992 2641 condam
1027 2580 1194 2641 Michaelis
1226 2580 1344 2655 judicis
1376 2580 1431 2643 filii

164 2685 316 2767 Symonis
340 2686 380 2746 ab
405 2685 540 2761 oriente,
565 2687 604 2745 ab
630 2685 796 2747 occidente
815 2699 921 2746 autem
948 2705 1040 2747 secus
1057 2701 1156 2747 terras
1180 2687 1315 2748 ecclesie
1332 2687 1431 2749 sancti

164 2793 261 2853 Marci
287 2792 491 2873 ewangeliste
531 2791 686 2870 habitam,
719 2812 773 2853 sert
797 2792 848 2852 vel
873 2793 948 2853 citra
982 2793 1084 2854 dietas
1107 2807 1190 2855 terre
1216 2794 1248 2854 in
1273 2814 1306 2854 se
1332 2795 1433 2855 conti·

164 2912 305 2976 nentem,
330 2898 463 2960 honeste
490 2898 617 2959 mulieri
642 2898 766 2979 Agathe
790 2899 881 2959 aliter
906 2904 1035 2980 Agycza
1063 2913 1174 2960 vocate
1208 2901 1351 2962 consorti
1377 2921 1432 2962 sue

163 3004 320 3084 legittime
341 3004 473 3065 donavit
497 3018 653 3085 perpetuo
677 3005 916 3085 possidendam.

271 3110 347 3171 ltem
373 3124 436 3171 tres
460 3109 631 3191 porciones
663 3110 830 3172 cuiusdam
856 3111 960 3188 vinee,
992 3132 1054 3192 que
1080 3113 1219 3173 condam
1244 3113 1367 3175 Mathei
1393 3115 1431 3174 de

164 3216 332 3277 Kralewch
359 3215 532 3298 prefuerat,
557 3237 613 3298 per
638 3217 805 3298 providam
837 3218 1006 3279 mulierem
1032 3218 1134 3280 Elena
1158 3233 1306 3280 vocatam
1331 3219 1431 3282 filiam

163 3320 276 3403 prefati
303 3322 422 3383 Mathei
460 3323 602 3384 relictam
636 3324 774 3384 condam
799 3324 910 3385 Wdile
944 3323 1111 3402 carnificis,
1136 3345 1221 3386 nunc
1245 3342 1429 3389 consortem

164 3429 248 3489 Petri
273 3429 413 3505 sartoris,
432 3430 541 3490 Marco
566 3429 680 3490 cultori
703 3428 772 3491 filio
792 3430 957 3491 Benedicti
984 3431 1069 3493 dicto
1087 3430 1240 3492 Zwechar
1263 3447 1339 3494 sunt
1357 3454 1430 3495 ven·

164 3535 230 3596 dite
256 3549 286 3595 et
311 3536 416 3597 eidem
442 3536 685 3616 privilegialiter
713 3534 910 3614 confirmate,
935 3538 1022 3598 salva
1055 3537 1159 3599 adhuc
1185 3558 1247 3599 una
1273 3540 1429 3620 porcione

163 3640 306 3701 eiusdem
332 3643 425 3702 vinee
444 3640 587 3720 Georgio
611 3641 679 3703 filio
697 3643 773 3704 dicti
799 3643 917 3704 Mathei
941 3643 979 3702 de
998 3643 1168 3705 Kralewch
1193 3660 1319 3726 aparte
1337 3647 1430 3708 vinee

162 3748 339 3808 liberorum
365 3747 518 3808 Johannis
543 3748 643 3831 Bolye
669 3749 768 3810 libera
792 3749 895 3810 adhuc
921 3764 1116 3812 remanente.

269 3853 345 3914 ltem
372 3853 477 3913 media
502 3873 575 3933 pars
599 3854 765 3915 cuiusdam
791 3855 917 3933 domus,
942 3853 1045 3935 fundi,
1070 3856 1178 3918 celarii
1208 3870 1239 3919 et
1264 3857 1429 3920 hedificio·

164 3979 246 4037 rum,
271 3979 333 4040 que
358 3958 495 4020 condam
529 3959 620 4020 Pauli
648 3960 863 4042 Zydowchich
896 3959 1068 4042 prefuerat,
1094 3981 1129 4023 ac
1155 3961 1217 4023 due
1251 3978 1358 4044 partes
1382 3985 1430 4026 ce·

163 4065 233 4125 larii
258 4066 316 4125 sub
342 4065 454 4125 eadem
480 4064 579 4125 domo
604 4080 634 4126 et
667 4065 768 4127 fundo
797 4067 923 4143 situati;
949 4068 1025 4129 item
1057 4083 1196 4149 quatuor
1228 4069 1334 4148 vinee,
1367 4091 1429 4132 una

164 4173 245 4232 inter
269 4173 394 4232 vineam
422 4171 554 4254 Georgii
588 4171 751 4254 lutifiguli,
782 4177 821 4236 ab
855 4195 929 4254 una,
955 4191 985 4236 et
1018 4191 1105 4257 parte
1130 4179 1170 4237 ab
1202 4178 1302 4240 altera
1329 4181 1429 4241 Bene-

163 4277 239 4338 dicti
264 4276 321 4338 filii
347 4277 460 4358 prelati
486 4279 576 4339 Pauli
603 4279 707 4358 jurati,
732 4281 829 4341 simul
854 4301 926 4342 cum
956 4282 1083 4342 stabulo
1109 4296 1140 4344 et
1163 4281 1292 4364 (hloreo
1310 4284 1428 4362 habita,

163 4383 289 4444 residue
315 4404 390 4445 vero
415 4400 478 4445 tres
502 4385 672 4465 porciones
707 4387 847 4447 vineales
873 4389 983 4470 Zeyny
1015 4404 1137 4466 vocate,
1169 4391 1229 4450 sub
1254 4391 1324 4452 eius
1348 4393 1430 4452 veris

163 4489 256 4549 metis
280 4489 310 4549 in
336 4490 426 4551 litera
452 4491 644 4571 privilegiali
670 4494 858 4574 expressatis
890 4511 965 4555 sunt
990 4494 1165 4556 literatorie
1189 4496 1249 4556 sub
1275 4498 1428 4577 pendenti

162 4595 269 4675 sigillo
293 4594 480 4657 confirmate
505 4598 621 4677 Agneti
656 4599 764 4660 relicte
790 4616 820 4660 et
846 4601 954 4661 hlarco
987 4600 1054 4662 filio
1079 4621 1115 4662 ac
1141 4601 1242 4663 Elene
1267 4600 1333 4665 filie
1357 4624 1427 4687 pre·

163 4702 237 4762 dicti
264 4703 352 4763 Pauli
380 4704 594 4785 Zydovvchich
621 4720 650 4765 et
676 4727 731 4787 per
756 4727 810 4767 eos
840 4707 984 4788 ipsorum
1018 4707 1191 4769 heredibus
1215 4723 1373 4791 perpetuo
1397 4725 1427 4772 et

163 4809 414 4871 irrevocabiliter
440 4811 644 4892 possidende.
