3142 5356
292 1311 421 1414 (Auno
448 1312 606 1402 Domini
633 1313 990 1417 uoocuxfflv.)

69 1660 118 1741 ta,
147 1653 241 1752 quod
271 1653 335 1727 sub
365 1676 459 1729 anno
489 1652 634 1729 Domini
664 1653 852 1730 millesimo
881 1656 1139 1731 tercentesimo
1167 1680 1275 1733 nona-

68 1779 151 1853 simo
180 1778 314 1877 quinto,
334 1785 498 1876 tempore
522 1778 703 1876 judicatus
731 1779 862 1853 domini
880 1778 1048 1876 Johannis
1075 1778 1134 1855 filii
1163 1780 1275 1875 Pauli,

217 1901 357 1998 judicis,
387 1909 472 1977 octa
495 1903 757 2002 subsequentia
781 1903 1060 1978 subscribuntur.

116 2130 194 2195 itam
228 2129 403 2211 Gregorius
435 2131 551 2212 Angeli
586 2132 722 2193 condam
758 2130 879 2211 juratus
911 2131 1107 2193 condonavit
1138 2131 1275 2195 fundum

71 2256 103 2297 m
128 2256 201 2298 curn
227 2237 325 2298 domo
344 2251 467 2298 murato
491 2253 522 2297 et
546 2237 677 2298 cellario
693 2251 841 2298 terraneo
867 2257 901 2298 ac
920 2238 1077 2300 universis
1099 2239 1165 2300 suis
1182 2251 1274 2301 uten-

68 2363 123 2405 ous
149 2343 241 2405 Petro
266 2342 334 2404 filio
359 2363 417 2404 suo
434 2356 465 2405 et
489 2343 564 2405 dicti
584 2344 666 2405 Petri
688 2345 794 2426 pueris
811 2365 848 2406 ex
874 2345 943 2426 ipso
963 2345 1179 2426 procreandis,
1196 2359 1276 2407 tem·

69 2472 86 2512 e
111 2450 271 2532 judicatus
295 2449 372 2511 dicti
399 2449 564 2512 Johannis.

115 2576 194 2637 Item
227 2576 360 2636 domina
394 2575 494 2637 Elena
527 2575 636 2636 relicta
669 2575 806 2636 condam
840 2574 999 2636 Francisci
1032 2574 1157 2655 judicis,
1190 2596 1275 2639 nunc

68 2682 265 2763 o(consors)
291 2681 421 2743 Thome
454 2681 601 2743 vendidit
624 2694 655 2742 et
686 2681 950 2743 concambioliter
981 2681 1114 2744 tradidit
1137 2681 1275 2745 fundum

71 2809 103 2850 m
128 2808 201 2850 cum
227 2789 326 2849 domo
351 2801 475 2848 murata
502 2789 532 2848 in
558 2788 630 2848 vico
656 2785 852 2849 Carnificum
871 2787 1009 2849 Johanni
1034 2786 1101 2850 filio
1120 2789 1274 2871 Stephani

68 2895 86 2958 ti
112 2894 265 2976 Stephani
291 2895 412 2971 Bosou,
437 2909 581 2975 tempore
607 2893 682 2955 dicti
708 2893 873 2955 Johannis.

117 3019 195 3081 Item
220 3019 351 3080 Hernka
376 3017 440 3079 filia
466 3023 592 3099 Agnese
617 3017 706 3079 dedit
730 3017 888 3099 Mychaeli
911 3017 978 3079 filio
1003 3018 1194 3096 Sebastiam,
1220 3018 1252 3095 ju

68 3149 88 3206 ›,
113 3140 225 3187 nostro
250 3126 386 3203 concivi,
411 3125 572 3205 quandam
598 3125 723 3185 vineam
750 3136 781 3185 et
804 3123 917 3184 silvam
943 3137 1088 3206 tempore
1113 3123 1271 3204 judicatus

68 3235 85 3296 :i
111 3232 277 3295 Johannis.

115 3338 193 3400 item
220 3337 334 3400 Gallus
357 3351 459 3398 sartor
483 3352 513 3398 et
539 3337 629 3419 Dyka
654 3354 786 3397 consors
810 3356 866 3396 sua
891 3335 1106 3397 vendiderunt
1131 3335 1274 3417 Rugerio

68 3446 183 3509 Paconi
216 3444 255 3506 de
289 3444 457 3506 Florencia
491 3443 630 3505 mediam
664 3442 782 3504 curiam
816 3441 908 3503 fundi
941 3443 1096 3524 ipsorum,
1128 3455 1274 3523 tempore

68 3554 84 3616 :i
110 3550 276 3613 Johannis.

115 3658 192 3719 item
218 3657 325 3739 Matey
342 3656 427 3717 solar
451 3657 588 3717 condam
608 3655 748 3716 decanus
768 3654 913 3716 vendidit
936 3655 1064 3716 vineam
1091 3674 1182 3716 suam
1200 3674 1273 3716 cum

68 3764 166 3828 versia
190 3764 255 3825 suis
289 3763 412 3844 juribus
444 3761 603 3845 Mychaeli
633 3762 737 3843 jurato
766 3776 797 3823 et
828 3761 960 3823 domine
986 3761 1081 3824 Clare
1106 3763 1174 3823 eius
1198 3780 1274 3823 con-

68 3872 97 3952 ti,
120 3886 266 3952 tempore
292 3869 368 3931 dicti
394 3869 560 3932 Johannis.

114 3995 193 4057 Item
218 3993 365 4078 Mychael
390 3994 511 4073 juratus
544 4008 574 4054 et
599 3993 789 4054 Leonardus
812 3991 897 4052 filius
928 3993 1066 4053 condam
1092 3992 1271 4053 Sebastiani

68 4102 122 4164 icis
146 4102 178 4162 in
204 4101 361 4163 universis
386 4120 496 4162 eorum
522 4100 779 4181 possessionibus
797 4114 828 4159 et
852 4099 945 4160 bonis
970 4100 1046 4180 ipsis
1069 4119 1087 4160 a
1111 4113 1200 4180 patre
1224 4119 1273 4160 re-

68 4209 160 4271 tdatis
185 4206 328 4269 fecerunt
354 4208 557 4284 divisionem,
582 4222 727 4288 tempore
756 4205 832 4266 dicti
857 4205 1023 4267 Johannis.

114 4315 192 4377 Item
218 4315 317 4375 decan
354 4315 463 4375 Maron
489 4313 573 4373 solar
605 4313 751 4373 vendidit
783 4311 910 4372 vineam
942 4331 1033 4373 suam
1058 4310 1217 4392 Gregorio
1242 4325 1273 4375 et

68 4422 211 4506 rgarethe
236 4422 374 4483 consorti
400 4440 466 4498 sue,
491 4435 635 4501 tempore
661 4419 736 4480 dicti
762 4417 928 4480 Johannis.

114 4530 192 4591 item
218 4528 366 4589 dedimus
391 4528 497 4588 literas
520 4546 615 4607 super
640 4540 702 4585 tres
720 4524 820 4585 dietas
837 4537 918 4584 terre
943 4524 1081 4602 arabilis,
1105 4523 1214 4585 Mihen
1233 4523 1272 4585 de

68 4656 144 4699 reno
168 4649 258 4719 patre
281 4655 340 4697 suo
364 4634 423 4694 sibi
449 4632 538 4694 datas
563 4647 593 4694 et
618 4632 774 4709 dimissas,
792 4644 899 4692 nostre
924 4629 1173 4708 communitatis,
1191 4642 1270 4690 tem-

70 4763 88 4805 e
112 4742 189 4805 dicti
214 4741 382 4823 judicatus.
