3142 5356
152 119 211 183 ¹9⁰
540 99 626 156 Anno
656 108 748 173 1509.
772 130 816 142 -
841 111 868 174 3.
892 99 1018 172 augusti.

147 310 282 391 viroque
307 328 366 370 suo
391 330 408 371 a
431 305 554 392 prefato
588 307 725 369 condam
759 307 919 389 Gregorio
951 308 1201 391 Symwnowych
1226 308 1344 369 emisse
1369 273 1464 368 df

147 430 307 494 noscatur,
337 436 374 478 ex
400 436 465 498 quo
498 415 572 477 dicti
608 415 794 496 Gregorius,
827 415 1084 497 Benedictusque
1117 430 1148 476 et
1179 415 1235 476 alii
1260 412 1375 477 fratres

147 523 234 585 dicto
267 521 425 604 Gregorio
458 521 603 582 similiter
636 521 876 604 Symunowych
909 535 1076 603 procreato
1108 522 1202 583 divisi
1232 521 1363 584 lucrant
1388 515 1464 584 ἄ

147 644 258 712 etpost
274 630 462 712 porcionem
488 628 563 690 dicti
583 626 731 708 Gregorii
757 627 814 688 lilii
832 628 980 689 similiter
997 626 1145 708 Gregorii
1163 610 1464 710 Symwnowycss

148 736 230 797 dicta
256 736 392 798 condam
419 734 582 796 Dorothea
608 753 679 795 cum
706 734 826 795 Mathia
851 736 919 795 vito
948 754 1007 795 suo
1032 753 1089 816 pro
1114 733 1317 815 septuaginta
1346 729 1464 795 flo(

152 858 296 904 emerant
319 857 351 904 et
381 842 466 902 idem
500 841 631 901 domina
668 840 828 901 Dorothea
864 842 895 902 in
929 841 1078 902 extremis
1109 840 1259 901 laborans
1283 838 1464 901 cuidant

148 950 284 1012 condam
312 950 412 1011 Paulo
446 950 573 1010 literato
605 963 635 1008 et
660 968 715 1028 per
747 967 948 1028 consequens
983 947 1119 1009 condam
1153 947 1287 1007 domine
1320 949 1464 1008 Ano&

149 1056 238 1118 uxori
264 1055 408 1117 eiusdem
427 1054 690 1116 testamentaliter
715 1054 835 1135 legasse
854 1054 1042 1131 dinoscitur,
1067 1054 1110 1115 ob
1134 1053 1194 1114 hoc
1219 1071 1280 1114 nos
1298 1053 1464 1115 dictant

147 1177 263 1224 tertam
288 1163 327 1224 ab
352 1160 475 1244 prelato
500 1160 657 1222 Michaele
682 1162 858 1242 presbitero
891 1160 1147 1241 abjudicavimus
1175 1179 1212 1220 ex
1237 1178 1306 1240 quo
1332 1160 1448 1223 dictu-

148 1282 230 1330 terra
256 1267 316 1329 fuit
341 1283 446 1350 empta
472 1280 567 1349 prout
592 1267 624 1327 in
650 1267 750 1327 literis
774 1267 910 1328 civitatis
928 1268 1011 1328 clare
1036 1266 1193 1328 contineri
1218 1265 1369 1328 vidimus
1392 1279 1459 1328 et:

148 1389 260 1457 etpost
285 1375 369 1436 idem
396 1375 527 1435 domina
554 1373 716 1435 Dorothea
742 1374 848 1455 legare
879 1374 984 1456 potuit
1008 1373 1059 1434 cui
1084 1371 1205 1447 voluit;
1229 1391 1330 1453 super
1356 1392 1432 1454 qua

149 1481 393 1563 abjudicacione
425 1479 566 1564 prelatus
599 1481 749 1541 dominus
786 1480 924 1542 Michael
964 1499 1029 1541 non
1062 1478 1123 1541 luit
1158 1492 1332 1540 contentus
1365 1479 1431 1541 sed

149 1588 323 1671 appellavit
347 1587 386 1649 ad
412 1588 601 1668 magistrum
627 1586 910 1649 thawernicorum.

229 1825 324 1898 Feria
353 1835 450 1897 sexta
479 1834 557 1896 ante
586 1826 708 1896 leston
737 1825 834 1896 beate
864 1826 968 1896 llarle
995 1823 1138 1912 virginis
1168 1825 1207 1894 de
1236 1822 1330 1896 Nive.

671 1978 715 2057 (3.
747 1981 887 2054 augusta).

255 2119 409 2180 Nicolaos
435 2119 668 2180 Kwntheschak
702 2119 741 2180 ad
768 2120 955 2180 instanciam
989 2119 1215 2201 Mysltowycze
1240 2117 1350 2199 primo
1376 2119 1421 2180 ci·

150 2237 234 2286 tatus
259 2244 323 2285 non
349 2225 539 2307 comparuit.

257 2330 399 2404 Quidam
426 2333 617 2393 Benedictus
634 2331 809 2417 Zdelarych
829 2333 964 2392 colonus
989 2333 1098 2393 relicte
1127 2331 1264 2392 condam
1291 2330 1421 2392 domini

152 2436 333 2521 Sapharych
353 2438 383 2498 in
409 2437 551 2519 profesto
568 2453 675 2499 sancte
693 2438 892 2520 Margarethe
912 2438 1045 2518 virginis
1063 2438 1094 2498 in
1120 2452 1213 2498 nocte
1231 2435 1424 2499 interiectus

152 2542 243 2615 foret,
270 2544 324 2604 ubi
350 2545 498 2606 custodes
523 2545 660 2607 civitatis
678 2546 865 2626 ignorarunt
883 2564 939 2626 per
963 2564 1059 2625 quem
1085 2543 1197 2605 luisset
1221 2541 1422 2622 interiectus,

150 2649 281 2710 tandem
315 2648 435 2730 prelata
468 2651 599 2712 domina
632 2671 704 2712 cum
737 2651 885 2713 iratribus
918 2650 1062 2711 eiusdem
1095 2649 1251 2730 judicium
1285 2648 1326 2709 de
1351 2649 1418 2710 illis

152 2755 339 2817 custodibus
356 2758 601 2838 expostulabant
619 2773 793 2819 asserentes
818 2758 906 2839 quod
925 2757 983 2839 ipsi
1004 2754 1171 2831 fecissent;
1194 2755 1327 2817 tandem
1346 2775 1418 2837 pre-

152 2860 214 2925 fate
239 2862 369 2925 domine
388 2876 418 2925 et
442 2864 534 2926 dictis
560 2864 709 2927 fratribus
733 2866 818 2927 diem
842 2866 1011 2946 juridicum
1029 2865 1199 2926 statuimus
1223 2877 1253 2923 et
1277 2861 1417 2925 fecimus

151 2969 283 3051 plenum
308 2969 462 3051 judicium
490 2990 596 3031 coram
627 2971 769 3053 Georgio
802 2973 975 3032 castellano
1008 2971 1132 3031 domini
1159 2971 1246 3031 Luce
1270 2969 1416 3051 episcopi

152 3075 367 3155 zagtabiensis
391 3096 428 3136 ac
451 3096 557 3137 coram
583 3077 746 3159 Stephano
779 3077 1018 3159 Beryzlawych‚
1052 3076 1195 3158 Georgio
1223 3075 1331 3156 judice
1356 3074 1417 3137 Ca·

152 3180 257 3263 pituli,
284 3181 448 3263 Stephano
466 3183 694 3265 Mayczenych,
720 3184 856 3245 Nicolao
882 3183 986 3263 judice
1005 3183 1044 3243 de
1062 3183 1216 3260 Abbacia,
1242 3181 1337 3243 Petro
1354 3202 1418 3242 sar·

152 3301 219 3348 tote
245 3287 284 3348 de
309 3288 434 3366 eadem,
468 3289 613 3350 iohanne
647 3290 753 3369 judice
786 3291 824 3349 de
850 3291 941 3351 Nova
974 3289 1060 3366 villa,
1087 3288 1205 3349 Mathia
1231 3287 1353 3348 kaolt
1379 3288 1419 3349 de

153 3392 229 3454 villa
256 3393 457 3472 Latinorum,
482 3395 632 3476 Philippo
657 3395 696 3456 de
722 3397 833 3457 eadem
860 3416 895 3457 ac
919 3395 1077 3476 Gregorio
1102 3395 1141 3455 de
1166 3393 1353 3455 Kralewecz
1378 3395 1419 3456 si·

152 3500 272 3562 militer
296 3500 414 3581 judice,
440 3503 557 3582 quibus
582 3502 796 3581 juramentum
826 3504 866 3565 ad
899 3502 1213 3584 quintumdecimum
1239 3501 1325 3562 diem
1352 3503 1419 3564 cui·

152 3605 232 3668 libet
253 3608 419 3667 terciomet
451 3607 706 3689 adjudicavimus
738 3610 825 3691 quod
861 3611 890 3670 in
925 3630 976 3669 ara
1010 3623 1116 3669 sancte
1142 3607 1256 3670 Crucis
1279 3608 1422 3688 quilibet

152 3710 256 3792 jurare
281 3712 412 3774 debebit
437 3714 524 3795 quod
550 3734 654 3795 neque
689 3716 756 3797 ipse
782 3737 885 3797 neque
912 3737 983 3777 cum
1015 3716 1095 3776 scitu
1120 3734 1226 3796 neque
1250 3714 1421 3778 voluntate

154 3818 298 3879 eiusdem
324 3820 534 3902 interemptus
552 3837 607 3882 est.
634 3823 708 3895 Quo
727 3824 777 3883 die
803 3823 994 3884 adveniente
1012 3823 1111 3904 ipsius
1127 3821 1299 3902 juramenti
1317 3821 1421 3904 depo·

153 3923 283 3985 sicionis
307 3926 433 3988 nobiles
457 3927 619 3988 lohannes
644 3928 786 3990 literatus
807 3929 904 4008 judex
928 3928 1086 3989 nobilium
1113 3927 1151 3988 de
1171 3927 1355 3989 Morawcha
1382 3949 1421 3991 ac

155 4030 301 4093 Andreas
325 4031 469 4094 literatus
493 4033 533 4094 de
557 4033 669 4096 eadem
695 4035 733 4095 ad
769 4035 829 4096 hoc
861 4036 966 4096 vocati
992 4049 1023 4097 et
1047 4054 1103 4116 per
1136 4035 1221 4116 ipsos
1245 4034 1422 4098 examinati

153 4156 267 4198 omnes
290 4153 385 4220 prout
411 4139 487 4221 ipsis
517 4140 736 4222 adjudicatum
770 4156 816 4203 est
841 4143 909 4224 ipso
934 4141 985 4202 die
1018 4141 1234 4222 juramentum
1259 4140 1422 4223 deposue-

152 4258 237 4323 tunt,
261 4257 365 4306 tamen
399 4245 548 4308 dixerunt
580 4247 612 4307 in
645 4247 824 4328 juramento
857 4249 944 4330 quod
978 4248 1109 4329 quidam
1143 4246 1296 4308 Nicolaus
1328 4262 1423 4312 sutor

153 4349 291 4411 eundem
317 4348 535 4415 interfecisset.

259 4457 405 4520 Thomas
437 4472 526 4520 sutor
557 4479 629 4521 cum
663 4480 761 4521 uxore
797 4476 906 4523 contra
940 4462 1072 4524 Elenam
1107 4461 1257 4524 ancillam
1282 4458 1420 4544 Georgii

153 4563 315 4648 Thwzthy
338 4565 443 4648 primo
468 4565 553 4626 citati
579 4586 642 4628 non
668 4582 927 4650 comparuerunt.
