3142 5356
153 479 213 544 ¹7⁰
561 460 649 516 Anno
671 467 761 536 1507.
786 490 827 499 —
851 452 904 518 28.
924 458 1009 533 julii.

149 675 223 737 ideo
248 674 274 735 si
294 678 438 756 prefatus
455 671 622 734 Emericus
638 669 769 732 Therelr
785 671 845 731 sub
861 689 917 751 spe
935 669 1082 731 laesionis
1098 670 1188 752 pueri
1204 669 1286 732 tales
1302 669 1418 733 domos

147 780 334 844 hedificavit
358 794 389 842 et
413 779 581 861 disposuit,
606 791 722 840 extunc
742 777 902 859 quidquid
928 776 1076 859 egregius
1101 775 1269 838 Emericus
1287 776 1417 839 Therelr

148 889 188 951 ad
214 888 314 950 dictas
338 887 455 948 domos
479 885 628 965 exposuit
652 884 684 946 id
714 884 877 946 Johannes
903 883 1057 946 Saronich
1093 884 1261 946 restituere
1286 884 1418 947 habebit

147 997 172 1058 si
199 995 300 1058 dictas
325 994 440 1057 domos
463 993 616 1055 rehabere
640 991 773 1071 volebit,
798 991 967 1073 pecuniam
993 1005 1101 1053 autern
1126 1010 1224 1073 quatu
1249 991 1418 1054 Emericus

150 1104 280 1166 Therelt
306 1101 429 1186 prefato
455 1099 598 1182 Georgio
621 1099 662 1161 de
687 1098 844 1161 Schitario
878 1099 908 1160 in
934 1113 1052 1161 sortem
1086 1099 1218 1161 istarum
1242 1100 1417 1182 possessio·

149 1229 227 1273 num
252 1209 350 1286 dedit,
376 1207 408 1269 id
434 1206 601 1268 Emericus
626 1205 756 1267 Therek
781 1227 797 1266 a
823 1203 948 1287 prelato
973 1204 1116 1287 Georgio
1141 1221 1289 1288 expetere
1313 1220 1345 1268 et
1369 1226 1416 1268 re-

149 1319 267 1380 habere
291 1317 426 1391 debeat;
450 1315 489 1376 de
513 1314 585 1375 aliis
616 1327 722 1375 autem
756 1314 1022 1395 possessionibus,
1045 1313 1137 1375 terris
1160 1313 1347 1392 arabilibus,
1372 1312 1415 1374 f-

150 1425 280 1502 nilibus,
306 1423 486 1505 (hlortibus,
503 1422 528 1482 si
547 1421 650 1483 dictus
668 1421 836 1482 Emericus
852 1420 976 1502 aliquid
989 1421 1173 1503 exposuerit
1195 1434 1251 1483 aut
1266 1419 1417 1482 homines

150 1533 210 1611 sui,
235 1530 373 1593 fructum
399 1544 430 1592 et
460 1529 631 1591 utilitatem
653 1541 889 1610 competentem
921 1528 1049 1604 habuit;
1083 1524 1224 1610 prefatus
1255 1546 1333 1589 vero
1358 1528 1416 1590 do·

155 1639 262 1700 minus
288 1637 405 1698 Sowan
430 1637 462 1698 in
494 1649 559 1698 tota
593 1655 685 1697 causa
719 1654 783 1696 non
816 1648 985 1697 contentus
1008 1634 1063 1695 sed
1095 1634 1272 1718 appellavit
1303 1634 1344 1696 ad
1368 1655 1415 1697 se·

150 1746 257 1807 niores
280 1743 413 1826 judices.

203 1982 299 2055 leria
330 1990 454 2071 quarta
483 1983 636 2069 proxima
667 1988 744 2069 post
771 1981 895 2052 festum
924 1982 1019 2053 beate
1047 1983 1179 2054 Marthe
1207 1984 1363 2071 virginis.

688 2130 756 2212 (28.
773 2133 873 2214 julia).

253 2278 404 2340 Seniores
428 2277 551 2356 judices
575 2296 704 2338 causam
736 2290 856 2338 motam
890 2278 972 2338 inter
997 2277 1177 2340 Johannem
1203 2278 1360 2340 Saronich
1386 2292 1417 2341 et

148 2385 313 2466 egregium
338 2383 523 2445 Emericum
549 2383 689 2462 Therelt,
722 2385 810 2465 prius
830 2404 887 2466 per
911 2384 1030 2464 juratos
1063 2384 1279 2462 adjudicatam
1305 2398 1336 2447 et
1359 2406 1416 2468 per

148 2493 317 2554 dominum
328 2491 446 2554 Sowan
459 2491 499 2552 ad
508 2492 650 2554 seniores
659 2491 782 2572 judices
792 2491 997 2573 appellatam,
1007 2492 1148 2553 seniores
1158 2490 1281 2572 judices
1293 2493 1417 2555 vocatis

148 2599 290 2681 partibus
314 2611 344 2659 et
360 2597 477 2658 auditis
501 2617 627 2658 rursum
645 2597 684 2660 de
709 2618 794 2660 novo
813 2599 1093 2680 propositionibus
1110 2611 1141 2660 et
1153 2597 1417 2679 allegationibus

147 2725 183 2767 ac
197 2704 462 2787 responsionibus
479 2704 679 2782 eorumdem,
689 2705 839 2767 videlicet
854 2705 934 2766 inter
945 2704 1126 2767 Johannem
1144 2704 1299 2768 Saronich
1312 2704 1418 2768 filium

148 2810 284 2872 condam
311 2810 473 2871 Dominici
499 2810 654 2872 Saronich
681 2824 711 2872 et
736 2812 900 2892 egregium
919 2812 1106 2873 Emericum
1131 2810 1262 2873 Therek
1286 2826 1342 2874 aut
1360 2813 1418 2875 do·

148 2917 273 2978 minum
299 2916 474 2978 Sowanum
499 2931 739 2998 procuratorem
765 2937 859 2978 suum
885 2918 1012 2979 racione
1037 2931 1068 2980 et
1092 2931 1236 2999 pretextu
1262 2937 1417 2999 quarum·

148 3023 222 3084 dam
248 3024 501 3104 possessionum,
525 3038 602 3105 puta
627 3024 793 3085 cuiusdam
820 3024 947 3101 domus,
972 3024 1091 3106 (h)orti,
1110 3025 1193 3106 prati
1216 3044 1272 3085 seu
1297 3023 1419 3106 fertilis,

147 3129 238 3191 terris
252 3130 437 3207 arabilibus,
461 3129 550 3191 silvis
574 3145 605 3192 et
625 3131 695 3192 aliis
720 3131 760 3191 ad
778 3130 906 3190 easdem
924 3130 1141 3211 possessiones
1165 3130 1418 3211 pertinentibus,

149 3256 207 3319 pro
232 3236 349 3317 quibus
366 3233 505 3317 prefatus
524 3238 690 3298 Emericus
707 3237 837 3299 Therelt
861 3251 989 3298 centum
1008 3250 1038 3296 et
1052 3235 1163 3298 decem
1182 3235 1251 3300 flor.
1270 3235 1418 3320 Georgio

150 3343 190 3404 de
216 3341 373 3405 Schitario
407 3342 481 3403 dare
515 3344 640 3421 dicitur,
673 3345 755 3405 inter
785 3358 891 3425 partes
923 3341 1060 3424 prefatas
1090 3342 1189 3404 talem
1215 3341 1415 3406 decisionem

149 3449 335 3511 fecissemus
359 3464 455 3530 prout
480 3448 612 3510 inferius
636 3450 861 3525 declarabitur,
885 3452 940 3512 ubi
966 3448 1105 3531 prefatus
1130 3449 1294 3511 lohannes
1319 3450 1417 3513 Saro-

149 3556 222 3619 nich
248 3556 508 3639 proposicionem
542 3576 631 3617 suam
664 3577 769 3617 coram
798 3558 892 3619 nobis
923 3558 1090 3638 proposuit
1122 3571 1153 3619 et
1176 3556 1353 3618 declaravit
1376 3579 1416 3620 eo

149 3663 267 3725 modo:
292 3663 381 3744 quod
405 3662 482 3725 licet
506 3683 566 3743 ego
592 3663 755 3725 lohannes
787 3665 819 3725 in
844 3664 984 3744 juvenali
1017 3678 1098 3725 etate
1122 3664 1260 3725 existens
1284 3679 1417 3727 coactus

147 3790 204 3852 per
228 3770 370 3831 nobilem
397 3768 437 3831 de
462 3768 631 3849 Schitario,
657 3771 711 3850 qui
735 3785 880 3851 tempore
906 3771 963 3832 illo
987 3791 1039 3832 me
1063 3773 1205 3852 regebat,
1230 3790 1339 3832 coram
1366 3772 1415 3854 ju·

149 3877 220 3938 dice
245 3890 362 3938 eotune
387 3877 540 3938 existente
565 3877 638 3938 licet
664 3875 835 3938 laesionem
865 3876 1005 3956 fecerim,
1031 3897 1068 3938 ex
1093 3897 1158 3958 quo
1182 3892 1327 3959 tempore
1353 3878 1414 3940 illo

148 4002 234 4044 eram
261 3983 292 4043 in
318 3983 466 4044 manibus
490 3981 604 4063 prefati
631 3981 762 4063 Georgii
798 3998 828 4044 et
853 3983 1002 4064 quitquid
1028 4003 1154 4044 mecum
1180 3982 1283 4044 facere
1307 3984 1414 4049 voluit

147 4089 180 4149 id
204 4108 255 4149 me
281 4088 384 4150 facere
409 4088 584 4171 opportuit,
610 4104 640 4149 et
657 4089 730 4150 ideo
755 4089 878 4151 domini
903 4089 1025 4170 judices
1050 4103 1124 4170 peto
1149 4090 1227 4151 mihi
1252 4089 1414 4169 justiciam

148 4194 319 4256 ministrari
341 4195 467 4256 etmihi
485 4215 556 4255 mea
573 4196 749 4258 restituere.
775 4197 822 4256 Ex
838 4196 972 4256 adverso
992 4196 1143 4256 dominus
1160 4195 1278 4257 Sowan
1295 4215 1414 4277 procu·

147 4315 233 4363 rator
257 4301 376 4382 egregii
402 4301 526 4362 domini
553 4301 691 4363 Emerici
716 4302 845 4364 Therelt
871 4302 1035 4383 respondit
1060 4317 1090 4362 et
1113 4302 1197 4384 cepit
1220 4320 1252 4362 se
1277 4303 1414 4365 submit·

146 4420 213 4468 tere
238 4408 276 4468 ad
302 4406 441 4486 judicem
466 4421 582 4469 eotunc
608 4409 796 4470 existentem
814 4427 921 4469 coram
946 4427 1011 4489 quo
1036 4407 1096 4470 fuit
1112 4408 1184 4469 talis
1208 4406 1315 4487 fassio,
1340 4410 1413 4490 qui·

148 4512 280 4594 quidem
312 4513 408 4595 judex
440 4513 596 4595 prefatam
629 4512 800 4576 fassionem
834 4534 899 4575 non
925 4515 1053 4594 negavit
1083 4528 1228 4596 tempore
1252 4512 1416 4594 judicatus

148 4620 197 4681 sui
221 4618 330 4699 fuisse,
354 4620 409 4682 sed
434 4621 514 4682 dixit
538 4618 598 4682 fuit
622 4621 753 4701 quidem
775 4619 870 4681 fassio
896 4640 1003 4682 coram
1022 4641 1083 4699 me,
1098 4636 1205 4681 tamen
1230 4638 1336 4700 neque
1354 4619 1409 4681 do·

149 4726 254 4786 minus
280 4726 446 4787 Emericus
464 4726 595 4788 Therelt
614 4747 717 4807 neque
735 4727 851 4807 aliquis
868 4742 1055 4808 procurator
1072 4727 1171 4809 ipsius
1195 4725 1414 4808 privilegiales

149 4831 257 4892 literas
281 4832 453 4914 superinde
479 4833 621 4894 emanari
640 4853 738 4914 penes
757 4833 1022 4894 consvetudinem
1040 4833 1176 4894 civitatis
1192 4853 1209 4893 a
1226 4851 1279 4893 me
1307 4833 1415 4914 requi·

148 4939 231 5002 sivit.
257 4940 366 5003 Medio
389 4959 466 5002 vero
498 4954 642 5026 tempore
669 4937 865 5006 Cristoforua
897 4940 1049 5026 patruelis
1073 4940 1150 5004 dicti
1175 4938 1330 5003 iohannis
1356 4939 1413 5003 Sa·
