3142 5356
520 528 608 585 Anno
630 522 723 603 1487.
748 561 788 569 —-
810 541 860 599 23.
876 531 1027 604 jamearii.
1370 553 1411 614 43

249 741 328 802 Item
347 740 459 802 eadem
486 741 536 800 die
554 761 649 802 causa
676 742 758 802 inter
776 741 930 802 Mathiam
954 743 993 804 de
1019 745 1161 805 Abbacia
1179 760 1210 806 et
1235 743 1411 826 Georgium

151 849 286 910 Zalaricz
311 849 442 910 racione
466 849 676 910 serviciorum
709 848 809 930 ipsius
842 850 962 927 Mathe,
990 864 1021 912 et
1053 851 1230 933 dampnum
1256 852 1342 936 quod
1369 850 1413 913 se·

150 958 237 1018 risset
263 957 330 1038 ipse
364 955 501 1018 Matthias
532 956 603 1039 ipso
635 955 789 1034 Zalaricz,
823 957 910 1038 quod
944 956 1021 1019 feria
1054 973 1139 1019 sexta
1165 959 1310 1041 proxima
1342 973 1415 1041 post

149 1062 261 1125 festum
286 1063 372 1124 beati
397 1062 489 1124 Pauli
511 1062 743 1125 Conversionis
762 1063 899 1124 Mathias
924 1063 1063 1125 carnifex
1080 1064 1176 1126 debet
1198 1065 1301 1145 jurare
1319 1085 1414 1147 super

148 1189 229 1231 aram
255 1183 363 1231 sancte
389 1169 512 1248 Crucis,
546 1169 633 1250 quod
659 1170 684 1230 si
710 1169 838 1250 jurabit,
866 1183 942 1232 tunc
967 1172 1062 1231 debet
1087 1170 1246 1252 Georgius
1271 1171 1413 1233 Zalaricz

147 1277 201 1338 sibi
225 1277 352 1338 solvere
377 1276 558 1339 servicium.

250 1384 329 1445 Item
355 1383 468 1445 eadem
493 1382 544 1443 die
570 1403 664 1444 causa
689 1383 771 1443 inter
794 1382 1002 1445 Dominicum
1028 1384 1190 1445 Perowicz
1216 1397 1246 1445 et
1270 1383 1412 1445 Blasium

148 1492 320 1552 Almanum
355 1490 484 1551 racione
517 1489 633 1550 domus
658 1490 689 1549 in
723 1508 785 1569 qua
818 1488 941 1552 habitat
966 1490 1191 1567 Maximianus,
1225 1489 1301 1551 feria
1327 1504 1413 1553 sexta

145 1598 288 1680 proxima
315 1611 386 1666 post
411 1595 527 1657 festum
545 1595 778 1687 Conversionis
802 1597 887 1658 beati
913 1596 1004 1658 Pauli
1024 1596 1120 1677 jurati
1137 1595 1412 1679 dejudicaverunt,

146 1705 231 1786 quod
258 1704 449 1765 Dominicus
482 1703 636 1766 Perouicz
668 1701 885 1783 debetjurare
917 1723 1123 1785 superatam
1156 1718 1263 1765 sancte
1288 1703 1412 1783 Crucis,

146 1812 232 1892 quod
266 1812 334 1892 ipse
367 1810 490 1871 nullam
524 1809 743 1871 municionem
776 1807 851 1870 iecit
885 1830 980 1892 super
1014 1810 1103 1871 illam
1128 1810 1263 1872 domum
1296 1831 1354 1872 nec
1378 1832 1412 1873 sc

145 1919 317 1980 intromisit
342 1931 412 1998 post
444 1916 678 1978 inhibicionem
710 1915 815 1977 fratris
844 1917 893 1977 sui
920 1917 1093 1998 Stephani,
1129 1917 1260 1998 quando
1285 1917 1412 1998 jurabit,

143 2039 218 2085 tunc
245 2024 370 2086 Blasius
394 2023 553 2084 Almanus
579 2022 709 2083 debebit
732 2023 792 2083 sibi
817 2022 943 2083 solvere
968 2022 1036 2084 flor.
1062 2036 1185 2104 septem
1210 2023 1240 2083 in
1267 2042 1354 2086 auru.

249 2131 328 2193 Item
354 2131 466 2191 eadem
492 2130 545 2192 die
570 2149 663 2191 causa
688 2130 770 2191 inter
796 2130 915 2191 Lucam
946 2130 1094 2191 Ribaricz
1120 2145 1151 2191 et
1176 2130 1349 2210 quemdam
1367 2129 1411 2192 f·

145 2239 303 2300 militarem
338 2238 437 2319 ipsius
471 2237 590 2298 Micula
622 2236 749 2297 racione
775 2237 941 2297 cuiusdam
974 2235 1138 2315 furticinii,
1180 2237 1268 2317 quod
1302 2251 1411 2298 contra

145 2346 247 2425 ipsum
274 2345 443 2427 proposuit
462 2346 564 2404 Lucas
581 2343 740 2421 Ribaricz,
763 2343 850 2424 quod
870 2344 936 2423 ipse
957 2341 1082 2404 fecisset
1100 2344 1219 2404 Micula
1243 2357 1314 2425 post
1331 2343 1411 2404 illud

144 2467 271 2533 tempus
288 2452 370 2512 sicut
395 2452 462 2532 ipse
481 2451 584 2511 Lucas
608 2451 712 2532 ipsum
731 2449 885 2511 Miculam
914 2450 999 2531 apud
1027 2465 1171 2511 sanctum
1198 2450 1411 2511 Laurencium

145 2558 184 2618 ad
208 2558 380 2619 servicium
406 2576 499 2617 suurn
534 2571 748 2637 assumpserat
779 2556 884 2617 eidem
915 2554 1049 2618 iurasset
1079 2571 1180 2618 certas
1205 2576 1264 2633 res,
1289 2555 1411 2634 fenum,

145 2664 226 2725 sales
243 2678 274 2726 et
295 2683 396 2725 unum
421 2664 576 2743 ligonem,
600 2663 693 2745 jurati
711 2662 986 2744 dejudicaverunt,
1010 2664 1099 2744 quod
1118 2664 1213 2725 debet
1237 2662 1324 2723 idem
1349 2663 1410 2724 Mi-

147 2771 219 2831 cula
242 2789 338 2851 super
362 2770 460 2830 altare
485 2785 592 2831 sancte
609 2769 722 2831 Crucis
742 2768 846 2851 jurare
864 2770 931 2850 ipse
950 2770 1068 2830 Micula
1086 2770 1279 2846 terciusmet,
1297 2767 1410 2850 (quod)

146 2878 274 2938 nullum
301 2876 499 2938 iurticinium
525 2890 597 2958 post
621 2876 702 2937 illud
727 2891 855 2957 tempus
871 2889 1042 2957 postquam
1068 2877 1172 2957 ipsum
1200 2878 1300 2936 Lucas
1326 2876 1411 2956 apud

144 3000 290 3045 sanctum
317 2984 532 3045 Laurencium
558 2983 598 3044 ad
623 2983 793 3044 servicium
827 2983 998 3064 assumpsit
1022 2982 1114 3059 iccit;
1140 2982 1270 3063 quando
1295 2982 1412 3062 jurabit

144 3104 221 3151 tunc
247 3091 328 3152 liber
352 3091 411 3152 erit
436 3090 475 3151 de
500 3091 570 3172 ipso
596 3090 692 3152 Luca.

279 3327 375 3400 feria
404 3333 512 3400 tercia
541 3331 695 3417 proxima
722 3337 799 3418 post
827 3330 950 3401 festum
979 3327 1069 3400 beati
1099 3325 1276 3399 Vincencii.

650 3485 713 3559 (23.
729 3484 896 3560 januaris).

251 3624 357 3686 Causa
383 3624 465 3684 inter
490 3624 645 3685 Mathiam
662 3623 846 3686 Thechicza
871 3639 900 3684 et
926 3624 1126 3685 Demetrium
1152 3625 1257 3707 Pusky
1282 3623 1410 3683 racione

144 3731 290 3810 pecunie,
316 3749 414 3810 quam
440 3730 609 3811 pecuniam
636 3730 758 3792 dixerat
783 3730 869 3791 idem
895 3732 1003 3792 Matko
1029 3730 1134 3791 eidem
1161 3730 1325 3790 Demetrio
1349 3731 1408 3790 sub

145 3838 229 3897 bona
255 3836 456 3898 confidentia
480 3850 625 3918 tempore
651 3838 708 3898 illo
733 3838 864 3919 quando
886 3836 945 3899 fuit
970 3837 1117 3898 detentus
1142 3838 1226 3898 idem
1243 3838 1363 3914 Matim,
1381 3851 1411 3896 et

142 3943 218 4023 quia
245 3943 373 4004 dicebat
397 3943 483 4003 idem
509 3944 618 4004 Matko
641 3945 729 4024 quod
759 3945 941 4005 Demetrius
966 3944 1145 4025 recepisset,
1168 3943 1260 4022 jurati
1286 3943 1410 4024 adjudi-

142 4065 307 4128 caverunt,
333 4050 422 4131 quod
447 4049 525 4111 feria
549 4065 635 4111 sexta
661 4051 806 4132 proxima
830 4068 901 4133 post
929 4051 1045 4111 festum
1072 4050 1302 4111 Conversionis
1327 4050 1410 4110 beati

144 4157 235 4217 Pauli
261 4157 357 4217 debet
381 4155 484 4237 jurare
508 4177 603 4237 super
627 4157 724 4218 altare
760 4171 866 4219 sancte
893 4158 1005 4218 Crucis
1037 4157 1124 4237 quod
1151 4157 1217 4238 ipse
1243 4157 1332 4217 illam
1357 4176 1410 4237 pe·

141 4263 274 4325 cuniam
299 4283 359 4324 nec
384 4263 482 4341 dedit,
508 4283 565 4325 nec
591 4265 708 4346 recepit
732 4285 789 4326 nec
807 4285 880 4326 cum
905 4264 984 4324 scitu
1007 4284 1064 4324 suo
1082 4277 1288 4345 receperuut3
1313 4263 1337 4322 si
1362 4262 1409 4342 ju-

140 4369 227 4432 rabit
251 4370 311 4431 erit
335 4369 426 4432 liber.

252 4475 330 4536 item
356 4476 470 4538 eadem
495 4477 546 4538 die
571 4497 664 4538 causa
690 4477 771 4538 inter
796 4476 972 4558 Georgium
992 4478 1170 4539 Vidkouicz
1195 4490 1225 4537 et
1249 4477 1330 4536 inter
1348 4474 1407 4536 De·

141 4583 298 4645 mettium
323 4582 469 4666 Pyschky
494 4585 623 4645 racione
648 4584 746 4645 debiti
769 4583 906 4644 duorum
925 4583 1005 4662 flor,
1029 4584 1116 4665 quod
1135 4583 1211 4644 dicit
1229 4581 1410 4643 Demetrius

140 4691 236 4772 quod
260 4690 349 4752 dedit
374 4691 440 4773 ipse
464 4691 646 4753 Demetrius
670 4692 743 4752 illos
768 4691 849 4752 duos
873 4691 941 4754 flor.
968 4706 998 4753 et
1019 4692 1100 4752 alios
1124 4691 1205 4751 duos
1227 4690 1295 4752 flor.
1321 4688 1411 4750 dedit

141 4797 240 4859 uxori
263 4816 321 4859 sue
347 4798 377 4859 in
400 4800 558 4881 appoteka
583 4798 633 4858 vel
658 4799 690 4859 in
719 4797 870 4875 stacione,
903 4797 995 4878 jurati
1021 4798 1296 4877 dejudicaverunt,
1320 4795 1407 4877 quod

139 4903 225 4967 feria
250 4909 337 4966 sexta
361 4919 433 4986 post
457 4901 573 4966 festum
597 4904 680 4966 beati
707 4904 796 4965 Pauli
826 4902 1055 4965 Conversionis
1079 4904 1224 4985 proxima
1250 4902 1409 4982 Georgius

140 5008 308 5073 Vidkonis
331 5008 427 5073 debet
448 5009 553 5092 jurare
578 5030 672 5093 super
696 5010 793 5072 altare
825 5023 933 5074 sancte
961 5009 1088 5095 Crucis,
1120 5009 1211 5097 quod
1233 5030 1304 5075 non
1328 5007 1420 5072 dedit
