3142 5356
167 582 272 628 nostre
298 566 539 628 communitatis
563 565 701 643 habitos,
725 565 804 626 duas
836 579 964 645 quartas
988 564 1075 625 curie
1101 564 1132 624 in
1158 583 1192 624 se
1217 564 1435 642 continentes,

165 673 296 735 Thome
320 673 433 734 sartori
458 671 525 734 filio
558 672 712 734 lohannis
746 691 803 753 pro
836 672 964 733 duobus
996 669 1064 733 flor.
1089 671 1157 732 auri
1191 671 1343 734 vendidit
1367 691 1434 754 per·

165 794 264 862 petuo
288 779 511 861 possidendos.

272 885 350 947 Item
377 884 559 966 Stephanus
582 898 670 945 sutor
703 882 787 945 filius
813 882 961 965 Gregorii
995 882 1158 964 quandam
1184 883 1323 944 domum
1349 903 1438 945 suam

164 1012 236 1052 cum
263 991 365 1052 lundo
390 1005 420 1052 et
445 990 602 1052 hedificiis
620 991 651 1052 in
674 991 745 1051 vico
770 991 870 1074 ipsius
887 991 1025 1052 civitatis
1041 991 1191 1052 exteriori
1217 990 1341 1069 lutoso,
1359 990 1440 1053 inter

166 1098 282 1159 domos
307 1112 337 1158 et
362 1096 480 1158 fundos
505 1097 634 1158 Thome
652 1098 770 1158 sutoris
794 1097 869 1159 dicti
890 1098 1046 1158 Podoben
1064 1111 1095 1158 et
1120 1095 1218 1157 Blasii
1244 1097 1367 1157 sutoris
1383 1096 1439 1158 filii

168 1205 321 1282 ladislai,
354 1218 537 1265 nostrorum
571 1205 767 1283 concivium,
796 1205 901 1265 eidem
937 1203 1044 1264 Blasio
1075 1203 1176 1264 sutori
1208 1223 1246 1263 ex
1280 1222 1439 1265 consensu

166 1311 297 1373 alterius
320 1311 417 1371 vicini
452 1310 597 1392 predicti,
623 1330 680 1392 pro
714 1310 828 1391 viginti
862 1308 931 1370 flor.
964 1310 1032 1370 auri
1058 1323 1088 1370 et
1112 1328 1170 1390 pro
1203 1309 1309 1370 tribus
1333 1310 1440 1392 pensis

165 1418 372 1479 denariorum
397 1416 544 1477 vendidit
569 1432 725 1498 perpetuo
743 1416 974 1498 possidendum
998 1431 1027 1476 et
1053 1416 1367 1498 quomodocumque
1384 1437 1437 1478 vo-

163 1524 258 1584 luerit
283 1523 532 1604 disponendum.

270 1629 347 1690 ltem
382 1629 522 1709 quedam
557 1628 684 1705 domus,
717 1627 846 1705 fundus,
879 1628 1033 1689 celarium
1059 1642 1090 1689 et
1122 1626 1271 1689 hedificia
1298 1628 1439 1689 condam

164 1736 292 1797 Andree
320 1737 465 1796 Kusaren
491 1736 521 1796 in
547 1736 619 1796 vico
645 1733 878 1815 lutifigulorum
912 1736 995 1796 inter
1019 1735 1154 1796 domum
1181 1733 1332 1816 Gregorii
1361 1735 1437 1797 dicti

165 1843 242 1904 Mali
269 1856 299 1903 et
331 1841 468 1902 fundum
501 1861 639 1902 vacuum
673 1840 821 1922 Gregorii
855 1842 984 1903 sartoris
1009 1841 1128 1920 habita,
1161 1861 1259 1903 unam
1286 1856 1436 1922 quartam

166 1949 254 2009 curie
280 1949 311 2008 in
337 1968 369 2008 se
394 1948 573 2025 continens,
592 1948 731 2009 Martino
748 1948 895 2009 similiter
921 1949 1065 2010 Kusaren
1094 1948 1180 2009 dicto
1206 1946 1274 2008 lilio
1293 1948 1436 2027 Thorne,

166 2055 228 2135 jam
254 2074 340 2116 novo
364 2054 488 2115 concivi
515 2068 634 2131 nostru,
659 2074 697 2115 ex
729 2053 901 2116 sufficienti
930 2055 979 2115 sui
1011 2054 1284 2136 comprobacione
1312 2056 1344 2115 in
1372 2056 1436 2116 alio

166 2163 300 2223 katerno
333 2167 444 2222 nostro
469 2161 633 2221 communi
667 2160 811 2239 judiciali
843 2160 926 2222 clare
956 2161 1153 2241 consignata,
1185 2176 1231 2221 est
1255 2160 1435 2223 literatorie

168 2280 283 2329 statuta
308 2281 463 2349 perpetuo
489 2266 693 2348 possidenda.

274 2373 350 2435 ltem
376 2372 515 2453 quedam
534 2373 625 2433 vinea
650 2393 706 2434 seu
724 2373 880 2454 particula
904 2373 1038 2434 vinealis
1057 2374 1086 2433 in
1105 2373 1266 2435 territorio
1292 2374 1436 2435 civitatis

165 2480 306 2562 predicte
345 2479 425 2540 inter
450 2479 559 2540 vineas
591 2499 628 2539 ex
659 2494 792 2560 utraque
825 2493 912 2561 parte
940 2480 1101 2540 Dominici
1134 2480 1209 2541 dicti
1236 2480 1433 2544 Laadowich

167 2587 378 2669 Kamennyalr
412 2599 539 2645 vocatas
573 2584 725 2664 habitam,
760 2586 897 2668 desuper
921 2606 937 2646 a
962 2585 1012 2648 via
1044 2605 1159 2667 magna
1184 2601 1215 2647 et
1250 2588 1430 2666 communi,

164 2691 244 2753 infra
269 2712 370 2773 usque
395 2691 546 2769 rivulum,
571 2693 667 2752 simul
693 2712 764 2752 curn
785 2693 925 2773 virgulto
949 2693 989 2754 ad
1008 2693 1109 2775 ipsam
1135 2694 1309 2775 pertinenti
1334 2695 1432 2755 simul

164 2817 236 2858 cum
262 2798 376 2858 eodem
402 2797 544 2878 virgulto
561 2811 591 2857 et
615 2798 709 2858 metis
733 2798 763 2858 in
783 2799 873 2860 litera
898 2799 1096 2881 expressatis,
1121 2818 1178 2882 per
1201 2799 1315 2861 Petrus
1331 2798 1433 2862 filium

165 2903 319 2984 Stephani
346 2903 575 2965 Bartholomeo
601 2917 631 2964 et
658 2904 814 2986 Dyonisio
839 2903 913 2966 filiis
935 2906 1024 2967 Pauli
1050 2906 1125 2968 dicti
1151 2906 1348 2968 Paukowich
1376 2927 1433 2989 pro

164 3009 337 3071 duodecim
362 3008 430 3074 llor.
457 3010 525 3070 auri
551 3011 679 3072 vendita
705 3027 751 3072 est
775 3026 931 3093 perpetuo
956 3013 1160 3094 possidenda.

269 3115 346 3178 ltem
381 3116 520 3197 quedam
554 3116 681 3196 domus,
715 3116 833 3178 fundus
862 3133 892 3179 et
918 3117 1064 3180 hedificia
1096 3119 1202 3180 medie
1237 3121 1336 3198 curie,
1371 3140 1432 3201 que

166 3222 302 3283 condam
328 3223 412 3283 Petri
437 3223 513 3284 dicti
539 3223 663 3285 Ocheth
690 3244 745 3306 per
770 3224 969 3306 Stephanum
999 3240 1029 3287 et
1054 3226 1232 3287 Barnabam
1259 3225 1344 3287 filios
1361 3246 1431 3308 pre·

165 3329 240 3390 dicti
260 3330 342 3390 Petri
362 3329 498 3407 Ocheth,
512 3330 594 3391 inter
606 3330 740 3392 domum
760 3332 927 3392 Jacomelli
943 3332 1041 3392 ltalici
1059 3346 1089 3392 et
1106 3332 1281 3393 liberorum
1302 3331 1431 3394 Thome

164 3435 273 3495 vicarii
305 3436 491 3517 temporalis
524 3436 727 3517 episcopatus
759 3439 974 3518 zagrabiensis
1006 3437 1122 3515 habita,
1155 3437 1303 3519 predicto
1340 3439 1430 3500 Jaco-

164 3541 263 3602 mello
296 3542 404 3603 ltalico
430 3562 487 3624 pro
520 3558 658 3624 quatuor
682 3563 754 3604 cum
788 3545 896 3605 medio
929 3543 997 3605 flor.
1030 3545 1098 3605 auri
1131 3559 1178 3605 est
1202 3543 1334 3606 vendita
1359 3564 1430 3627 per-

163 3660 260 3727 petuo
285 3648 478 3729 possidenda
504 3664 535 3711 et
559 3650 867 3732 quomodocumque
900 3651 1038 3712 voluerit
1062 3652 1274 3733 disponenda.

202 3865 284 3935 ltem
315 3871 346 3936 in
377 3865 491 3954 vigilia
522 3867 597 3937 lesti
628 3867 882 3940 Purificacionis
911 3868 1055 3957 gloriose
1083 3890 1214 3957 semper
1243 3870 1387 3959 virginis

737 3993 853 4063 llarie.

671 4149 712 4217 (r.
728 4146 904 4220 februaria).

270 4284 345 4344 ltem
372 4285 525 4365 providus
552 4284 674 4344 Blasius
705 4301 806 4345 sartor
829 4285 914 4347 filius
939 4286 1045 4367 Egidii
1077 4287 1116 4346 de
1143 4285 1335 4365 Gorbonolt,
1370 4307 1427 4369 pro

162 4403 238 4450 tunc
260 4404 368 4452 noster
392 4391 544 4467 concivis,
570 4390 776 4453 medietatem
798 4393 963 4453 cuiusdam
988 4393 1115 4471 domus,
1141 4391 1231 4454 fundi
1257 4406 1288 4455 et
1313 4391 1425 4455 hedifi-

162 4497 284 4557 ciorum
311 4498 342 4557 in
369 4498 453 4560 dicta
478 4499 604 4558 civitate
630 4498 711 4559 inter
740 4498 854 4559 domos
887 4513 918 4559 et
943 4498 1061 4559 fundos
1085 4499 1259 4560 liberorum
1286 4500 1424 4560 condam

160 4601 318 4666 Johannis
342 4606 416 4666 dicti
444 4604 590 4682 Chonlca,
615 4607 654 4665 ab
672 4624 734 4665 una
753 4620 850 4687 parte,
874 4608 913 4665 ah
932 4606 1028 4666 altera
1054 4625 1129 4666 vero
1149 4603 1281 4685 Georgii
1299 4605 1423 4687 pridem

161 4710 274 4791 judicis
298 4713 503 4792 concivisque
528 4713 626 4773 nostri
651 4710 708 4772 filii
731 4712 892 4772 Valentini
918 4713 1034 4788 habite,
1060 4713 1119 4772 tria
1145 4711 1302 4793 quartalia
1336 4712 1421 4772 curie

162 4820 193 4884 in
219 4839 251 4879 se
277 4820 480 4897 continentis,
505 4818 690 4906 incipiendo
715 4819 865 4883 videlicet
888 4839 904 4883 a
930 4819 1032 4905 capite
1061 4818 1173 4882 vitium
1198 4837 1215 4878 a
1240 4831 1330 4901 parte
1347 4818 1422 4881 dicti
