3142 5356
722 341 806 397 “W‘'
829 351 919 416 1437·
1387 357 1426 418 39

157 550 285 613 firmata
311 564 467 633 perpetuo
499 549 706 632 possidenda,
739 563 770 611 et
802 548 974 631 superinde
1000 563 1045 610 est
1077 549 1167 610 litera
1192 549 1251 610 sub
1275 548 1427 630 pendenti

157 658 269 739 sigillo
294 657 534 719 communitatis
560 671 717 733 emanata,
743 656 785 717 ita
803 669 921 733 tamen,
945 656 1034 736 quod
1059 655 1220 736 predictus
1245 654 1427 716 Anthonius

158 762 200 824 de
226 783 288 825 una
313 764 456 844 ipsarum
488 762 643 845 porcione
675 761 793 823 vineali
825 760 1041 823 condicionali
1074 760 1208 842 singulis
1232 761 1324 822 annis
1347 775 1426 823 tem-

157 891 237 952 pore
262 870 453 932 vindemiali
483 869 565 931 duos
588 888 662 930 cum
694 867 803 929 medio
827 867 963 930 cubulos
994 867 1168 929 colendino
1192 867 1362 929 Slavorum
1393 868 1426 929 in

156 977 288 1059 propria
315 990 444 1038 vectura
469 975 544 1036 dare
568 975 740 1037 tenebitur.

266 1082 343 1144 Item
368 1081 503 1164 provida
537 1081 654 1142 mulier
683 1080 782 1141 Elena
816 1093 927 1141 vocata
964 1079 1073 1141 relicta
1104 1079 1243 1140 condam
1269 1079 1424 1141 Anthonii

156 1189 198 1250 de
224 1190 392 1273 Zawersya
417 1204 448 1250 et
473 1187 588 1250 Gallus
616 1207 652 1249 ac
676 1187 834 1249 Martinus
865 1200 897 1248 et
922 1185 1082 1268 Georgius
1114 1184 1170 1247 lilii
1195 1186 1334 1247 condam
1360 1190 1425 1247 An-

155 1295 261 1357 thonii
293 1296 333 1358 de
366 1296 551 1379 Zawersya,
585 1295 739 1356 directam
772 1306 802 1354 et
839 1293 986 1375 equalem
1021 1293 1226 1354 medietatem
1257 1292 1424 1355 cuiusdam

155 1400 284 1480 domus,
309 1400 412 1478 fundi,
437 1399 545 1462 celarii
570 1415 600 1461 et
625 1396 847 1461 hedificiorum
871 1398 1009 1459 condam
1039 1398 1136 1459 Jakus
1160 1399 1365 1482 kynternyste
1390 1398 1422 1459 iu

158 1507 287 1568 civitate
312 1506 454 1588 predicta
481 1507 563 1567 inter
588 1505 704 1567 domos
738 1517 768 1566 et
792 1502 910 1565 fundos
943 1502 1082 1564 condam
1107 1503 1269 1565 Valentini
1296 1503 1423 1586 Malych

155 1613 276 1691 habite,
300 1632 398 1674 unam
416 1627 561 1694 quartam
587 1612 674 1672 curie
692 1612 723 1672 in
741 1631 774 1672 se
792 1611 1023 1687 continentem,
1040 1609 1213 1671 Valentino
1237 1607 1304 1670 lilio
1323 1609 1420 1670 Marci

154 1719 244 1782 dicto
270 1718 506 1804 Mungyachich
524 1717 739 1779 vendiderunt
755 1731 912 1801 perpetuo
936 1715 1165 1799 possidendam
1194 1728 1225 1778 et
1250 1714 1422 1798 superinde

155 1826 249 1888 litera
275 1838 322 1888 est
344 1827 403 1886 sub
428 1824 582 1906 pendenti
606 1823 714 1906 sigillo
739 1823 980 1885 communitatis
1004 1835 1161 1884 emanata.

264 1932 342 1993 ltem
360 1931 513 1992 Nicolaus
530 1931 635 1992 dictus
652 1929 904 2014 Thucznowych
923 1930 1077 1993 directam
1091 1944 1121 1991 et
1134 1929 1283 2012 equalem
1301 1929 1422 1992 medie·

154 2052 254 2101 tatem
280 2037 446 2098 cuiusdam
472 2037 589 2098 domus
621 2050 745 2098 murate
777 2050 808 2099 et
832 2037 938 2117 lignee
970 2055 1007 2096 ac
1038 2033 1130 2097 fundi
1154 2049 1185 2096 et
1216 2035 1324 2097 celarii
1348 2037 1421 2096 sub-

155 2144 293 2207 terranei
318 2165 355 2204 ac
379 2142 602 2204 hedificiorum
628 2143 659 2203 in
684 2143 840 2205 suburbio
868 2142 1005 2203 civitatis
1028 2160 1084 2202 seu
1108 2141 1213 2223 platea
1236 2140 1421 2203 theuthoni-

156 2251 217 2311 cali
244 2250 326 2311 inter
351 2249 466 2310 domos
491 2264 521 2310 et
553 2246 671 2310 fundos
695 2247 825 2310 Thome
857 2263 888 2310 et
916 2247 1071 2309 Anthonii
1104 2261 1262 2326 sutorum,
1286 2248 1325 2309 ab
1357 2267 1421 2310 una

156 2373 255 2440 parre,
280 2370 311 2419 et
335 2357 375 2418 ab
407 2356 506 2418 altera
538 2355 598 2417 viri
622 2356 750 2437 providi
768 2355 929 2416 Dominici
960 2352 1154 2436 laretriparis
1178 2354 1297 2435 habite,
1322 2376 1419 2418 unam

155 2478 301 2546 quartam
328 2477 359 2525 et
383 2462 523 2524 mediam
549 2476 695 2523 octavam
714 2461 799 2523 curie
817 2461 849 2522 in
874 2481 907 2522 se
924 2461 1156 2540 continentem,
1174 2458 1317 2542 Georgio
1335 2461 1419 2524 selli-

154 2570 223 2652 pari
249 2589 334 2630 novo
359 2569 484 2630 concivi
508 2581 617 2630 nostro
654 2567 801 2629 vendidit
823 2581 979 2650 perpetuo
1001 2565 1230 2650 possidendam
1255 2581 1287 2628 et
1310 2587 1418 2649 super·

156 2676 230 2737 inde
256 2688 302 2737 est
325 2675 416 2736 litera
440 2675 499 2735 sub
524 2673 631 2754 sigillo
655 2672 809 2755 pendenti
834 2686 992 2736 emanata.

260 2780 339 2841 ltem
364 2780 465 2842 Elena
490 2779 582 2841 aliter
607 2778 776 2862 Dragycha
805 2792 917 2841 vocata
942 2779 1051 2841 relicta
1073 2778 1209 2840 condam
1234 2778 1325 2840 Pauli
1349 2798 1418 2841 mo·

155 2887 379 2965 lendinatoris,
403 2906 488 2949 nunc
521 2907 652 2948 consors
684 2886 841 2967 legittima
874 2886 1007 2968 Georgii
1039 2885 1182 2964 cultoris,
1212 2886 1417 2949 medietatem

152 2994 323 3057 cuiusdam
348 2992 475 3070 domus,
500 2991 603 3072 fundi,
620 2993 727 3054 celarii
747 3007 777 3054 et
795 2991 1017 3054 hedificiorum
1043 2993 1075 3053 in
1100 2993 1171 3055 vico
1196 2993 1345 3055 exteriori
1361 3014 1418 3056 seu

153 3102 262 3183 platea
286 3113 432 3162 sutorum
456 3099 690 3161 theuthonicali
716 3100 799 3160 inter
816 3099 931 3160 domos
955 3112 986 3161 et
1010 3097 1128 3160 fundos
1145 3097 1231 3161 Galli
1256 3101 1418 3182 arcuparis

155 3223 187 3270 et
220 3206 369 3288 Gregorii
396 3227 432 3268 ac
462 3207 591 3268 Andree
623 3206 752 3285 habite,
783 3225 882 3267 unam
913 3220 1060 3287 quartam
1084 3205 1171 3267 curie
1195 3206 1226 3267 in
1258 3226 1292 3268 se
1315 3208 1416 3269 conti·

151 3328 295 3392 nentem,
321 3312 493 3374 Dominico
519 3312 604 3374 dicto
630 3313 729 3374 Hrezt
754 3311 820 3374 filio
846 3312 937 3373 Pauli
966 3312 1112 3374 vendidit
1136 3326 1292 3394 perpetuo
1315 3314 1417 3395 possi·

150 3421 292 3482 dendam
308 3434 338 3482 et
351 3419 524 3500 superinde
539 3419 630 3481 litera
643 3421 701 3481 sub
715 3419 868 3502 pendenti
885 3419 993 3500 sigillo
1007 3419 1245 3481 communitatis
1258 3434 1415 3484 emanata.

259 3526 337 3588 Item
371 3539 483 3606 quarta
515 3545 587 3607 pars
619 3526 787 3587 cuiusdam
819 3525 940 3607 (h)orti,
964 3527 1047 3587 inter
1077 3527 1247 3608 porciones
1271 3526 1414 3589 eiusdem

149 3632 272 3716 (hlorti
296 3633 466 3713 porciones
491 3632 641 3694 videlicet
666 3633 762 3694 Blasii
787 3631 934 3714 pellificis
963 3646 993 3693 et
1018 3633 1174 3694 Anthonii
1200 3633 1304 3694 Losak
1339 3634 1414 3696 dicti

149 3740 303 3817 habitam,
329 3739 361 3799 in
386 3739 543 3799 suburbio
568 3739 705 3800 civitatis
732 3740 888 3822 predicte,
906 3740 1079 3801 Dominico
1104 3738 1280 3823 laretripari
1305 3756 1336 3803 et
1359 3762 1415 3825 per

149 3865 225 3908 eum
250 3845 315 3906 suis
347 3845 520 3917 heredibus
554 3865 611 3928 pro
644 3861 717 3907 octo
753 3846 822 3908 flor.
855 3847 922 3908 auri
948 3866 1005 3928 per
1037 3847 1223 3927 magistrum
1249 3847 1413 3910 Matheum

149 3952 314 4014 notarium
340 3965 486 4012 nostrum
510 3972 546 4013 ac
571 3972 626 4033 per
659 3952 825 4014 dominam
855 3952 1013 4034 Agatham
1046 3973 1137 4015 suam
1162 3968 1343 4017 consortem
1368 3969 1414 4018 est

148 4057 282 4119 vendita
306 4071 464 4138 perpetuo
497 4057 692 4139 possidenda
726 4072 757 4119 et
787 4059 958 4142 superinde
987 4073 1033 4120 est
1062 4059 1153 4121 litera
1178 4062 1237 4122 sub
1261 4061 1413 4143 pendenti

147 4164 258 4245 sigillo
283 4164 526 4224 communitatis
550 4179 707 4226 emanata.

256 4269 333 4331 ltem
362 4269 488 4330 Blasius
512 4269 596 4331 filius
616 4270 781 4353 Stephani,
799 4271 924 4354 pridem
945 4272 1065 4353 juratus
1090 4289 1121 4336 et
1137 4275 1278 4336 concivis
1295 4291 1413 4355 noster,

149 4376 358 4438 medietatem
383 4376 550 4438 cuiusdam
577 4377 702 4457 domus,
727 4376 830 4457 fundi,
848 4379 956 4439 celarii
982 4393 1012 4441 et
1035 4379 1258 4442 hedificiorum
1284 4382 1315 4443 in
1341 4383 1411 4444 vico

148 4482 299 4543 exteriori
324 4497 470 4544 sutorum
495 4502 551 4543 seu
583 4483 689 4564 platea
720 4484 954 4546 theuthonicali
987 4486 1068 4546 inter
1100 4487 1215 4548 domos
1239 4501 1270 4548 et
1294 4486 1412 4550 fundos

150 4588 313 4650 Dominici
340 4589 439 4649 Hrezt
464 4603 494 4650 et
518 4589 626 4650 relicte
645 4589 776 4671 Georgii
796 4591 1024 4674 Pikowychyn,
1049 4594 1088 4653 ab
1114 4612 1187 4669 una,
1212 4607 1242 4653 et
1266 4607 1354 4674 parte
1370 4596 1410 4656 ab

150 4695 250 4756 altera
274 4693 383 4756 relicte
410 4695 494 4756 Petri
512 4695 629 4756 sutoris
653 4695 771 4775 habite,
788 4717 885 4757 unam
904 4712 1049 4778 quartam
1066 4698 1162 4776 curie,
1180 4699 1289 4779 vigore
1306 4699 1409 4761 cuius·

153 4800 229 4865 dam
253 4800 344 4866 litere
369 4801 562 4887 obligatorie
586 4801 716 4867 Andree
748 4801 816 4869 filio
841 4803 920 4893 Elye
949 4804 988 4868 de
1014 4803 1148 4870 Kocban
1171 4804 1317 4872 vendidit
1340 4826 1408 4896 per·
