3142 5356
147 504 206 566 160
541 500 628 558 Anno
650 496 742 575 1506.
768 531 809 541 -
835 512 881 574 13.
907 498 1017 559 martii.

612 711 775 771 Fabianus
799 724 898 770 sutor.

612 816 795 877 Demetrius
820 813 966 899 Jalrsych.

612 921 751 985 Michael
775 922 907 1003 seripar.

614 1029 759 1091 Andreas
784 1026 882 1089 faber.

612 1136 715 1197 Lucas
739 1133 891 1215 agricola.

611 1241 767 1303 Nicolaus
791 1241 1003 1322 Meralolrlep.

612 1348 775 1411 lohannes
800 1362 911 1411 sartor.

611 1454 765 1517 Nicolaus
783 1453 1042 1537 Kontheschyalr.

612 1562 760 1637 Thomas
783 1575 882 1624 sutor.

614 1670 759 1732 Andreas
782 1681 884 1730 sutor.

614 1775 795 1858 Stephanus
819 1788 918 1836 sutor.

614 1882 768 1944 Nicolaus
792 1896 892 1944 sutor.

610 1986 773 2050 lohannes
798 1987 970 2071 Thyslyar.

612 2096 738 2157 Marcus
762 2108 862 2157 sutor.

278 2332 374 2407 Feria
403 2343 500 2407 sexta
529 2333 682 2424 proxima
712 2341 789 2424 post
826 2334 1026 2405 dominicam
1054 2332 1291 2404 Reminiseere.

678 2492 740 2566 (13.
764 2491 888 2564 martit).

255 2628 360 2691 Causa
374 2629 457 2690 inter
473 2628 632 2690 famulum
646 2628 769 2690 Alberti
787 2641 819 2690 et
832 2629 1003 2690 Nicolaum
1018 2627 1268 2710 Kontheschyalt
1286 2626 1417 2688 racione

149 2734 387 2796 vulnerationis
411 2755 469 2796 nec
494 2754 559 2796 non
584 2735 808 2816 percussionis,
836 2734 929 2817 jurati
955 2734 1191 2815 adjudicarunt,
1214 2732 1304 2815 quod
1331 2731 1416 2793 idern

150 2841 303 2902 Nicolaus
326 2841 513 2923 simpliciter
538 2842 667 2922 negavit
691 2842 789 2902 verbo
815 2841 903 2922 quod
928 2841 996 2922 ipse
1021 2841 1142 2903 dictum
1166 2836 1326 2902 famulum
1353 2856 1417 2898 non

151 2946 332 3008 vulneravit
356 2961 387 3008 et
411 2967 517 3028 neque
550 2948 715 3029 percussit,
748 2946 802 3008 sed
829 2947 915 3008 idem
948 2947 1102 3009 Nicolaus
1135 2945 1213 3008 leria
1234 2960 1321 3008 sexta
1347 2958 1420 3026 post

151 3051 348 3113 dominicam
374 3052 474 3126 Quasi
501 3052 599 3114 modo
623 3053 724 3133 geniti
746 3072 841 3135 super
866 3053 956 3114 altari
974 3066 1080 3115 sancte
1106 3052 1219 3116 Crucis
1243 3050 1347 3131 jurare
1365 3049 1419 3111 de·

151 3157 240 3219 bebit
263 3157 351 3238 quod
377 3158 462 3220 idem
486 3178 551 3219 non
582 3157 666 3237 lecit,
700 3178 738 3220 ex
763 3178 828 3240 quo
860 3160 1082 3220 testimonium
1114 3177 1210 3241 super
1234 3156 1319 3218 idem
1345 3174 1418 3238 pro·

151 3263 268 3325 ducere
293 3284 357 3326 non
383 3265 504 3346 potuit;
531 3265 557 3325 si
583 3284 659 3326 vero
684 3263 826 3348 prelatus
850 3265 1004 3328 Nicolaus
1028 3285 1093 3327 non
1118 3264 1279 3348 juraverit,
1302 3277 1420 3324 extunc

152 3367 276 3450 prelato
301 3370 469 3431 vulnerato
502 3372 668 3432 convictus
704 3385 750 3433 est
781 3372 813 3432 in
846 3372 956 3433 decem
989 3373 1113 3454 pensis,
1145 3369 1242 3454 judici
1272 3388 1350 3430 vero
1386 3368 1419 3429 in

153 3490 282 3536 centum
309 3474 465 3552 denariis;
490 3476 594 3538 dictus
618 3478 771 3539 Nicolaus
802 3496 867 3540 non
896 3493 1067 3540 contentus
1099 3477 1155 3538 sed
1180 3474 1357 3558 appellavit
1381 3474 1422 3536 ad

156 3581 298 3642 seniores
322 3580 452 3662 judices.

261 3687 383 3748 Eodem
417 3688 469 3750 die
495 3708 588 3750 causa
620 3690 710 3751 inter·
732 3690 903 3751 Nicolaum
936 3689 1064 3752 fratrem
1099 3691 1282 3753 Hrebichna
1315 3703 1347 3752 et
1371 3689 1422 3750 Ja-

155 3796 272 3856 cobum
297 3795 456 3855 seniorem
483 3795 621 3875 judicem
647 3816 682 3857 ac
707 3795 827 3877 juratos
844 3797 988 3858 eiusdem
1008 3798 1138 3860 racione
1163 3775 1331 3859 cuiusdam·
1355 3795 1422 3857 vini

154 3900 242 3982 quod
269 3900 354 3960 idem
387 3901 540 3962 Nicolaus
572 3901 658 3983 apud
689 3922 831 3964 sororem
864 3923 955 3964 suam
987 3918 1017 3966 et
1049 3905 1133 3986 apud
1160 3905 1310 3966 maritum
1337 3902 1424 3965 dicte

158 4008 339 4068 Hrebiczne
365 4005 476 4068 luisset
493 4008 601 4069 datum
621 4008 823 4098 inpreposito,
847 4009 940 4090 jurati
963 4010 1198 4092 adjudicarunt,
1215 4010 1303 4092 quod
1322 4009 1424 4071 iidem

156 4115 294 4176 lacobus
317 4134 389 4174 cum
416 4114 526 4194 juratis
550 4115 625 4192 suis,
650 4129 704 4176 aut
727 4117 873 4193 testibus,
901 4131 955 4178 aut
979 4117 1288 4199 quomodocumque
1312 4114 1425 4178 testifi-

156 4220 219 4283 cari
245 4220 394 4299 debeant,
420 4240 459 4283 ex
483 4241 548 4302 quo
567 4222 652 4283 idem
671 4223 809 4284 Jacobus
826 4224 937 4284 asserit
960 4224 1048 4304 quod
1067 4224 1187 4285 dictum
1212 4224 1324 4284 vinum
1342 4235 1425 4283 tem-

155 4345 232 4409 pore
256 4325 414 4406 judicatus
438 4328 486 4388 sui
512 4325 623 4389 luisset
647 4330 842 4410 abnegatum
869 4343 899 4390 et
923 4329 996 4391 ideo
1026 4328 1138 4392 fuisset
1162 4330 1283 4391 dictum
1308 4329 1425 4389 vinum

155 4431 316 4513 judicibus
349 4434 543 4512 convictum,
567 4433 592 4494 si
627 4454 702 4495 vero
735 4435 810 4497 dicti
843 4436 981 4497 lacobus
1014 4455 1085 4497 cum
1126 4436 1236 4517 juratis
1266 4434 1332 4497 suis
1355 4453 1425 4496 non

155 4538 381 4618 testificaverit,
407 4554 523 4602 extunc
548 4539 625 4602 feria
650 4556 736 4603 sexta
761 4557 833 4623 post
865 4543 1062 4603 dominicam
1088 4543 1189 4616 Quasi
1214 4540 1314 4603 modo
1339 4560 1426 4602 unus

157 4648 238 4708 inter
263 4646 349 4728 ipsos
373 4646 477 4728 jurare
502 4647 650 4723 debebit;
675 4648 699 4709 si
732 4669 809 4709 vero
835 4669 892 4710 nec
922 4649 1109 4710 testimonio
1133 4662 1166 4713 at
1189 4667 1296 4730 neque
1318 4645 1426 4726 jurare

157 4752 328 4828 voluerint,
353 4753 450 4813 iidem
477 4772 515 4815 eo
541 4752 624 4814 facto
649 4768 742 4816 erunt
774 4756 912 4817 convicti
938 4756 968 4816 in
995 4756 1080 4816 dicto
1112 4755 1207 4831 vino,
1232 4751 1346 4836 prelati
1372 4752 1428 4814 Ja-

157 4861 257 4921 cobus
281 4878 353 4921 cum
371 4859 481 4939 juratis
505 4861 571 4922 suis
594 4880 659 4921 non
677 4864 820 4924 contenti
839 4863 879 4923 de
896 4862 1017 4943 judicio
1036 4863 1214 4942 juratorum
1239 4861 1295 4923 sed
1312 4861 1426 4943 appel-

157 4966 265 5027 larunt
287 4966 326 5026 ad
352 4967 495 5028 seniores
516 4966 647 5047 judices.
