<?xml version="1.0" encoding="UTF-8"?>
<!DOCTYPE html PUBLIC "-//W3C//DTD XHTML 1.0 Transitional//EN"
    "http://www.w3.org/TR/xhtml1/DTD/xhtml1-transitional.dtd">
<html xmlns="http://www.w3.org/1999/xhtml" xml:lang="en" lang="en">
 <head>
  <title>
</title>
<meta http-equiv="Content-Type" content="text/html;charset=utf-8" />
  <meta name='ocr-system' content='tesseract 3.04.00' />
  <meta name='ocr-capabilities' content='ocr_page ocr_carea ocr_par ocr_line ocrx_word'/>
</head>
<body>
  <div class='ocr_page' id='page_1' title='image "./monumentahistor17laszgoog_0057.png"; bbox 0 0 3142 5356; ppageno 0'>
   <div class='ocr_carea' id='block_1_1' title="bbox 147 474 1418 1202">
    <p class='ocr_par' dir='ltr' id='par_1_1' title="bbox 153 474 1032 559">
     <span class='ocr_line' id='line_1_1' title="bbox 153 474 1032 559; baseline 0.003 -22"><span class='ocrx_word' id='word_1_1' title='bbox 153 494 189 537; x_wconf 89' lang='lat' dir='ltr'>ro</span> <span class='ocrx_word' id='word_1_2' title='bbox 517 474 721 558; x_wconf 78' lang='lat' dir='ltr'><em>Ann01482.</em></span> <span class='ocrx_word' id='word_1_3' title='bbox 746 513 787 523; x_wconf 97' lang='lat'><strong>—</strong></span> <span class='ocrx_word' id='word_1_4' title='bbox 811 493 865 559; x_wconf 83' lang='lat'>19.</span> <span class='ocrx_word' id='word_1_5' title='bbox 880 476 1032 558; x_wconf 77' lang='lat' dir='ltr'>Jisnuarr‘i.</span> 
     </span>
    </p>

    <p class='ocr_par' dir='ltr' id='par_1_2' title="bbox 147 690 1418 1202">
     <span class='ocr_line' id='line_1_2' title="bbox 148 690 1417 776; baseline 0 -23"><span class='ocrx_word' id='word_1_6' title='bbox 148 705 231 753; x_wconf 88' lang='lat' dir='ltr'>trare</span> <span class='ocrx_word' id='word_1_7' title='bbox 253 712 270 752; x_wconf 92' lang='lat' dir='ltr'>a</span> <span class='ocrx_word' id='word_1_8' title='bbox 296 693 538 770; x_wconf 79' lang='lat' dir='ltr'>communitate,</span> <span class='ocrx_word' id='word_1_9' title='bbox 569 693 769 774; x_wconf 92' lang='lat' dir='ltr'>ulteriusque</span> <span class='ocrx_word' id='word_1_10' title='bbox 800 694 970 776; x_wconf 91' lang='lat' dir='ltr'>premissas</span> <span class='ocrx_word' id='word_1_11' title='bbox 1002 693 1161 754; x_wconf 82' lang='lat' dir='ltr'><strong>novitates</strong></span> <span class='ocrx_word' id='word_1_12' title='bbox 1185 706 1215 754; x_wconf 92' lang='lat' dir='ltr'>et</span> <span class='ocrx_word' id='word_1_13' title='bbox 1239 690 1417 774; x_wconf 84' lang='lat' dir='ltr'>superfluas</span> 
     </span>
     <span class='ocr_line' id='line_1_3' title="bbox 148 798 1415 881; baseline -0.002 -20"><span class='ocrx_word' id='word_1_14' title='bbox 148 799 336 862; x_wconf 90' lang='lat' dir='ltr'>exacciones</span> <span class='ocrx_word' id='word_1_15' title='bbox 362 813 551 881; x_wconf 90' lang='lat' dir='ltr'>extorquere</span> <span class='ocrx_word' id='word_1_16' title='bbox 577 813 608 860; x_wconf 87' lang='lat' dir='ltr'>et</span> <span class='ocrx_word' id='word_1_17' title='bbox 626 800 751 881; x_wconf 82' lang='lat' dir='ltr'>exigere</span> <span class='ocrx_word' id='word_1_18' title='bbox 776 819 841 861; x_wconf 92' lang='lat' dir='ltr'>non</span> <span class='ocrx_word' id='word_1_19' title='bbox 867 799 999 862; x_wconf 88' lang='lat' dir='ltr'>debebit</span> <span class='ocrx_word' id='word_1_20' title='bbox 1016 818 1122 880; x_wconf 91' lang='lat' dir='ltr'>neque</span> <span class='ocrx_word' id='word_1_21' title='bbox 1146 811 1354 880; x_wconf 87' lang='lat' dir='ltr'>presummat.</span> <span class='ocrx_word' id='word_1_22' title='bbox 1381 798 1415 858; x_wconf 93' lang='lat' dir='ltr'>ln</span> 
     </span>
     <span class='ocr_line' id='line_1_4' title="bbox 147 905 1418 988; baseline -0.001 -22"><span class='ocrx_word' id='word_1_23' title='bbox 147 906 303 988; x_wconf 88' lang='lat' dir='ltr'>premissa</span> <span class='ocrx_word' id='word_1_24' title='bbox 316 926 410 968; x_wconf 92' lang='lat' dir='ltr'>causa</span> <span class='ocrx_word' id='word_1_25' title='bbox 428 905 487 968; x_wconf 82' lang='lat' dir='ltr'>luit</span> <span class='ocrx_word' id='word_1_26' title='bbox 504 920 692 988; x_wconf 89' lang='lat' dir='ltr'>procurator</span> <span class='ocrx_word' id='word_1_27' title='bbox 709 908 951 968; x_wconf 76' lang='lat' dir='ltr'>communitatis</span> <span class='ocrx_word' id='word_1_28' title='bbox 963 906 1160 968; x_wconf 76' lang='lat' dir='ltr'>Laurentius</span> <span class='ocrx_word' id='word_1_29' title='bbox 1174 905 1292 988; x_wconf 87' lang='lat' dir='ltr'>Sporar</span> <span class='ocrx_word' id='word_1_30' title='bbox 1308 905 1418 966; x_wconf 88' lang='lat' dir='ltr'>senior</span> 
     </span>
     <span class='ocr_line' id='line_1_5' title="bbox 147 1010 1417 1095; baseline -0.002 -22"><span class='ocrx_word' id='word_1_31' title='bbox 147 1010 254 1094; x_wconf 85' lang='lat' dir='ltr'>judex,</span> <span class='ocrx_word' id='word_1_32' title='bbox 279 1014 334 1094; x_wconf 92' lang='lat' dir='ltr'>qui</span> <span class='ocrx_word' id='word_1_33' title='bbox 359 1013 398 1074; x_wconf 89' lang='lat' dir='ltr'>de</span> <span class='ocrx_word' id='word_1_34' title='bbox 424 1013 577 1095; x_wconf 87' lang='lat' dir='ltr'>premissa</span> <span class='ocrx_word' id='word_1_35' title='bbox 608 1013 851 1095; x_wconf 89' lang='lat' dir='ltr'>adjudicacione</span> <span class='ocrx_word' id='word_1_36' title='bbox 876 1032 940 1075; x_wconf 96' lang='lat' dir='ltr'>non</span> <span class='ocrx_word' id='word_1_37' title='bbox 975 1025 1144 1075; x_wconf 89' lang='lat' dir='ltr'>contentus</span> <span class='ocrx_word' id='word_1_38' title='bbox 1176 1011 1350 1095; x_wconf 90' lang='lat' dir='ltr'>appellavit</span> <span class='ocrx_word' id='word_1_39' title='bbox 1375 1010 1417 1072; x_wconf 92' lang='lat' dir='ltr'>ad</span> 
     </span>
     <span class='ocr_line' id='line_1_6' title="bbox 147 1119 654 1202; baseline 0.002 -22"><span class='ocrx_word' id='word_1_40' title='bbox 147 1119 290 1181; x_wconf 78' lang='lat' dir='ltr'>seniores</span> <span class='ocrx_word' id='word_1_41' title='bbox 314 1139 441 1181; x_wconf 90' lang='lat' dir='ltr'>causam</span> <span class='ocrx_word' id='word_1_42' title='bbox 467 1120 654 1202; x_wconf 89' lang='lat' dir='ltr'>predictam.</span> 
     </span>
    </p>
   </div>
   <div class='ocr_carea' id='block_1_2' title="bbox 148 1244 1417 1860">
    <p class='ocr_par' dir='ltr' id='par_1_3' title="bbox 148 1244 1417 1860">
     <span class='ocr_line' id='line_1_7' title="bbox 255 1244 1415 1327; baseline -0.003 -19"><span class='ocrx_word' id='word_1_43' title='bbox 255 1245 394 1308; x_wconf 82' lang='lat' dir='ltr'>Causam</span> <span class='ocrx_word' id='word_1_44' title='bbox 431 1246 513 1308; x_wconf 89' lang='lat' dir='ltr'>inter</span> <span class='ocrx_word' id='word_1_45' title='bbox 545 1246 760 1307; x_wconf 89' lang='lat' dir='ltr'>Laurencium</span> <span class='ocrx_word' id='word_1_46' title='bbox 798 1245 959 1307; x_wconf 87' lang='lat' dir='ltr'>seniorem</span> <span class='ocrx_word' id='word_1_47' title='bbox 999 1244 1139 1327; x_wconf 85' lang='lat' dir='ltr'>judicem</span> <span class='ocrx_word' id='word_1_48' title='bbox 1171 1256 1415 1326; x_wconf 88' lang='lat' dir='ltr'>procuratorem</span> 
     </span>
     <span class='ocr_line' id='line_1_8' title="bbox 149 1349 1417 1433; baseline -0.002 -20"><span class='ocrx_word' id='word_1_49' title='bbox 149 1352 391 1413; x_wconf 87' lang='lat' dir='ltr'>communitatis</span> <span class='ocrx_word' id='word_1_50' title='bbox 415 1367 445 1413; x_wconf 89' lang='lat' dir='ltr'>et</span> <span class='ocrx_word' id='word_1_51' title='bbox 469 1350 633 1413; x_wconf 88' lang='lat' dir='ltr'>Thomam</span> <span class='ocrx_word' id='word_1_52' title='bbox 654 1351 811 1413; x_wconf 82' lang='lat' dir='ltr'>famulum</span> <span class='ocrx_word' id='word_1_53' title='bbox 830 1351 977 1433; x_wconf 90' lang='lat' dir='ltr'>Dyonisii</span> <span class='ocrx_word' id='word_1_54' title='bbox 1003 1350 1197 1412; x_wconf 91' lang='lat' dir='ltr'>balneatoris</span> <span class='ocrx_word' id='word_1_55' title='bbox 1221 1349 1349 1411; x_wconf 87' lang='lat' dir='ltr'>racione</span> <span class='ocrx_word' id='word_1_56' title='bbox 1367 1369 1417 1428; x_wconf 91' lang='lat' dir='ltr'>ea,</span> 
     </span>
     <span class='ocr_line' id='line_1_9' title="bbox 149 1456 1417 1539; baseline -0.002 -20"><span class='ocrx_word' id='word_1_57' title='bbox 149 1458 238 1538; x_wconf 93' lang='lat' dir='ltr'>quod</span> <span class='ocrx_word' id='word_1_58' title='bbox 263 1458 330 1539; x_wconf 87' lang='lat' dir='ltr'>ipse</span> <span class='ocrx_word' id='word_1_59' title='bbox 355 1458 501 1519; x_wconf 90' lang='lat' dir='ltr'>Thomas</span> <span class='ocrx_word' id='word_1_60' title='bbox 525 1459 604 1519; x_wconf 83' lang='lat' dir='ltr'>dixit</span> <span class='ocrx_word' id='word_1_61' title='bbox 621 1459 709 1539; x_wconf 95' lang='lat' dir='ltr'>quod</span> <span class='ocrx_word' id='word_1_62' title='bbox 728 1477 894 1539; x_wconf 90' lang='lat' dir='ltr'>nunquam</span> <span class='ocrx_word' id='word_1_63' title='bbox 913 1457 981 1518; x_wconf 89' lang='lat' dir='ltr'>vult</span> <span class='ocrx_word' id='word_1_64' title='bbox 1005 1457 1115 1518; x_wconf 90' lang='lat' dir='ltr'>radere</span> <span class='ocrx_word' id='word_1_65' title='bbox 1133 1456 1312 1537; x_wconf 87' lang='lat' dir='ltr'>predictum</span> <span class='ocrx_word' id='word_1_66' title='bbox 1331 1456 1417 1516; x_wconf 87' lang='lat' dir='ltr'>Lau·</span> 
     </span>
     <span class='ocr_line' id='line_1_10' title="bbox 149 1562 1414 1646; baseline -0.001 -22"><span class='ocrx_word' id='word_1_67' title='bbox 149 1563 304 1642; x_wconf 87' lang='lat' dir='ltr'>rencium,</span> <span class='ocrx_word' id='word_1_68' title='bbox 328 1563 421 1644; x_wconf 87' lang='lat' dir='ltr'>jurati</span> <span class='ocrx_word' id='word_1_69' title='bbox 448 1563 722 1646; x_wconf 83' lang='lat' dir='ltr'>adjudicaverunt,</span> <span class='ocrx_word' id='word_1_70' title='bbox 736 1565 825 1646; x_wconf 94' lang='lat' dir='ltr'>quod</span> <span class='ocrx_word' id='word_1_71' title='bbox 839 1584 876 1625; x_wconf 86' lang='lat' dir='ltr'>ex</span> <span class='ocrx_word' id='word_1_72' title='bbox 901 1583 967 1645; x_wconf 94' lang='lat' dir='ltr'>quo</span> <span class='ocrx_word' id='word_1_73' title='bbox 992 1564 1059 1646; x_wconf 91' lang='lat' dir='ltr'>ipse</span> <span class='ocrx_word' id='word_1_74' title='bbox 1084 1577 1131 1626; x_wconf 89' lang='lat' dir='ltr'>est</span> <span class='ocrx_word' id='word_1_75' title='bbox 1155 1562 1305 1641; x_wconf 82' lang='lat' dir='ltr'>famulus,</span> <span class='ocrx_word' id='word_1_76' title='bbox 1329 1562 1414 1624; x_wconf 92' lang='lat' dir='ltr'>liber</span> 
     </span>
     <span class='ocr_line' id='line_1_11' title="bbox 148 1669 1416 1753; baseline 0.002 -23"><span class='ocrx_word' id='word_1_77' title='bbox 148 1683 195 1732; x_wconf 88' lang='lat' dir='ltr'>est</span> <span class='ocrx_word' id='word_1_78' title='bbox 219 1689 315 1752; x_wconf 88' lang='lat' dir='ltr'>quern</span> <span class='ocrx_word' id='word_1_79' title='bbox 341 1671 410 1732; x_wconf 90' lang='lat' dir='ltr'>vult</span> <span class='ocrx_word' id='word_1_80' title='bbox 434 1671 485 1733; x_wconf 88' lang='lat' dir='ltr'>vel</span> <span class='ocrx_word' id='word_1_81' title='bbox 509 1692 575 1733; x_wconf 94' lang='lat' dir='ltr'>non</span> <span class='ocrx_word' id='word_1_82' title='bbox 601 1671 671 1732; x_wconf 89' lang='lat' dir='ltr'>vult</span> <span class='ocrx_word' id='word_1_83' title='bbox 694 1672 823 1746; x_wconf 89' lang='lat' dir='ltr'>radere;</span> <span class='ocrx_word' id='word_1_84' title='bbox 848 1672 888 1733; x_wconf 93' lang='lat' dir='ltr'>de</span> <span class='ocrx_word' id='word_1_85' title='bbox 913 1690 978 1752; x_wconf 92' lang='lat' dir='ltr'>quo</span> <span class='ocrx_word' id='word_1_86' title='bbox 996 1670 1117 1752; x_wconf 84' lang='lat' dir='ltr'>judicio</span> <span class='ocrx_word' id='word_1_87' title='bbox 1133 1669 1275 1753; x_wconf 85' lang='lat' dir='ltr'>prefatus</span> <span class='ocrx_word' id='word_1_88' title='bbox 1298 1689 1416 1753; x_wconf 90' lang='lat' dir='ltr'>procu-</span> 
     </span>
     <span class='ocr_line' id='line_1_12' title="bbox 149 1777 1235 1860; baseline 0.002 -23"><span class='ocrx_word' id='word_1_89' title='bbox 149 1789 234 1838; x_wconf 91' lang='lat' dir='ltr'>rator</span> <span class='ocrx_word' id='word_1_90' title='bbox 257 1795 322 1838; x_wconf 93' lang='lat' dir='ltr'>non</span> <span class='ocrx_word' id='word_1_91' title='bbox 347 1791 517 1839; x_wconf 89' lang='lat' dir='ltr'>contentus</span> <span class='ocrx_word' id='word_1_92' title='bbox 540 1778 714 1860; x_wconf 90' lang='lat' dir='ltr'>appellavit</span> <span class='ocrx_word' id='word_1_93' title='bbox 739 1778 840 1860; x_wconf 88' lang='lat' dir='ltr'>ipsam</span> <span class='ocrx_word' id='word_1_94' title='bbox 866 1797 994 1839; x_wconf 91' lang='lat' dir='ltr'>causam</span> <span class='ocrx_word' id='word_1_95' title='bbox 1019 1777 1059 1838; x_wconf 90' lang='lat' dir='ltr'>ad</span> <span class='ocrx_word' id='word_1_96' title='bbox 1083 1777 1235 1839; x_wconf 90' lang='lat' dir='ltr'>seniores.</span> 
     </span>
    </p>
   </div>
   <div class='ocr_carea' id='block_1_3' title="bbox 150 2032 1413 2126">
    <p class='ocr_par' dir='ltr' id='par_1_4' title="bbox 150 2032 1413 2126">
     <span class='ocr_line' id='line_1_13' title="bbox 150 2032 1413 2126; baseline 0.002 -23"><span class='ocrx_word' id='word_1_97' title='bbox 150 2032 296 2105; x_wconf 79' lang='lat' dir='ltr'>Sabbata</span> <span class='ocrx_word' id='word_1_98' title='bbox 325 2038 477 2124; x_wconf 86' lang='lat' dir='ltr'>proximo</span> <span class='ocrx_word' id='word_1_99' title='bbox 507 2045 582 2126; x_wconf 84' lang='lat' dir='ltr'>post</span> <span class='ocrx_word' id='word_1_100' title='bbox 611 2038 733 2108; x_wconf 85' lang='lat' dir='ltr'>festum</span> <span class='ocrx_word' id='word_1_101' title='bbox 761 2039 858 2110; x_wconf 86' lang='lat' dir='ltr'>beate</span> <span class='ocrx_word' id='word_1_102' title='bbox 886 2039 1002 2110; x_wconf 88' lang='lat' dir='ltr'>Prisce</span> <span class='ocrx_word' id='word_1_103' title='bbox 1033 2035 1174 2126; x_wconf 83' lang='lat' dir='ltr'>virginis</span> <span class='ocrx_word' id='word_1_104' title='bbox 1195 2043 1227 2107; x_wconf 88' lang='lat' dir='ltr'>et</span> <span class='ocrx_word' id='word_1_105' title='bbox 1247 2034 1413 2107; x_wconf 84' lang='lat' dir='ltr'>martiris.</span> 
     </span>
    </p>
   </div>
   <div class='ocr_carea' id='block_1_4' title="bbox 657 2209 904 2286">
    <p class='ocr_par' dir='ltr' id='par_1_5' title="bbox 657 2209 904 2286">
     <span class='ocr_line' id='line_1_14' title="bbox 657 2209 904 2286; baseline 0.012 -19"><span class='ocrx_word' id='word_1_106' title='bbox 657 2212 720 2286; x_wconf 81' lang='lat'><em>(19.</em></span> <span class='ocrx_word' id='word_1_107' title='bbox 736 2209 904 2286; x_wconf 83' lang='lat' dir='ltr'>januarii).</span> 
     </span>
    </p>
   </div>
   <div class='ocr_carea' id='block_1_5' title="bbox 147 2364 1414 3836">
    <p class='ocr_par' dir='ltr' id='par_1_6' title="bbox 147 2364 1414 3836">
     <span class='ocr_line' id='line_1_15' title="bbox 255 2364 1414 2452; baseline 0 -25"><span class='ocrx_word' id='word_1_108' title='bbox 255 2364 361 2428; x_wconf 90' lang='lat' dir='ltr'>Causa</span> <span class='ocrx_word' id='word_1_109' title='bbox 386 2367 467 2430; x_wconf 90' lang='lat' dir='ltr'>inter</span> <span class='ocrx_word' id='word_1_110' title='bbox 491 2369 656 2430; x_wconf 90' lang='lat' dir='ltr'>Matheum</span> <span class='ocrx_word' id='word_1_111' title='bbox 682 2368 860 2452; x_wconf 83' lang='lat' dir='ltr'>Spilwsych</span> <span class='ocrx_word' id='word_1_112' title='bbox 893 2383 924 2431; x_wconf 92' lang='lat' dir='ltr'>et</span> <span class='ocrx_word' id='word_1_113' title='bbox 947 2369 1116 2430; x_wconf 90' lang='lat' dir='ltr'>dominum</span> <span class='ocrx_word' id='word_1_114' title='bbox 1142 2366 1320 2448; x_wconf 87' lang='lat' dir='ltr'>Georgium</span> <span class='ocrx_word' id='word_1_115' title='bbox 1345 2367 1414 2448; x_wconf 92' lang='lat' dir='ltr'>ple·</span> 
     </span>
     <span class='ocr_line' id='line_1_16' title="bbox 149 2472 1410 2556; baseline 0 -23"><span class='ocrx_word' id='word_1_116' title='bbox 149 2472 268 2534; x_wconf 83' lang='lat' dir='ltr'>bunum</span> <span class='ocrx_word' id='word_1_117' title='bbox 293 2474 425 2536; x_wconf 88' lang='lat' dir='ltr'>ecclesie</span> <span class='ocrx_word' id='word_1_118' title='bbox 449 2476 548 2536; x_wconf 91' lang='lat' dir='ltr'>sancti</span> <span class='ocrx_word' id='word_1_119' title='bbox 574 2477 701 2537; x_wconf 88' lang='lat' dir='ltr'>Martini</span> <span class='ocrx_word' id='word_1_120' title='bbox 723 2477 762 2538; x_wconf 92' lang='lat' dir='ltr'>de</span> <span class='ocrx_word' id='word_1_121' title='bbox 787 2477 941 2537; x_wconf 91' lang='lat' dir='ltr'>suburbio</span> <span class='ocrx_word' id='word_1_122' title='bbox 965 2475 1246 2556; x_wconf 87' lang='lat' dir='ltr'>Montisgrecensis</span> <span class='ocrx_word' id='word_1_123' title='bbox 1277 2473 1410 2534; x_wconf 86' lang='lat' dir='ltr'>racione</span> 
     </span>
     <span class='ocr_line' id='line_1_17' title="bbox 149 2579 1413 2666; baseline 0.001 -26"><span class='ocrx_word' id='word_1_124' title='bbox 149 2579 316 2642; x_wconf 91' lang='lat' dir='ltr'>cuiusdam</span> <span class='ocrx_word' id='word_1_125' title='bbox 340 2582 456 2644; x_wconf 92' lang='lat' dir='ltr'>domus</span> <span class='ocrx_word' id='word_1_126' title='bbox 480 2597 511 2644; x_wconf 90' lang='lat' dir='ltr'>et</span> <span class='ocrx_word' id='word_1_127' title='bbox 534 2584 629 2644; x_wconf 91' lang='lat' dir='ltr'>unius</span> <span class='ocrx_word' id='word_1_128' title='bbox 652 2584 735 2644; x_wconf 88' lang='lat' dir='ltr'>vasis</span> <span class='ocrx_word' id='word_1_129' title='bbox 760 2602 815 2666; x_wconf 89' lang='lat' dir='ltr'>per</span> <span class='ocrx_word' id='word_1_130' title='bbox 838 2581 958 2664; x_wconf 84' lang='lat' dir='ltr'>juratos</span> <span class='ocrx_word' id='word_1_131' title='bbox 986 2582 1124 2664; x_wconf 89' lang='lat' dir='ltr'>judicata</span> <span class='ocrx_word' id='word_1_132' title='bbox 1149 2594 1179 2643; x_wconf 92' lang='lat' dir='ltr'>et</span> <span class='ocrx_word' id='word_1_133' title='bbox 1203 2581 1242 2643; x_wconf 88' lang='lat' dir='ltr'>ad</span> <span class='ocrx_word' id='word_1_134' title='bbox 1268 2581 1413 2642; x_wconf 87' lang='lat' dir='ltr'>seniores</span> 
     </span>
     <span class='ocr_line' id='line_1_18' title="bbox 149 2686 1414 2770; baseline 0.001 -24"><span class='ocrx_word' id='word_1_135' title='bbox 149 2687 320 2768; x_wconf 86' lang='lat' dir='ltr'>appellata,</span> <span class='ocrx_word' id='word_1_136' title='bbox 344 2688 485 2750; x_wconf 89' lang='lat' dir='ltr'>seniores</span> <span class='ocrx_word' id='word_1_137' title='bbox 509 2689 783 2769; x_wconf 86' lang='lat' dir='ltr'>adjudicaverunt,</span> <span class='ocrx_word' id='word_1_138' title='bbox 805 2689 881 2770; x_wconf 93' lang='lat' dir='ltr'>quia</span> <span class='ocrx_word' id='word_1_139' title='bbox 898 2689 1049 2751; x_wconf 88' lang='lat' dir='ltr'>dominus</span> <span class='ocrx_word' id='word_1_140' title='bbox 1075 2687 1235 2768; x_wconf 85' lang='lat' dir='ltr'>Georgius</span> <span class='ocrx_word' id='word_1_141' title='bbox 1252 2686 1414 2769; x_wconf 91' lang='lat' dir='ltr'>plebanus</span> 
     </span>
     <span class='ocr_line' id='line_1_19' title="bbox 149 2791 1412 2878; baseline 0.002 -26"><span class='ocrx_word' id='word_1_142' title='bbox 149 2791 290 2872; x_wconf 85' lang='lat' dir='ltr'>prefatus</span> <span class='ocrx_word' id='word_1_143' title='bbox 314 2794 346 2854; x_wconf 95' lang='lat' dir='ltr'>in</span> <span class='ocrx_word' id='word_1_144' title='bbox 371 2795 439 2875; x_wconf 91' lang='lat' dir='ltr'>ipsa</span> <span class='ocrx_word' id='word_1_145' title='bbox 471 2795 570 2856; x_wconf 93' lang='lat' dir='ltr'>domo</span> <span class='ocrx_word' id='word_1_146' title='bbox 602 2809 724 2857; x_wconf 90' lang='lat' dir='ltr'>certum</span> <span class='ocrx_word' id='word_1_147' title='bbox 756 2815 856 2857; x_wconf 85' lang='lat' dir='ltr'>ununr</span> <span class='ocrx_word' id='word_1_148' title='bbox 889 2816 945 2857; x_wconf 90' lang='lat' dir='ltr'>vas</span> <span class='ocrx_word' id='word_1_149' title='bbox 973 2815 1030 2878; x_wconf 92' lang='lat' dir='ltr'>pro</span> <span class='ocrx_word' id='word_1_150' title='bbox 1063 2795 1179 2856; x_wconf 87' lang='lat' dir='ltr'>debitis</span> <span class='ocrx_word' id='word_1_151' title='bbox 1202 2795 1320 2875; x_wconf 90' lang='lat' dir='ltr'>quibus</span> <span class='ocrx_word' id='word_1_152' title='bbox 1343 2793 1412 2874; x_wconf 92' lang='lat' dir='ltr'>ipse</span> 
     </span>
     <span class='ocr_line' id='line_1_20' title="bbox 149 2896 1413 2984; baseline 0 -25"><span class='ocrx_word' id='word_1_153' title='bbox 149 2896 297 2959; x_wconf 91' lang='lat' dir='ltr'>Matheus</span> <span class='ocrx_word' id='word_1_154' title='bbox 321 2900 489 2984; x_wconf 87' lang='lat' dir='ltr'>Spilusych</span> <span class='ocrx_word' id='word_1_155' title='bbox 515 2902 687 2982; x_wconf 90' lang='lat' dir='ltr'>prescripte</span> <span class='ocrx_word' id='word_1_156' title='bbox 712 2902 845 2962; x_wconf 88' lang='lat' dir='ltr'>ecclesie</span> <span class='ocrx_word' id='word_1_157' title='bbox 878 2903 1017 2984; x_wconf 90' lang='lat' dir='ltr'>plebano</span> <span class='ocrx_word' id='word_1_158' title='bbox 1042 2922 1100 2984; x_wconf 96' lang='lat' dir='ltr'>pro</span> <span class='ocrx_word' id='word_1_159' title='bbox 1122 2916 1267 2982; x_wconf 90' lang='lat' dir='ltr'>tempore</span> <span class='ocrx_word' id='word_1_160' title='bbox 1293 2899 1413 2961; x_wconf 91' lang='lat' dir='ltr'>consti·</span> 
     </span>
     <span class='ocr_line' id='line_1_21' title="bbox 147 3005 1414 3090; baseline 0.002 -26"><span class='ocrx_word' id='word_1_161' title='bbox 147 3016 218 3065; x_wconf 94' lang='lat' dir='ltr'>tuto</span> <span class='ocrx_word' id='word_1_162' title='bbox 242 3005 455 3086; x_wconf 83' lang='lat' dir='ltr'>obligabatur,</span> <span class='ocrx_word' id='word_1_163' title='bbox 480 3026 537 3088; x_wconf 93' lang='lat' dir='ltr'>pro</span> <span class='ocrx_word' id='word_1_164' title='bbox 561 3027 594 3068; x_wconf 90' lang='lat' dir='ltr'>se</span> <span class='ocrx_word' id='word_1_165' title='bbox 611 3007 796 3068; x_wconf 85' lang='lat' dir='ltr'>vadiavitet</span> <span class='ocrx_word' id='word_1_166' title='bbox 820 3009 1000 3090; x_wconf 89' lang='lat' dir='ltr'>occupavit,</span> <span class='ocrx_word' id='word_1_167' title='bbox 1017 3008 1104 3089; x_wconf 92' lang='lat' dir='ltr'>quod</span> <span class='ocrx_word' id='word_1_168' title='bbox 1130 3021 1241 3090; x_wconf 88' lang='lat' dir='ltr'>postea</span> <span class='ocrx_word' id='word_1_169' title='bbox 1265 3006 1305 3067; x_wconf 90' lang='lat' dir='ltr'>ad</span> <span class='ocrx_word' id='word_1_170' title='bbox 1329 3005 1414 3087; x_wconf 91' lang='lat' dir='ltr'>peti-</span> 
     </span>
     <span class='ocr_line' id='line_1_22' title="bbox 149 3110 1414 3197; baseline 0.002 -26"><span class='ocrx_word' id='word_1_171' title='bbox 149 3110 275 3172; x_wconf 90' lang='lat' dir='ltr'>cionem</span> <span class='ocrx_word' id='word_1_172' title='bbox 300 3111 412 3193; x_wconf 86' lang='lat' dir='ltr'>prelati</span> <span class='ocrx_word' id='word_1_173' title='bbox 437 3113 556 3174; x_wconf 89' lang='lat' dir='ltr'>Mathei</span> <span class='ocrx_word' id='word_1_174' title='bbox 582 3114 687 3176; x_wconf 92' lang='lat' dir='ltr'>eidem</span> <span class='ocrx_word' id='word_1_175' title='bbox 705 3115 869 3176; x_wconf 84' lang='lat' dir='ltr'>extradere</span> <span class='ocrx_word' id='word_1_176' title='bbox 893 3116 1050 3176; x_wconf 88' lang='lat' dir='ltr'>recusavit</span> <span class='ocrx_word' id='word_1_177' title='bbox 1074 3115 1129 3177; x_wconf 91' lang='lat' dir='ltr'>sed</span> <span class='ocrx_word' id='word_1_178' title='bbox 1147 3134 1205 3197; x_wconf 92' lang='lat' dir='ltr'>pro</span> <span class='ocrx_word' id='word_1_179' title='bbox 1222 3134 1254 3175; x_wconf 89' lang='lat' dir='ltr'>se</span> <span class='ocrx_word' id='word_1_180' title='bbox 1279 3113 1414 3174; x_wconf 92' lang='lat' dir='ltr'>retinuit</span> 
     </span>
     <span class='ocr_line' id='line_1_23' title="bbox 149 3217 1412 3304; baseline 0 -24"><span class='ocrx_word' id='word_1_181' title='bbox 149 3232 180 3280; x_wconf 89' lang='lat' dir='ltr'>et</span> <span class='ocrx_word' id='word_1_182' title='bbox 203 3217 318 3280; x_wconf 86' lang='lat' dir='ltr'>retinet</span> <span class='ocrx_word' id='word_1_183' title='bbox 341 3218 382 3280; x_wconf 92' lang='lat' dir='ltr'>de</span> <span class='ocrx_word' id='word_1_184' title='bbox 399 3221 549 3301; x_wconf 89' lang='lat' dir='ltr'>presenti,</span> <span class='ocrx_word' id='word_1_185' title='bbox 567 3221 641 3282; x_wconf 93' lang='lat' dir='ltr'>ideo</span> <span class='ocrx_word' id='word_1_186' title='bbox 659 3222 725 3302; x_wconf 91' lang='lat' dir='ltr'>ipse</span> <span class='ocrx_word' id='word_1_187' title='bbox 743 3222 894 3283; x_wconf 91' lang='lat' dir='ltr'>dominus</span> <span class='ocrx_word' id='word_1_188' title='bbox 919 3221 1079 3303; x_wconf 88' lang='lat' dir='ltr'>Georgius</span> <span class='ocrx_word' id='word_1_189' title='bbox 1095 3222 1252 3304; x_wconf 91' lang='lat' dir='ltr'>plebanus</span> <span class='ocrx_word' id='word_1_190' title='bbox 1268 3221 1412 3302; x_wconf 91' lang='lat' dir='ltr'>seipsum</span> 
     </span>
     <span class='ocr_line' id='line_1_24' title="bbox 149 3325 1412 3410; baseline 0.001 -25"><span class='ocrx_word' id='word_1_191' title='bbox 149 3325 346 3386; x_wconf 89' lang='lat' dir='ltr'>contentavit</span> <span class='ocrx_word' id='word_1_192' title='bbox 370 3345 428 3387; x_wconf 89' lang='lat' dir='ltr'>nec</span> <span class='ocrx_word' id='word_1_193' title='bbox 452 3327 544 3408; x_wconf 91' lang='lat' dir='ltr'>plura</span> <span class='ocrx_word' id='word_1_194' title='bbox 561 3327 668 3388; x_wconf 91' lang='lat' dir='ltr'>debita</span> <span class='ocrx_word' id='word_1_195' title='bbox 692 3347 787 3409; x_wconf 92' lang='lat' dir='ltr'>super</span> <span class='ocrx_word' id='word_1_196' title='bbox 804 3328 908 3410; x_wconf 91' lang='lat' dir='ltr'>ipsum</span> <span class='ocrx_word' id='word_1_197' title='bbox 935 3328 1102 3408; x_wconf 88' lang='lat' dir='ltr'>exquirere</span> <span class='ocrx_word' id='word_1_198' title='bbox 1131 3341 1236 3410; x_wconf 89' lang='lat' dir='ltr'>potest</span> <span class='ocrx_word' id='word_1_199' title='bbox 1253 3338 1412 3408; x_wconf 92' lang='lat' dir='ltr'>quantum</span> 
     </span>
     <span class='ocr_line' id='line_1_25' title="bbox 149 3429 1410 3515; baseline 0.002 -25"><span class='ocrx_word' id='word_1_200' title='bbox 149 3443 292 3511; x_wconf 88' lang='lat' dir='ltr'>pretextu</span> <span class='ocrx_word' id='word_1_201' title='bbox 318 3431 403 3493; x_wconf 89' lang='lat' dir='ltr'>illius</span> <span class='ocrx_word' id='word_1_202' title='bbox 428 3429 556 3510; x_wconf 90' lang='lat' dir='ltr'>domus,</span> <span class='ocrx_word' id='word_1_203' title='bbox 581 3433 647 3515; x_wconf 90' lang='lat' dir='ltr'>ipse</span> <span class='ocrx_word' id='word_1_204' title='bbox 672 3454 748 3495; x_wconf 90' lang='lat' dir='ltr'>vero</span> <span class='ocrx_word' id='word_1_205' title='bbox 773 3434 919 3495; x_wconf 87' lang='lat' dir='ltr'>Matheus</span> <span class='ocrx_word' id='word_1_206' title='bbox 951 3455 967 3495; x_wconf 95' lang='lat' dir='ltr'>e</span> <span class='ocrx_word' id='word_1_207' title='bbox 992 3454 1147 3495; x_wconf 91' lang='lat' dir='ltr'>converso</span> <span class='ocrx_word' id='word_1_208' title='bbox 1171 3433 1267 3494; x_wconf 89' lang='lat' dir='ltr'>habet</span> <span class='ocrx_word' id='word_1_209' title='bbox 1291 3452 1350 3514; x_wconf 93' lang='lat' dir='ltr'>pro</span> <span class='ocrx_word' id='word_1_210' title='bbox 1374 3451 1410 3493; x_wconf 91' lang='lat' dir='ltr'>se</span> 
     </span>
     <span class='ocr_line' id='line_1_26' title="bbox 148 3537 1411 3622; baseline 0.001 -25"><span class='ocrx_word' id='word_1_211' title='bbox 148 3537 282 3598; x_wconf 91' lang='lat' dir='ltr'>liberam</span> <span class='ocrx_word' id='word_1_212' title='bbox 308 3538 408 3619; x_wconf 89' lang='lat' dir='ltr'>ipsam</span> <span class='ocrx_word' id='word_1_213' title='bbox 434 3539 567 3600; x_wconf 91' lang='lat' dir='ltr'>domum</span> <span class='ocrx_word' id='word_1_214' title='bbox 596 3540 774 3622; x_wconf 88' lang='lat' dir='ltr'>occupandi</span> <span class='ocrx_word' id='word_1_215' title='bbox 792 3539 986 3619; x_wconf 82' lang='lat' dir='ltr'>facultatem,</span> <span class='ocrx_word' id='word_1_216' title='bbox 1004 3542 1046 3602; x_wconf 89' lang='lat' dir='ltr'>ita</span> <span class='ocrx_word' id='word_1_217' title='bbox 1064 3555 1182 3618; x_wconf 84' lang='lat' dir='ltr'>tamen,</span> <span class='ocrx_word' id='word_1_218' title='bbox 1207 3538 1295 3620; x_wconf 92' lang='lat' dir='ltr'>quod</span> <span class='ocrx_word' id='word_1_219' title='bbox 1317 3537 1411 3598; x_wconf 89' lang='lat' dir='ltr'>dein·</span> 
     </span>
     <span class='ocr_line' id='line_1_27' title="bbox 149 3645 1411 3730; baseline 0.001 -26"><span class='ocrx_word' id='word_1_220' title='bbox 149 3662 222 3725; x_wconf 88' lang='lat' dir='ltr'>ceps</span> <span class='ocrx_word' id='word_1_221' title='bbox 239 3659 413 3724; x_wconf 87' lang='lat' dir='ltr'>proventus</span> <span class='ocrx_word' id='word_1_222' title='bbox 437 3646 468 3706; x_wconf 93' lang='lat' dir='ltr'>in</span> <span class='ocrx_word' id='word_1_223' title='bbox 493 3648 753 3728; x_wconf 86' lang='lat' dir='ltr'>supranominata</span> <span class='ocrx_word' id='word_1_224' title='bbox 777 3648 867 3709; x_wconf 91' lang='lat' dir='ltr'>litera</span> <span class='ocrx_word' id='word_1_225' title='bbox 886 3648 1009 3709; x_wconf 93' lang='lat' dir='ltr'>domini</span> <span class='ocrx_word' id='word_1_226' title='bbox 1029 3648 1168 3730; x_wconf 88' lang='lat' dir='ltr'>Philippi</span> <span class='ocrx_word' id='word_1_227' title='bbox 1188 3646 1316 3729; x_wconf 88' lang='lat' dir='ltr'>plebani</span> <span class='ocrx_word' id='word_1_228' title='bbox 1341 3645 1411 3726; x_wconf 90' lang='lat' dir='ltr'>ipse</span> 
     </span>
     <span class='ocr_line' id='line_1_28' title="bbox 150 3748 1412 3836; baseline 0.004 -27"><span class='ocrx_word' id='word_1_229' title='bbox 150 3748 298 3810; x_wconf 89' lang='lat' dir='ltr'>Matheus</span> <span class='ocrx_word' id='word_1_230' title='bbox 323 3764 353 3811; x_wconf 95' lang='lat' dir='ltr'>et</span> <span class='ocrx_word' id='word_1_231' title='bbox 376 3749 509 3812; x_wconf 91' lang='lat' dir='ltr'>heredes</span> <span class='ocrx_word' id='word_1_232' title='bbox 533 3754 581 3814; x_wconf 92' lang='lat' dir='ltr'>sui</span> <span class='ocrx_word' id='word_1_233' title='bbox 599 3753 732 3834; x_wconf 90' lang='lat' dir='ltr'>singulis</span> <span class='ocrx_word' id='word_1_234' title='bbox 749 3755 840 3814; x_wconf 87' lang='lat' dir='ltr'>annis</span> <span class='ocrx_word' id='word_1_235' title='bbox 864 3769 1032 3816; x_wconf 93' lang='lat' dir='ltr'>teneantur</span> <span class='ocrx_word' id='word_1_236' title='bbox 1049 3754 1230 3836; x_wconf 92' lang='lat' dir='ltr'>persolvere</span> <span class='ocrx_word' id='word_1_237' title='bbox 1255 3751 1412 3834; x_wconf 91' lang='lat' dir='ltr'>plenarie.</span> 
     </span>
    </p>
   </div>
   <div class='ocr_carea' id='block_1_6' title="bbox 147 3873 1412 4920">
    <p class='ocr_par' dir='ltr' id='par_1_7' title="bbox 147 3873 1412 4920">
     <span class='ocr_line' id='line_1_29' title="bbox 255 3873 1411 3958; baseline 0.001 -23"><span class='ocrx_word' id='word_1_238' title='bbox 255 3873 360 3935; x_wconf 89' lang='lat' dir='ltr'>Causa</span> <span class='ocrx_word' id='word_1_239' title='bbox 385 3875 466 3936; x_wconf 91' lang='lat' dir='ltr'>inter</span> <span class='ocrx_word' id='word_1_240' title='bbox 492 3877 704 3939; x_wconf 89' lang='lat' dir='ltr'>Laurencium</span> <span class='ocrx_word' id='word_1_241' title='bbox 729 3878 869 3958; x_wconf 86' lang='lat' dir='ltr'>judicem</span> <span class='ocrx_word' id='word_1_242' title='bbox 902 3880 1060 3940; x_wconf 90' lang='lat' dir='ltr'>seniorem</span> <span class='ocrx_word' id='word_1_243' title='bbox 1086 3893 1116 3938; x_wconf 89' lang='lat' dir='ltr'>et</span> <span class='ocrx_word' id='word_1_244' title='bbox 1141 3876 1334 3958; x_wconf 92' lang='lat' dir='ltr'>Gregorium</span> <span class='ocrx_word' id='word_1_245' title='bbox 1357 3895 1411 3936; x_wconf 90' lang='lat' dir='ltr'>su·</span> 
     </span>
     <span class='ocr_line' id='line_1_30' title="bbox 147 3981 1411 4066; baseline 0.001 -25"><span class='ocrx_word' id='word_1_246' title='bbox 147 3993 249 4042; x_wconf 89' lang='lat' dir='ltr'>torem</span> <span class='ocrx_word' id='word_1_247' title='bbox 276 3981 499 4066; x_wconf 88' lang='lat' dir='ltr'>Fwdrychkyn</span> <span class='ocrx_word' id='word_1_248' title='bbox 524 3984 649 4044; x_wconf 91' lang='lat' dir='ltr'>racione</span> <span class='ocrx_word' id='word_1_249' title='bbox 667 3986 883 4065; x_wconf 89' lang='lat' dir='ltr'>quorumdam</span> <span class='ocrx_word' id='word_1_250' title='bbox 908 3985 1141 4066; x_wconf 88' lang='lat' dir='ltr'>vituperiorum</span> <span class='ocrx_word' id='word_1_251' title='bbox 1166 3998 1196 4046; x_wconf 88' lang='lat' dir='ltr'>et</span> <span class='ocrx_word' id='word_1_252' title='bbox 1221 3983 1411 4062; x_wconf 88' lang='lat' dir='ltr'>injuriarum</span> 
     </span>
     <span class='ocr_line' id='line_1_31' title="bbox 147 4086 1411 4172; baseline 0.002 -25"><span class='ocrx_word' id='word_1_253' title='bbox 147 4106 205 4168; x_wconf 93' lang='lat' dir='ltr'>per</span> <span class='ocrx_word' id='word_1_254' title='bbox 229 4087 333 4168; x_wconf 91' lang='lat' dir='ltr'>ipsum</span> <span class='ocrx_word' id='word_1_255' title='bbox 360 4086 553 4170; x_wconf 90' lang='lat' dir='ltr'>Gregorium</span> <span class='ocrx_word' id='word_1_256' title='bbox 578 4110 672 4172; x_wconf 89' lang='lat' dir='ltr'>super</span> <span class='ocrx_word' id='word_1_257' title='bbox 697 4091 801 4172; x_wconf 91' lang='lat' dir='ltr'>ipsum</span> <span class='ocrx_word' id='word_1_258' title='bbox 828 4092 1040 4152; x_wconf 89' lang='lat' dir='ltr'>Laurencium</span> <span class='ocrx_word' id='word_1_259' title='bbox 1058 4090 1197 4170; x_wconf 91' lang='lat' dir='ltr'>judicem</span> <span class='ocrx_word' id='word_1_260' title='bbox 1223 4090 1268 4151; x_wconf 90' lang='lat' dir='ltr'>uti</span> <span class='ocrx_word' id='word_1_261' title='bbox 1293 4088 1411 4150; x_wconf 91' lang='lat' dir='ltr'>dicitur</span> 
     </span>
     <span class='ocr_line' id='line_1_32' title="bbox 149 4192 1411 4279; baseline 0.004 -26"><span class='ocrx_word' id='word_1_262' title='bbox 149 4193 181 4254; x_wconf 95' lang='lat' dir='ltr'>in</span> <span class='ocrx_word' id='word_1_263' title='bbox 208 4192 307 4255; x_wconf 90' lang='lat' dir='ltr'>domo</span> <span class='ocrx_word' id='word_1_264' title='bbox 321 4214 377 4256; x_wconf 92' lang='lat' dir='ltr'>sua</span> <span class='ocrx_word' id='word_1_265' title='bbox 395 4196 567 4274; x_wconf 90' lang='lat' dir='ltr'>illatarum,</span> <span class='ocrx_word' id='word_1_266' title='bbox 592 4197 783 4277; x_wconf 78' lang='lat' dir='ltr'>periuratos</span> <span class='ocrx_word' id='word_1_267' title='bbox 806 4198 944 4278; x_wconf 90' lang='lat' dir='ltr'>judicata</span> <span class='ocrx_word' id='word_1_268' title='bbox 964 4214 994 4259; x_wconf 90' lang='lat' dir='ltr'>et</span> <span class='ocrx_word' id='word_1_269' title='bbox 1019 4199 1057 4260; x_wconf 92' lang='lat' dir='ltr'>ad</span> <span class='ocrx_word' id='word_1_270' title='bbox 1076 4199 1216 4259; x_wconf 90' lang='lat' dir='ltr'>seniores</span> <span class='ocrx_word' id='word_1_271' title='bbox 1240 4194 1411 4279; x_wconf 89' lang='lat' dir='ltr'>appellata,</span> 
     </span>
     <span class='ocr_line' id='line_1_33' title="bbox 148 4300 1411 4387; baseline 0.002 -26"><span class='ocrx_word' id='word_1_272' title='bbox 148 4300 290 4362; x_wconf 90' lang='lat' dir='ltr'>seniores</span> <span class='ocrx_word' id='word_1_273' title='bbox 315 4301 589 4381; x_wconf 88' lang='lat' dir='ltr'>adjudicaverunt,</span> <span class='ocrx_word' id='word_1_274' title='bbox 615 4303 689 4383; x_wconf 92' lang='lat' dir='ltr'>quia</span> <span class='ocrx_word' id='word_1_275' title='bbox 715 4304 846 4366; x_wconf 91' lang='lat' dir='ltr'>evidens</span> <span class='ocrx_word' id='word_1_276' title='bbox 866 4306 1085 4366; x_wconf 90' lang='lat' dir='ltr'>testimonium</span> <span class='ocrx_word' id='word_1_277' title='bbox 1111 4323 1318 4387; x_wconf 90' lang='lat' dir='ltr'>personarum</span> <span class='ocrx_word' id='word_1_278' title='bbox 1343 4321 1411 4383; x_wconf 95' lang='lat' dir='ltr'>quo</span> 
     </span>
     <span class='ocr_line' id='line_1_34' title="bbox 149 4405 1411 4493; baseline 0.002 -26"><span class='ocrx_word' id='word_1_279' title='bbox 149 4406 188 4467; x_wconf 92' lang='lat' dir='ltr'>ad</span> <span class='ocrx_word' id='word_1_280' title='bbox 212 4405 443 4470; x_wconf 86' lang='lat' dir='ltr'>sufficienciam</span> <span class='ocrx_word' id='word_1_281' title='bbox 477 4409 651 4470; x_wconf 91' lang='lat' dir='ltr'>testimonii</span> <span class='ocrx_word' id='word_1_282' title='bbox 685 4426 827 4492; x_wconf 91' lang='lat' dir='ltr'>preterea</span> <span class='ocrx_word' id='word_1_283' title='bbox 860 4412 948 4492; x_wconf 90' lang='lat' dir='ltr'>quod</span> <span class='ocrx_word' id='word_1_284' title='bbox 981 4425 1085 4493; x_wconf 89' lang='lat' dir='ltr'>partes</span> <span class='ocrx_word' id='word_1_285' title='bbox 1109 4411 1168 4472; x_wconf 89' lang='lat' dir='ltr'>sibi</span> <span class='ocrx_word' id='word_1_286' title='bbox 1195 4410 1411 4490; x_wconf 89' lang='lat' dir='ltr'>collitigantes</span> 
     </span>
     <span class='ocr_line' id='line_1_35' title="bbox 148 4516 1412 4600; baseline 0.002 -24"><span class='ocrx_word' id='word_1_287' title='bbox 148 4529 367 4597; x_wconf 90' lang='lat' dir='ltr'>exposuerunt</span> <span class='ocrx_word' id='word_1_288' title='bbox 392 4516 506 4577; x_wconf 92' lang='lat' dir='ltr'>adduci</span> <span class='ocrx_word' id='word_1_289' title='bbox 525 4535 590 4577; x_wconf 94' lang='lat' dir='ltr'>non</span> <span class='ocrx_word' id='word_1_290' title='bbox 614 4517 729 4598; x_wconf 92' lang='lat' dir='ltr'>potuit,</span> <span class='ocrx_word' id='word_1_291' title='bbox 746 4517 820 4579; x_wconf 91' lang='lat' dir='ltr'>ideo</span> <span class='ocrx_word' id='word_1_292' title='bbox 845 4519 911 4599; x_wconf 89' lang='lat' dir='ltr'>ipse</span> <span class='ocrx_word' id='word_1_293' title='bbox 930 4518 1104 4600; x_wconf 90' lang='lat' dir='ltr'>Gregorius</span> <span class='ocrx_word' id='word_1_294' title='bbox 1121 4533 1209 4579; x_wconf 91' lang='lat' dir='ltr'>sutor</span> <span class='ocrx_word' id='word_1_295' title='bbox 1227 4518 1412 4578; x_wconf 88' lang='lat' dir='ltr'>terciusmet</span> 
     </span>
     <span class='ocr_line' id='line_1_36' title="bbox 148 4620 1409 4707; baseline 0.002 -26"><span class='ocrx_word' id='word_1_296' title='bbox 148 4620 245 4684; x_wconf 88' lang='lat' dir='ltr'>debet</span> <span class='ocrx_word' id='word_1_297' title='bbox 270 4621 374 4702; x_wconf 87' lang='lat' dir='ltr'>jurare</span> <span class='ocrx_word' id='word_1_298' title='bbox 399 4623 430 4682; x_wconf 94' lang='lat' dir='ltr'>in</span> <span class='ocrx_word' id='word_1_299' title='bbox 456 4642 505 4701; x_wconf 91' lang='lat' dir='ltr'>eo,</span> <span class='ocrx_word' id='word_1_300' title='bbox 530 4621 618 4703; x_wconf 91' lang='lat' dir='ltr'>quod</span> <span class='ocrx_word' id='word_1_301' title='bbox 643 4622 709 4704; x_wconf 90' lang='lat' dir='ltr'>ipse</span> <span class='ocrx_word' id='word_1_302' title='bbox 743 4644 806 4684; x_wconf 96' lang='lat' dir='ltr'>non</span> <span class='ocrx_word' id='word_1_303' title='bbox 840 4625 1032 4707; x_wconf 88' lang='lat' dir='ltr'>vituperavit</span> <span class='ocrx_word' id='word_1_304' title='bbox 1063 4626 1167 4706; x_wconf 89' lang='lat' dir='ltr'>ipsum</span> <span class='ocrx_word' id='word_1_305' title='bbox 1193 4624 1409 4685; x_wconf 89' lang='lat' dir='ltr'>Laurencium</span> 
     </span>
     <span class='ocr_line' id='line_1_37' title="bbox 147 4726 1408 4813; baseline 0.002 -25"><span class='ocrx_word' id='word_1_306' title='bbox 147 4726 287 4810; x_wconf 91' lang='lat' dir='ltr'>judicem</span> <span class='ocrx_word' id='word_1_307' title='bbox 313 4748 370 4789; x_wconf 90' lang='lat' dir='ltr'>nec</span> <span class='ocrx_word' id='word_1_308' title='bbox 395 4727 527 4808; x_wconf 84' lang='lat' dir='ltr'>injurias</span> <span class='ocrx_word' id='word_1_309' title='bbox 550 4729 655 4790; x_wconf 90' lang='lat' dir='ltr'>eidem</span> <span class='ocrx_word' id='word_1_310' title='bbox 682 4729 805 4807; x_wconf 86' lang='lat' dir='ltr'>intulit;</span> <span class='ocrx_word' id='word_1_311' title='bbox 831 4731 926 4793; x_wconf 92' lang='lat' dir='ltr'>debet</span> <span class='ocrx_word' id='word_1_312' title='bbox 950 4745 1056 4792; x_wconf 90' lang='lat' dir='ltr'>autern</span> <span class='ocrx_word' id='word_1_313' title='bbox 1080 4730 1184 4810; x_wconf 88' lang='lat' dir='ltr'>jurare</span> <span class='ocrx_word' id='word_1_314' title='bbox 1209 4751 1304 4813; x_wconf 91' lang='lat' dir='ltr'>super</span> <span class='ocrx_word' id='word_1_315' title='bbox 1321 4750 1408 4792; x_wconf 88' lang='lat' dir='ltr'>aram</span> 
     </span>
     <span class='ocr_line' id='line_1_38' title="bbox 148 4833 1408 4920; baseline 0.005 -25"><span class='ocrx_word' id='word_1_316' title='bbox 148 4848 255 4896; x_wconf 84' lang='lat' dir='ltr'>sancte</span> <span class='ocrx_word' id='word_1_317' title='bbox 280 4833 394 4896; x_wconf 91' lang='lat' dir='ltr'>Crucis</span> <span class='ocrx_word' id='word_1_318' title='bbox 417 4833 495 4897; x_wconf 85' lang='lat' dir='ltr'>feria</span> <span class='ocrx_word' id='word_1_319' title='bbox 519 4835 615 4897; x_wconf 90' lang='lat' dir='ltr'>tercia</span> <span class='ocrx_word' id='word_1_320' title='bbox 639 4835 784 4917; x_wconf 90' lang='lat' dir='ltr'>proxima</span> <span class='ocrx_word' id='word_1_321' title='bbox 810 4852 881 4919; x_wconf 91' lang='lat' dir='ltr'>post</span> <span class='ocrx_word' id='word_1_322' title='bbox 905 4837 1021 4899; x_wconf 84' lang='lat' dir='ltr'>festum</span> <span class='ocrx_word' id='word_1_323' title='bbox 1043 4838 1125 4898; x_wconf 89' lang='lat' dir='ltr'>beati</span> <span class='ocrx_word' id='word_1_324' title='bbox 1151 4838 1241 4899; x_wconf 86' lang='lat' dir='ltr'>Pauli</span> <span class='ocrx_word' id='word_1_325' title='bbox 1259 4836 1408 4920; x_wconf 91' lang='lat' dir='ltr'>apostoli.</span> 
     </span>
    </p>
   </div>
   <div class='ocr_carea' id='block_1_7' title="bbox 0 0 1576 5356">
    <p class='ocr_par' dir='ltr' id='par_1_8' title="bbox 0 0 1576 5356">
     <span class='ocr_line' id='line_1_39' title="bbox 0 0 1576 5356; baseline 0 0"><span class='ocrx_word' id='word_1_326' title='bbox 0 0 1576 5356; x_wconf 95' lang='lat' dir='ltr'> </span> 
     </span>
    </p>
   </div>
  </div>
 </body>
</html>
