3142 5356
149 603 167 644 a
192 586 242 644 via
269 584 446 662 communi,
473 582 554 644 inlra
581 604 681 665 usque
699 584 840 646 rivulum
866 604 938 646 cum
956 584 1096 666 virgulto
1120 605 1153 645 se
1178 585 1416 664 extendentem,

150 709 222 750 cum
250 691 316 751 suis
333 690 549 771 pertinenciis,
575 690 634 773 ipsi
652 690 782 751 domine
801 691 918 772 Agneti
945 692 1105 763 donasset,
1130 705 1160 752 et
1176 692 1272 753 aliam
1291 711 1416 753 earum·

149 796 223 857 dem
258 797 497 878 possessionum
531 796 737 858 medietatem
770 797 838 878 ipse
870 797 1033 858 lohannes
1058 795 1177 858 Pehem
1210 798 1242 859 in
1267 799 1416 860 extremis

154 903 217 963 vite
243 921 300 964 sue
325 903 475 964 laborans
498 903 763 965 testamentallter
784 903 921 984 legasset
945 903 1012 983 jure
1037 904 1225 985 perhenoali
1250 905 1417 986 possiden·

150 1009 223 1070 dam
252 1010 305 1087 ita,
329 1009 417 1090 quod
443 1009 482 1071 de
507 1009 591 1071 dicta
609 1010 702 1071 vinea
729 1030 829 1071 unum
853 1030 925 1071 cum
944 1010 1054 1071 medio
1071 1009 1140 1072 flor.
1164 1011 1233 1072 auri
1257 1025 1331 1074 ante
1348 1012 1416 1073 vin·

149 1113 291 1175 demiam
310 1115 350 1176 ad
374 1116 640 1177 communitatem
658 1135 715 1176 seu
739 1116 927 1177 comitatum
945 1116 985 1177 de
1010 1116 1122 1178 eadem
1139 1117 1232 1178 vinea
1250 1118 1416 1179 annuatim

149 1220 224 1282 dare
249 1222 412 1283 tenebitur
437 1221 575 1303 quilibet
599 1222 698 1303 ipsius
723 1222 817 1284 vinee
841 1241 1015 1304 possessor.

256 1345 333 1405 Item
367 1345 514 1406 Vrbanus
545 1344 630 1407 lilius
661 1347 736 1408 lure
768 1345 931 1428 quandam
966 1347 1093 1408 vineam
1125 1367 1181 1409 seu
1211 1346 1415 1408 medietatem

151 1451 242 1511 vinee
267 1451 299 1511 in
323 1451 484 1513 territorio
510 1467 619 1513 nostro
645 1452 726 1514 inter
750 1454 876 1512 vineam
902 1472 958 1512 seu
984 1453 1015 1513 in
1048 1453 1209 1514 vicinitate
1235 1453 1327 1514 vinee
1352 1452 1413 1514 Va·

150 1555 265 1619 lentini
293 1556 461 1618 Perinzeth
486 1557 574 1637 dicti,
598 1579 616 1619 a
640 1572 728 1640 parte
761 1558 965 1619 meridionali
995 1572 1025 1619 et
1056 1578 1154 1640 penes
1178 1558 1340 1640 quandam
1366 1579 1411 1619 se-

149 1663 261 1724 mitam
295 1663 475 1745 pedestrem
507 1685 524 1725 a
556 1666 650 1746 plaga
683 1664 938 1747 septemtrionali
969 1664 1130 1743 habitam,
1163 1665 1300 1747 desuper
1323 1686 1340 1728 a
1365 1666 1416 1726 via

149 1771 315 1831 communi
342 1789 457 1851 magna
483 1767 564 1832 infra
589 1790 691 1851 usque
714 1771 865 1849 rivulum,
889 1771 986 1832 simul
1004 1791 1076 1833 cum
1101 1772 1241 1853 virgulto
1265 1772 1324 1833 sibi
1343 1772 1415 1835 atti·

149 1876 237 1937 nenti
261 1896 295 1937 se
320 1877 558 1954 extendentem,
583 1897 678 1959 super
695 1877 799 1958 ipsum
825 1880 864 1938 ab
889 1877 994 1939 Adam
1012 1893 1043 1940 et
1069 1877 1166 1939 Gallo
1190 1877 1257 1940 filio
1281 1899 1340 1940 suo
1358 1898 1415 1960 pro

150 1983 379 2045 vulneratione
405 1984 505 2065 ipsius
528 1984 648 2044 Vrbani
675 1984 859 2045 devolutam
893 1985 1078 2062 literatorie,
1112 1984 1250 2046 iohanni
1275 1983 1414 2047 sellatori

152 2090 221 2151 lilio
246 2090 344 2151 Blasii
369 2090 515 2151 vendidit
547 2103 703 2171 perpetuo
737 2090 965 2172 possidendam
999 2091 1052 2168 ita,
1077 2091 1164 2172 quod
1198 2088 1339 2172 prelatus
1363 2091 1416 2152 lo-

149 2196 271 2257 hannes
297 2215 353 2277 per
377 2215 517 2278 eumque
541 2196 588 2258 sui
615 2197 721 2258 cuncti
738 2195 871 2257 heredes
895 2198 954 2257 sub
976 2196 1087 2257 eadem
1106 2197 1197 2257 vinea
1223 2211 1254 2257 et
1277 2197 1416 2279 virgulto

148 2303 234 2363 viam
269 2302 451 2363 currualem
490 2302 625 2363 liberam
657 2303 809 2363 omnibus
850 2302 921 2363 illac
963 2303 1201 2364 transeuntibus
1232 2305 1415 2385 permittere

148 2411 355 2471 tenebuntur.

256 2532 331 2593 ltem
366 2531 567 2613 Margaretha
601 2533 709 2594 relicta
743 2546 774 2594 et
807 2530 985 2613 Elyzabeth
1018 2529 1084 2592 filia
1115 2552 1150 2593 ac
1183 2531 1305 2616 Symon
1330 2530 1416 2592 filius

149 2639 289 2700 condam
315 2639 444 2700 Thome
471 2639 717 2716 Lanczmanich,
742 2637 916 2720 quemdam
943 2636 1079 2698 lundum
1106 2638 1248 2719 ipsorum
1274 2638 1305 2698 in
1331 2638 1415 2700 dicte

149 2745 290 2806 civitatis
313 2746 385 2806 vico
421 2745 568 2806 exteriori
602 2745 684 2807 inter
715 2743 833 2806 fundos
864 2744 1064 2825 Margarethe
1089 2743 1333 2806 Thesachichna
1358 2764 1414 2807 vo·

149 2864 232 2928 cate,
257 2853 297 2912 ab
314 2871 377 2912 una
403 2867 501 2934 parte,
526 2854 565 2913 ab
579 2851 677 2914 altera
695 2870 770 2911 veto
794 2850 956 2911 Valentini
974 2850 1241 2912 molendinatoris
1257 2851 1414 2930 habitum,

149 2957 228 3018 olim
263 2956 424 3018 desertum
458 2977 542 3018 nunc
574 2956 730 3019 hedificiis
763 2956 969 3033 destitutum,
1001 2976 1097 3017 unam
1131 2971 1277 3038 quartam
1311 2960 1343 3020 in
1380 2977 1412 3019 se

149 3063 382 3141 continentem,
407 3082 480 3124 cum
504 3064 569 3124 suis
603 3063 809 3145 pertinenciis
840 3061 977 3123 Nicolao
1013 3063 1124 3125 sartori
1157 3062 1224 3125 filio
1248 3064 1412 3126 Valentini

149 3169 297 3230 vendidit
321 3182 477 3251 perpetuo
501 3169 745 3251 possidendum.

257 3293 333 3354 ltem
359 3293 435 3375 quia
461 3293 584 3375 Symon
608 3307 698 3356 sutor
722 3292 807 3354 lilius
825 3294 908 3354 Petri
934 3292 966 3354 id
985 3294 1083 3354 literis
1107 3293 1242 3355 civitatis
1266 3313 1413 3376 compro·

150 3399 248 3476 bavit,
274 3413 307 3460 ut
331 3400 398 3481 ipse
423 3400 629 3462 medietatem
662 3399 829 3461 cuiusdam
860 3401 986 3478 domus,
1020 3398 1111 3461 fundi
1136 3414 1167 3461 et
1190 3398 1411 3462 hedificiorum

150 3506 181 3566 in
206 3505 278 3566 vico
302 3505 452 3567 exteriori
476 3520 621 3569 sutorum
661 3508 743 3569 inter
775 3522 806 3568 et
829 3526 928 3588 penes
960 3506 1094 3567 domum
1120 3506 1273 3588 Stephani
1298 3509 1414 3569 sutoris

149 3625 180 3672 et
204 3611 288 3672 viam
307 3630 515 3672 communem
533 3613 640 3674 habite
658 3627 689 3674 et
706 3613 880 3691 existentis,
898 3634 914 3674 a
939 3625 1027 3694 parte
1045 3612 1121 3674 dicti
1139 3612 1291 3694 Stephani
1309 3613 1413 3689 sitam,

150 3736 247 3778 unam
271 3718 393 3780 scilicet
409 3732 566 3797 octavam,
584 3738 642 3800 pro
660 3733 743 3780 certa
761 3719 970 3800 pecuniarum
995 3719 1171 3800 quantitate
1189 3732 1412 3801 comparasset,

149 3824 245 3885 aliam
271 3843 347 3885 vero
365 3825 570 3887 medietatem
589 3826 733 3886 eiusdem
759 3826 885 3904 domus,
901 3822 993 3887 fundi
1018 3839 1049 3886 et
1066 3823 1298 3901 hedificiorum,
1315 3844 1411 3886 unam

151 3930 301 3991 videlicet
325 3945 483 4013 quartam,
508 3952 524 3992 a
542 3946 628 4014 parte
655 3932 737 3992 dicte
762 3933 811 3992 vie
830 3932 1011 3993 communis
1027 3933 1130 4010 sitam,
1148 3951 1220 3992 cum
1237 3931 1302 3992 suis
1318 3931 1412 4013 perti-

151 4036 274 4098 nenciis
298 4057 314 4097 a
341 4037 434 4098 Petro
458 4052 564 4100 sutore
597 4036 664 4099 filio
689 4038 836 4120 Dyonisii
861 4038 1008 4099 similiter
1043 4039 1151 4119 precio
1187 4051 1412 4120 comparasset,

151 4141 227 4202 ideo
241 4161 300 4201 nos
317 4142 452 4203 eandem
471 4143 616 4222 domurn,
634 4163 730 4204 unam
748 4144 898 4206 videlicet
915 4158 1060 4225 quartam
1086 4158 1116 4206 et
1132 4156 1289 4223 octavam,
1307 4143 1412 4206 eidem

149 4247 289 4332 Symoni
314 4248 488 4310 literatorie
512 4249 681 4310 statuimus
710 4249 946 4331 possidendam.

256 4370 333 4432 ltem
360 4372 515 4433 medietas
540 4373 706 4433 cuiusdam
732 4372 985 4452 domus,'fundi,
1002 4372 1110 4434 celatii
1136 4386 1166 4434 et
1189 4371 1411 4435 hedificiorum

149 4478 180 4538 in
205 4478 278 4538 vico
302 4478 451 4539 exteriori
476 4499 532 4540 seu
565 4479 669 4560 platea
703 4479 955 4541 Theuthonicali
981 4479 1062 4539 inter
1094 4479 1209 4539 domos
1233 4494 1263 4539 et
1295 4478 1413 4540 fundos

150 4582 302 4664 Stephani
329 4584 446 4645 sutoris
471 4586 511 4644 ab
537 4604 599 4644 una
624 4598 722 4666 parte,
748 4587 788 4645 ab
813 4585 910 4645 altera
943 4605 1019 4646 veto
1043 4585 1185 4665 magistri
1212 4585 1331 4647 Mathei
1356 4605 1412 4646 no·

148 4689 218 4750 tatii
237 4702 268 4750 et
280 4689 437 4751 scolastici
456 4690 554 4751 nostri
572 4704 602 4751 et
618 4711 673 4751 sue
692 4692 847 4753 consortis
864 4691 988 4772 Agathe
1006 4690 1123 4769 habite,
1152 4711 1248 4752 unam
1267 4705 1412 4772 quartam

148 4795 179 4857 in
205 4814 239 4856 se
263 4795 442 4874 continens,
458 4796 631 4858 Scolastice
656 4795 720 4859 filie
743 4797 909 4858 Michaelis
933 4818 970 4858 ex
986 4798 1222 4860 testamentaria
1246 4798 1412 4879 legacione

1301 4922 1321 4964 a
