3156 5364
562 430 649 490 Anno
670 443 759 506 1510.
783 465 827 477 -
846 445 880 508 9.
903 438 1052 508 augusti..
1373 445 1433 519 '¹99

169 643 266 706 latam
289 663 421 708 oausam
446 642 622 726 appellavit
639 644 677 704 ad
703 644 890 724 magistrum
908 646 1178 726 thavernicorum‚
1203 649 1253 711 cui
1279 648 1370 711 datus
1388 664 1434 711 est

165 751 324 816 terminus
348 750 387 811 ad
412 750 498 811 diem
525 751 819 831 quadragesimum.

272 856 399 918 Eodem
424 856 477 917 die
502 876 595 917 causa
622 857 704 918 inter
732 857 913 920 lohannem
947 859 1091 944 Posegay
1121 873 1152 921 et
1177 861 1306 922 Petrum
1332 862 1432 923 carni-

167 961 260 1024 ficem
285 962 413 1024 racione
432 961 598 1024 cuiusdam
616 963 705 1044 porci
723 984 779 1045 per
795 965 901 1047 ipsum
920 966 1048 1027 Petrum
1074 986 1113 1029 cx
1131 987 1205 1028 arcu
1229 967 1430 1030 vulneratum

167 1069 198 1130 in
224 1068 367 1151 dampno
392 1088 462 1148 su0,
485 1068 580 1150 jurati
608 1069 654 1130 aie
687 1069 953 1153 adjudicaverunt
984 1092 1084 1155 penes
1107 1087 1260 1135 statutum
1286 1074 1432 1154 civitatis,

166 1175 255 1256 quod
279 1174 411 1256 quando
436 1175 467 1235 in
493 1174 636 1257 dampno
669 1195 728 1236 suo
760 1177 898 1238 eundem
932 1177 1090 1240 interfecit
1114 1198 1149 1240 ac
1182 1176 1241 1240 suit
1265 1198 1321 1261 per
1344 1199 1432 1241 com-

166 1282 358 1343 munitatem
391 1280 609 1360 interdictum‚
646 1283 734 1363 quod
768 1283 905 1364 quilibet
938 1285 1055 1346 civium
1089 1285 1144 1366 qui
1176 1284 1295 1346 habent
1317 1305 1432 1368 porcos

166 1388 298 1450 cosdem
323 1388 442 1449 debent
458 1408 584 1450 servare
602 1390 661 1450 sub
687 1389 878 1468 reclusione,
896 1390 969 1452 ideo
988 1410 1052 1452 non
1079 1404 1126 1452 est
1143 1391 1308 1452 convictus
1325 1391 1430 1452 eidem

165 1497 196 1556 in
222 1494 334 1570 nullo;
359 1492 501 1576 prefatus
525 1514 602 1556 vero
620 1495 783 1557 lohannes
801 1497 944 1580 Posegay
970 1518 1035 1559 non
1061 1511 1230 1559 contentus
1246 1497 1286 1558 de
1310 1497 1431 1578 judicio

163 1602 343 1682 juratorum
376 1601 434 1662 nisi
460 1601 500 1663 ad
534 1602 676 1663 seniores
708 1601 830 1682 judices
862 1604 1044 1686 appellavit.
1068 1641 1112 1649 —
1144 1604 1237 1665 Feria
1261 1619 1371 1685 quarta
1397 1605 1429 1666 in

163 1706 242 1771 festo
269 1709 362 1769 beate
388 1707 507 1790 Sophie
533 1710 674 1770 seniores
695 1708 817 1789 judices
834 1709 989 1791 prefatam
1014 1730 1141 1771 causam
1160 1708 1431 1775 confirmaverunt

163 1830 196 1877 ut
216 1815 367 1898 superius
391 1816 583 1877 continetur.

308 2069 405 2143 Faria
433 2079 530 2143 sexta
559 2075 593 2142 in
622 2071 767 2160 profesto
796 2073 887 2143 beati
916 2072 1090 2146 laurencii
1118 2071 1282 2144 martiris.

691 2245 735 2317 (9.
759 2245 900 2320 augusta).

269 2401 359 2464 Uxor
385 2401 468 2462 Petri
494 2399 664 2483 freniparis
680 2402 785 2484 primo
808 2402 901 2463 citata
918 2401 957 2463 ad
983 2402 1172 2464 instanciam
1191 2404 1310 2464 Vrbani
1337 2405 1427 2486 pelli-

160 2508 228 2571 ficis
253 2527 320 2569 non
349 2507 540 2590 comparuit.

267 2611 393 2694 Eodem
418 2632 470 2693 die
503 2631 597 2693 citata
630 2631 747 2694 mulier
778 2632 904 2694 Nicolai
939 2633 1139 2715 Merzlolrlep
1172 2633 1212 2694 ad
1237 2635 1425 2697 instanciam

159 2738 293 2800 domine
319 2738 520 2819 Margarethe
546 2739 861 2822 Horwathowychne
886 2741 969 2802 dicte
995 2761 1059 2802 non
1085 2743 1274 2823 comparuit.

267 2862 392 2925 Eodem
411 2863 463 2924 die
481 2863 586 2943 primo
605 2863 718 2925 citatus
735 2865 873 2925 lacobus
891 2865 1030 2926 decanus
1053 2865 1092 2926 ad
1111 2866 1298 2928 instanciam
1317 2867 1426 2929 uxoris

160 2968 408 3053 Thyslatychne
433 2969 589 3030 iohannis
614 2989 677 3031 non
707 2972 895 3052 comparuit.

268 3093 374 3156 Causa
399 3095 482 3156 inter
512 3092 678 3154 dominam
704 3095 838 3155 Luciam
870 3095 1012 3157 relictam
1045 3097 1183 3158 condam
1212 3098 1370 3180 Jakopecz
1395 3113 1425 3160 et

159 3200 328 3263 Balthasar
359 3200 399 3262 de
425 3199 538 3285 Okych
570 3201 699 3261 racione
724 3216 834 3262 mutue
868 3203 1117 3283 vituperacionis
1148 3204 1230 3265 inter
1255 3223 1309 3265 eos
1333 3202 1424 3282 facte,

159 3307 249 3389 quod
275 3307 344 3390 ipsa
368 3306 500 3368 domina
525 3306 626 3367 Lucia
650 3307 844 3388 appellasset
868 3308 988 3369 dictum
1008 3308 1173 3370 Balthasar
1197 3309 1299 3371 filium
1324 3331 1424 3372 mere-

158 3417 245 3478 tricis
271 3430 302 3477 et
326 3414 465 3481 cundem
491 3415 594 3476 eciam
619 3415 810 3497 appellasset
833 3416 937 3476 virum
962 3417 1147 3495 meretricis,
1172 3438 1207 3478 ac
1232 3419 1332 3479 eciam
1357 3420 1424 3500 ipse

159 3520 297 3585 eandem
321 3520 488 3582 dominam
523 3521 657 3582 Luciam
691 3521 882 3602 appellasset
914 3523 1080 3584 kwchkam
1114 3537 1145 3584 et
1175 3525 1329 3586 voluisset
1353 3545 1424 3586 eam

158 3643 325 3712 percutere
350 3646 422 3688 cum
448 3627 549 3688 securi
576 3641 649 3688 ante
674 3626 808 3688 domurn
833 3647 936 3706 suam,
961 3628 1054 3709 jurati
1079 3629 1123 3690 sic
1147 3629 1423 3710 adjudicaverunt,

158 3735 247 3817 quod
272 3733 404 3796 domina
430 3733 528 3795 Lucia
553 3747 600 3795 est
624 3734 770 3794 convicta
803 3734 889 3795 dicto
915 3734 1079 3796 Balthasar
1103 3736 1135 3796 in
1161 3735 1313 3817 homagio
1338 3738 1423 3815 vivo,

157 3861 175 3903 e
200 3860 357 3903 converso
381 3840 547 3902 convictus
570 3855 616 3901 est
641 3839 805 3901 Balthasar
830 3840 960 3901 domine
991 3841 1089 3902 Lucie
1115 3842 1146 3902 in
1172 3841 1323 3921 homagio
1348 3843 1422 3904 vivo

157 3947 248 4029 quod
272 3947 409 4008 eandem
426 3945 601 4028 appellavit
618 3946 797 4025 kwchkam,
822 3948 923 4008 eciam
945 3967 981 4008 ex
999 3967 1064 4028 quo
1089 3948 1180 4010 irruit
1204 3949 1237 4009 in
1261 3968 1331 4010 eam
1349 3969 1421 4010 cum

156 4055 260 4116 securi
287 4053 327 4115 ad
358 4053 492 4114 domum
517 4073 606 4114 suam
640 4053 755 4115 debeat
787 4053 948 4135 deponere
981 4053 1196 4134 juramentum
1225 4055 1327 4116 dictus
1351 4056 1423 4117 Bal·

156 4162 264 4226 thasar
289 4162 322 4223 in
344 4181 398 4223 ara
422 4175 529 4222 sancte
555 4160 669 4222 Crucis
693 4181 711 4221 a
736 4161 787 4221 die
804 4161 1005 4243 presencium
1030 4176 1145 4222 octavo
1171 4162 1223 4223 die
1248 4162 1336 4242 quod
1355 4162 1422 4244 ipse

155 4267 323 4332 Balthasar
344 4267 449 4329 eidem
475 4267 607 4328 domine
638 4267 735 4328 Lucie
760 4267 865 4328 noluit
889 4267 916 4327 ei
935 4267 1104 4348 quitquam
1130 4267 1206 4328 mali
1231 4265 1345 4347 facere,
1370 4289 1422 4328 cx·

153 4391 232 4438 tuuc
256 4375 283 4436 si
308 4394 374 4435 uon
399 4373 539 4456 deponet
563 4374 779 4454 juramentum
803 4373 1012 4436 convincetur
1036 4373 1141 4434 eidem
1167 4373 1298 4434 domine
1323 4374 1422 4435 Lucie

155 4484 188 4544 in
213 4482 244 4543 vi
269 4480 419 4563 potencia
444 4479 555 4540 domui
584 4500 658 4556 sue;
692 4500 728 4540 ex
754 4493 842 4561 parte
874 4499 950 4540 vero
984 4480 1091 4540 uxoris
1116 4479 1308 4541 Balthasaris
1333 4480 1420 4560 quod

153 4588 289 4650 domina
315 4587 413 4648 Lucia
439 4606 509 4648 eam
527 4587 701 4668 appellavit
725 4587 924 4647 meretricem
942 4602 1113 4667 postquam
1131 4587 1197 4667 ipse
1222 4605 1292 4646 earn
1318 4586 1421 4647 dictus

155 4694 322 4757 Balthasar
339 4693 510 4770 maritavit,
533 4693 559 4753 si
577 4693 682 4753 eidem
708 4712 772 4752 non
790 4692 929 4774 potuerit
947 4694 1157 4772 comprobare
1182 4704 1296 4752 extunc
1314 4691 1419 4752 eidem

153 4801 365 4864 convincetur
389 4799 422 4860 in
446 4799 600 4880 homagio
624 4799 716 4874 vivo;
748 4798 862 4859 eodem
889 4798 940 4858 die
973 4798 1104 4858 domina
1131 4797 1228 4858 Lucia
1254 4817 1318 4858 non
1344 4817 1418 4861 con·

150 4921 241 4971 teuta
266 4907 307 4968 de
330 4905 453 4988 judicio
476 4905 653 4987 juratorum
678 4905 717 4965 ad
742 4905 884 4966 seniores
907 4904 1029 4985 judices
1053 4903 1236 4985 appellavit.
