3142 5356
466 506 553 562 Anno
576 519 667 581 1504.
691 537 735 549 —
758 516 807 581 27.
823 505 974 581 junuarii.
1300 518 1355 582 145

129 717 226 796 leria
255 727 364 796 tercia
393 725 549 812 proxima
578 732 655 812 post
683 723 806 794 festum
835 726 925 794 beati
957 724 1125 795 Vincencii
1155 720 1318 793 martiris.

598 887 661 952 (23.
677 875 840 952 januarii).

195 1016 302 1079 Causa
328 1029 414 1078 mota
448 1015 530 1076 inter
563 1013 763 1096 Stephanum
794 1014 955 1076 literatum
981 1029 1011 1076 et
1036 1014 1226 1077 Michaelem
1258 1013 1355 1078 freni-

88 1143 199 1206 parem
225 1124 354 1184 racione
379 1137 410 1185 et
433 1135 581 1204 pretextu
608 1120 823 1203 quarumdam
857 1122 978 1183 eutium
1004 1121 1180 1184 luratarum
1205 1123 1353 1203 duarum,

89 1231 215 1292 domini
239 1229 333 1310 jurati
366 1229 602 1309 adjudicarunt,
633 1227 721 1309 quod
755 1247 851 1289 unam
881 1243 987 1289 cutem
1012 1227 1051 1289 de
1084 1229 1204 1290 eisdem
1230 1229 1358 1291 cutibus

90 1338 176 1398 solus
201 1336 369 1397 Emericus
386 1353 450 1396 non
476 1334 615 1415 negavit,
636 1334 668 1394 in
686 1334 800 1394 eadem
825 1348 872 1395 est
896 1334 1079 1410 convictus3
1105 1334 1144 1396 de
1169 1335 1230 1397 alia
1250 1349 1357 1397 autem

91 1458 160 1505 cute
185 1442 227 1504 ad
252 1456 403 1529 octavum
428 1441 514 1502 diem
540 1440 578 1501 ad
598 1459 712 1502 manus
733 1440 829 1501 unius
845 1441 938 1520 jurati
956 1440 1170 1521 juramentum
1198 1441 1360 1524 deponere

91 1547 196 1626 habet,
220 1546 310 1629 quod
335 1547 360 1608 si
385 1546 557 1629 nequierit,
582 1550 698 1630 extunc
722 1546 753 1607 in
779 1546 891 1608 eadem
917 1547 1082 1608 convictae
1106 1546 1200 1629 (erit).

291 1746 389 1821 leria
416 1747 515 1820 sexta
544 1755 622 1837 post
650 1747 905 1820 conversionem
934 1749 1023 1820 beati
1054 1747 1159 1820 Pauli.

598 1901 663 1979 (26.
679 1902 843 1985 januaris).
941 1887 1002 1895 '¹
1096 1888 1137 1896 Η

196 2043 305 2105 Causa
330 2044 412 2105 inter
437 2043 609 2105 discretum
636 2043 806 2104 dominum
828 2043 1030 2105 Anthonium
1057 2058 1088 2106 et
1111 2043 1274 2106 Thomam
1293 2065 1368 2107 car-1

96 2139 278 2231 pentarium·
290 2150 419 2212 racione
445 2163 476 2212 et
490 2163 637 2232 pretextu
655 2137 822 2211 cuiusdam
840 2147 984 2227 infamie,
1006 2149 1130 2212 domini
1148 2136 1242 2232 jurati
1261 2171 1360 2235 penes

98 2254 335 2337 deposicionem
360 2256 489 2317 testium
508 2255 724 2337 plurimorum
747 2256 853 2317 taliter
869 2255 1105 2335 adjudicarunt,
1129 2256 1233 2338 quod,
1245 2256 1371 2339 prefati.

99 2375 186 2423 testes
210 2363 434 2424 testimonium
466 2346 625 2424 testificati
653 2376 738 2440 sunt,
771 2375 805 2423 ut
829 2360 970 2444 prefatus
1002 2362 1361 2452 dominus-Anthonius

97 2466 146 2529 illo
170 2444 318 2551 tempore
343 2446 403 2530 fuit
427 2454 584 2530 in'domo
612 2488 679 2547 sua,
704 2484 799 2550 prout
816 2482 911 2530 testes
936 2469 996 2550 ipsi
1009 2448 1093 2531 ’fassi
1126 2485 1211 2550 sunt,
1236 2485 1267 2534 et
1291 2490 1356 2533 non

98 2573 124 2634 in
147 2576 248 2638 domo
273 2576 378 2637 aliena
404 2595 476 2637 cum
501 2576 731 2654 meretricibus,
757 2575 831 2637 ideo
861 2575 946 2637 idem
972 2575 1118 2638 Thomas
1142 2580 1360 2660 carpentarius

99 2680 214 2761 prelato
240 2682 375 2743 domino
400 2681 567 2743 Anthonio
592 2682 758 2742 convictus
782 2696 828 2743 est
853 2682 885 2742 in
909 2682 984 2742 vivo
1012 2681 1200 2765 (h)omagio.

197 2787 323 2849 Eodem
348 2787 400 2849 die
422 2807 516 2848 causa
534 2787 616 2848 inter
634 2806 765 2848 uxorem
786 2787 939 2848 Sinkonis
955 2800 986 2847 et
1002 2787 1171 2850 Nicolaum
1190 2808 1360 2872 campana·

100 2907 194 2955 torem
217 2895 347 2956 racione
373 2909 403 2957 et
419 2907 564 2976 pretextu
589 2894 751 2975 vituperii,
777 2893 831 2955 ubi
849 2893 954 2954 dictus
976 2894 1130 2955 Nicolaus
1154 2894 1272 2976 objecit
1288 2915 1358 2957 eam

99 2999 276 3083 vituperans
293 3014 325 3063 et
341 3001 513 3062 nominans
526 3001 726 3062 meretricem
745 3000 976 3061 sacerdotalem
990 3014 1021 3061 et
1037 3000 1243 3080 scholarium,
1260 3022 1359 3084 penes

99 3109 313 3170 testimonium
338 3124 447 3170 contra
473 3109 594 3169 dictum
621 3108 793 3199 Nicolaum
822 3106 940 3168 factum
966 3107 1091 3169 domini
1115 3108 1208 3188 jurati
1233 3109 1357 3191 adjudi-

101 3230 204 3278 carunt
227 3216 333 3299 ipsum
360 3215 426 3277 fieri
453 3216 484 3277 in
509 3215 585 3277 vivo
610 3215 799 3296 (h)omagio.

173 3419 319 3491 sabbato
348 3417 499 3508 proximo
527 3429 604 3508 post
632 3419 754 3521 festum
792 3416 1027 3488 conversionis
1055 3417 1144 3489 beati
1175 3419 1281 3490 Pauli.

602 3582 663 3647 (27.
680 3569 849 3646 januarii).

202 3695 353 3757 Seniores
370 3693 491 3772 iudices
511 3693 606 3755 huius
624 3693 761 3754 civitatis
786 3712 912 3754 causam
932 3707 1052 3755 motam
1071 3695 1152 3756 inter
1176 3709 1359 3757 executores

103 3800 231 3862 condam
264 3801 375 3862 Jacobi
410 3799 571 3862 Beledieh
604 3814 634 3860 et
668 3799 803 3860 Paulum
837 3799 991 3878 Pechich,
1024 3814 1169 3882 tempore
1202 3802 1360 3881 judicatus

102 3904 316 3989 circumspecti
344 3907 463 3968 Mathie
488 3906 623 3967 senioris
647 3905 772 3985 judicis,
797 3906 884 3987 prius
909 3926 965 3988 per
989 3907 1109 3985 juratos
1134 3908 1359 3988 adjudicatam,

101 4014 222 4075 racione
237 4027 269 4075 et
286 4027 431 4095 pretextu
448 4013 558 4074 decem
582 4013 662 4089 flor,
681 4014 734 4074 ubi
753 4027 870 4073 eotunc
887 4013 990 4074 dictus
1007 4014 1127 4074 Paulus
1144 4014 1279 4075 Pechich
1295 4036 1358 4076 non

101 4123 264 4181 contentus
288 4119 343 4180 aed
369 4119 544 4202 appellavit
563 4119 602 4179 ad
625 4120 770 4179 seniores
788 4118 918 4199 judices,
942 4121 997 4180 ubi
1022 4120 1119 4181 iidem
1146 4122 1245 4182 modo
1264 4119 1357 4184 infra·

100 4226 210 4308 scripto
223 4226 329 4288 taliter
339 4226 420 4286 inter
435 4240 539 4307 partes
549 4224 686 4307 prefatas
699 4224 932 4305 adjudicarunt,
951 4242 984 4286 ut
999 4226 1083 4287 idem
1095 4228 1213 4288 Paulus
1225 4227 1360 4290 Pechich

100 4350 131 4392 er
155 4352 221 4415 quo
245 4332 390 4393 debitum
417 4330 574 4414 prelatum
594 4332 723 4412 negavit
746 4352 904 4412 seneque
929 4346 1023 4393 testes
1047 4335 1141 4394 ambe
1160 4349 1264 4414 partes
1282 4334 1361 4394 inibi

99 4449 169 4500 tunc
193 4439 364 4500 existentes
388 4439 557 4500 admittere
580 4438 763 4514 noluerunt,
790 4458 904 4519 proco
931 4439 1034 4499 dictus
1060 4440 1177 4499 Paulus
1202 4439 1240 4499 ad
1266 4441 1360 4521 quin·

98 4545 328 4607 tumdccimum
363 4546 448 4607 diem
481 4544 697 4626 juramentum
731 4545 893 4626 deponere
922 4545 1027 4623 habet,
1053 4559 1087 4607 ut
1119 4566 1224 4626 neque
1259 4547 1362 4608 dictus

100 4650 215 4713 Paulus
240 4650 300 4712 luit
324 4651 494 4714 consocius
518 4665 549 4712 et
574 4670 678 4731 neque
704 4651 865 4711 commisit
887 4671 966 4712 uxor
990 4673 1046 4713 sua
1071 4653 1177 4713 eidem
1202 4652 1361 4734 prefatum

99 4757 241 4820 debitum
259 4758 426 4835 exolvere3
452 4759 476 4820 si
495 4757 658 4837 juraverit,
683 4771 799 4818 extunc
823 4758 906 4818 idem
926 4760 1077 4820 reddetur
1103 4760 1194 4836 liber,
1211 4760 1237 4819 si
1255 4776 1361 4822 autem

97 4863 311 4943 juramentum
335 4866 499 4948 deponere
523 4864 711 4945 neglexerit,
737 4885 775 4924 eo
805 4863 888 4926 facto
913 4868 1079 4927 convictus
1104 4881 1150 4927 est
1176 4867 1207 4927 in
1233 4865 1363 4947 prelatis

98 4971 206 5035 decem
216 4969 286 5035 flor.
296 4993 305 5049 ;
314 4972 354 5034 de
364 4991 431 5055 quo
440 4970 562 5053 judicio
571 4971 734 5032 seniorum
745 4969 887 5051 judicum
899 4986 1004 5058 partes
1014 4974 1108 5039 ambe
1120 4986 1274 5038 contente
1284 4989 1375 5038 sunt.

617 5103 830 5120 *θ’-
1280 5089 1324 5134 li)
