3142 5356
147 536 231 598 nesti
258 536 356 598 Marci
374 534 531 597 carnificis
554 534 612 597 filii
634 533 778 616 Georgii,
795 535 835 595 ab
860 553 923 595 una
941 548 1040 614 parte,
1059 535 1098 595 ab
1117 535 1215 596 altera
1239 557 1318 598 vero
1335 537 1417 598 inter

147 643 235 704 viam
253 661 459 704 communem
478 661 579 724 usque
597 655 730 723 pontem
748 659 900 722 magnum
919 640 1017 722 vulgo
1036 641 1145 702 Pizani
1168 642 1275 704 mozth
1294 641 1414 704 dictum

149 749 337 812 tendentem
372 749 490 827 habite,
524 768 621 810 unam
655 761 800 829 quartam
835 746 922 808 curie
947 747 978 807 in
1003 764 1048 807 se·
1069 747 1247 826 continens,
1279 748 1416 811 discreto

148 856 219 918 viro
245 855 380 918 domino
406 855 506 917 Paulo
535 855 713 938 presbitero
745 852 812 915 filio
837 852 1001 914 Dominici
1034 854 1248 934 prebendario
1282 855 1416 916 ecclesie

148 963 251 1024 sancti
275 962 358 1044 regis
383 962 535 1044 Stephani
560 981 618 1044 pro
643 961 756 1022 decem
782 958 853 1021 flor.
892 959 960 1021 auri
989 973 1020 1022 et
1044 978 1102 1041 pro
1126 960 1346 1024 celebracione
1362 961 1416 1023 tri-

150 1071 240 1152 ginta
272 1070 440 1131 missarum
474 1069 570 1151 plene
602 1088 658 1150 per
690 1068 829 1130 eundem
854 1067 916 1149 jam
949 1067 1187 1148 persolutorum
1221 1082 1251 1128 et
1276 1067 1416 1129 celebra·

150 1190 267 1254 tarum,
292 1196 348 1258 per
372 1175 579 1237 Valentinum
607 1173 710 1236 filium
735 1172 891 1234 lobannis
919 1172 958 1233 de
984 1170 1116 1234 laduch
1137 1186 1184 1234 est
1207 1173 1280 1234 data
1305 1188 1335 1235 et
1352 1173 1416 1235 col·

149 1283 214 1345 lata
239 1303 275 1344 ac
299 1284 358 1344 sub
384 1283 539 1365 pendenti
565 1281 672 1362 sigillo
696 1293 880 1363 perpetuata
898 1279 953 1358 sic,
978 1279 1066 1360 quod
1092 1298 1259 1360 nunquam
1284 1300 1300 1341 a
1325 1279 1415 1361 juris·

154 1389 303 1452 dictione
327 1403 359 1452 et
382 1390 526 1452 libertate
552 1388 688 1450 civitatis
704 1387 799 1449 avelli
824 1387 924 1468 possit
949 1386 1048 1447 modo
1066 1385 1219 1467 aliquali;
1244 1386 1294 1448 cui
1319 1386 1416 1448 colla·

156 1497 242 1558 cioni
269 1511 300 1558 et
331 1495 459 1558 dacioni
485 1495 619 1575 Egidius
651 1491 802 1571 carnifex,
838 1493 949 1574 quiin
983 1492 1145 1574 premissis
1176 1492 1272 1554 aliarn
1297 1493 1416 1554 medie·

152 1616 270 1681 tatem,
306 1621 403 1664 unam
439 1601 649 1663 consimiliter
685 1613 850 1681 quartam,
889 1599 1066 1661 literatorie
1102 1599 1286 1681 possidens,
1321 1618 1415 1661 suum

153 1709 342 1771 benivolum
368 1727 559 1773 consensum
584 1707 712 1790 prebuit
737 1707 853 1788 pariter
877 1719 908 1767 et
931 1725 1107 1770 assensum.

258 1815 336 1879 ltem
362 1815 577 1877 communitas
593 1828 659 1876 tota
684 1812 847 1895 quandam
865 1813 979 1874 silvam
1004 1832 1060 1874 seu
1078 1812 1252 1896 virgultum
1271 1830 1417 1896 parvum,

151 1925 237 1984 bone
262 1921 382 1983 indolis
413 1921 551 1984 condam
587 1920 713 2002 juvenis
744 1919 904 1981 Francisci
930 1919 1046 1982 literati
1080 1917 1137 1980 filii
1164 1919 1315 2002 Stephani
1341 1918 1415 1981 dicti

152 2028 293 2108 Oczche,
317 2028 348 2089 in
366 2028 528 2091 territorio
546 2041 654 2089 nostro
672 2027 754 2088 inter
778 2027 888 2087 vineas
904 2026 1045 2087 virorum
1064 2025 1274 2108 providorum
1290 2024 1417 2087 Nicolai

153 2134 270 2218 judicis
293 2135 391 2195 nostri
425 2133 573 2196 moderni
606 2132 663 2194 filii
688 2133 834 2210 Fabiani,
868 2153 885 2193 a
917 2132 1159 2215 septemtrione,
1191 2146 1221 2193 et
1245 2131 1417 2213 Augustini

152 2241 232 2302 alias
266 2239 376 2303 Cusne
410 2240 498 2318 dicti,
530 2260 548 2301 a
580 2239 773 2316 meridione,
805 2238 967 2300 mediante
992 2238 1134 2320 quodam
1167 2238 1303 2300 decursu
1334 2256 1416 2320 aque

152 2347 304 2430 pluvialis
335 2367 372 2409 ac
397 2348 479 2409 inter
511 2347 638 2408 vineam
671 2343 783 2428 prefati
815 2345 984 2427 hospitalis
1020 2345 1120 2407 nostri
1153 2344 1335 2407 communis
1377 2346 1417 2405 ab

153 2454 288 2525 oriente,
313 2474 369 2537 pet
401 2453 556 2535 quasdam
589 2467 652 2515 tres
683 2454 812 2513 arbores
845 2471 938 2513 cruce
962 2452 1112 2533 signatas,
1145 2451 1295 2514 videlicet
1318 2451 1418 2533 pomi,

153 2575 299 2623 castanea
324 2575 355 2623 et
379 2560 482 2622 cerusi
500 2574 689 2642 separatam,
715 2559 822 2622 habita
840 2573 870 2620 et
895 2559 1043 2638 existens,
1068 2558 1239 2640 desupera
1263 2558 1313 2619 via
1332 2577 1417 2619 com-

152 2667 244 2729 muni
269 2669 309 2728 ab
334 2666 501 2729 occidente
532 2664 638 2727 habita
664 2679 694 2726 et
719 2663 799 2726 inita
825 2685 927 2747 usque
945 2665 1103 2747 predictas
1127 2679 1190 2727 tres
1214 2667 1344 2727 arbores
1360 2683 1418 2746 pro

154 2787 239 2835 meta
275 2772 443 2856 deputatas
474 2792 506 2835 se
531 2771 716 2849 extendens,
748 2771 788 2832 ad
822 2771 979 2854 hospitale
1012 2786 1157 2833 nostrum
1190 2789 1361 2833 commune
1386 2770 1419 2831 in

153 2880 281 2942 civitate
305 2879 447 2962 predicta
471 2878 629 2957 habiturn,
653 2877 738 2959 juxta
768 2878 968 2959 legacionem
1002 2878 1136 2960 predicti
1162 2877 1322 2940 Francisci
1347 2876 1417 2938 lite-

154 2986 213 3048 rati
239 2985 378 3068 legatam
404 3000 435 3047 et
459 2985 640 3062 dimissum,
673 3005 710 3045 ex
742 3003 900 3045 consensu
925 2984 1055 3045 Martini
1080 2984 1174 3066 jurati
1199 2982 1257 3045 filii
1290 2983 1419 3045 Thome

154 3091 305 3155 moderni
328 3092 544 3174 procuratoris
570 3105 600 3152 et
623 3091 849 3173 gubernatoris
873 3090 973 3173 ipsius
990 3090 1168 3173 hospitalis,
1192 3090 1328 3152 Nicolao
1352 3109 1419 3150 car·

154 3200 302 3283 pentario
327 3198 394 3261 filio
420 3199 502 3262 Petri
527 3197 585 3260 filii
612 3198 738 3260 Lucasii
763 3200 821 3259 sub
847 3217 943 3260 censu
969 3212 1000 3258 et
1024 3210 1182 3280 proventu
1207 3216 1314 3258 annuo
1339 3197 1419 3260 sexti

155 3307 266 3369 eubuli
292 3306 331 3367 de
357 3306 469 3368 eadem
503 3307 582 3368 silva
606 3320 638 3368 et
669 3305 808 3387 virgulto
841 3325 897 3388 per
929 3304 1068 3366 eundem
1093 3304 1264 3366 Nicolaum
1290 3323 1420 3387 carpen-

156 3414 274 3476 tatium
300 3413 488 3476 excollenda
512 3427 543 3475 et
567 3411 787 3496 replantanda,
812 3411 900 3474 dedit
928 3413 988 3473 sub
1013 3410 1166 3494 pendenti
1191 3411 1298 3493 sigillo
1323 3412 1419 3494 privi-

156 3520 315 3601 legialiter
343 3519 583 3603 possidendam.

262 3626 339 3689 ltem
366 3627 508 3688 Briccius
533 3626 609 3689 alias
640 3627 778 3710 piscator
809 3625 895 3687 filius
920 3624 1086 3704 lobannis,
1110 3624 1273 3706 quandam
1298 3639 1420 3708 partem

156 3754 213 3795 seu
238 3734 426 3816 porcionem
451 3732 618 3794 cuiusdam
635 3748 717 3794 terre
742 3752 797 3794 sue
824 3732 965 3811 arabilis,
986 3751 1139 3792 unacum
1164 3745 1252 3813 parte
1275 3751 1331 3794 seu
1348 3752 1421 3814 por·

158 3841 251 3902 cione
276 3839 416 3921 quadam
442 3838 548 3900 senilis
572 3840 621 3901 sui
646 3838 686 3901 ad
712 3838 847 3900 eandem
880 3853 1002 3920 partem
1028 3858 1084 3899 seu
1109 3838 1297 3920 porcionem
1322 3839 1422 3919 ipsius

157 3962 240 4009 terre
264 3966 319 4007 sue
344 3945 474 4007 arabilis
498 3946 670 4028 spectantis
694 3965 749 4006 seu
781 3945 980 4027 pertinentis,
1006 3946 1036 4005 in
1063 3964 1178 4026 campo
1203 3959 1313 4006 nostro
1340 3945 1421 4007 inter

157 4067 259 4116 terras
283 4065 313 4113 et
338 4050 447 4113 fertilia
472 4053 511 4113 ab
537 4051 728 4113 occidentali
761 4067 849 4133 parte
882 4051 1026 4112 eiusdem
1051 4051 1166 4113 Briccii
1203 4051 1368 4133 piscatoris
1392 4066 1423 4114 et

157 4161 197 4223 ab
222 4159 371 4222 orientali
395 4173 483 4241 parte
510 4159 678 4220 laurencii
705 4159 870 4236 institoris,
895 4157 1059 4219 cuiusdam
1086 4158 1209 4219 arboris
1232 4158 1422 4220 intermedie

158 4266 309 4328 videlicet
332 4265 485 4328 tribuline
511 4266 609 4347 vulgo
633 4266 708 4346 glog
734 4265 817 4326 dicte
855 4265 1017 4346 utrinque,
1042 4264 1178 4347 desuper
1202 4285 1218 4326 a
1244 4264 1343 4326 fluvio
1360 4265 1421 4326 Ka·

158 4372 330 4435 linowicba
356 4372 441 4434 dicto
467 4385 497 4434 et
522 4368 602 4433 infra
635 4371 800 4452 usquead
834 4371 933 4432 alium
960 4370 1095 4432 fluvium
1128 4371 1280 4455 Zawycza
1312 4371 1423 4453 vulga·

159 4479 234 4541 riter
258 4478 378 4540 dictum
404 4498 437 4540 se
471 4477 680 4555 extendentis,
713 4477 832 4539 directe
864 4492 1006 4560 separate
1041 4492 1071 4538 et
1103 4477 1261 4555 distincte,
1285 4493 1424 4558 quatuor

159 4586 259 4649 dietas
283 4585 509 4647 tantummodo
544 4585 573 4644 in
607 4605 639 4645 se
665 4584 895 4662 continentem,
928 4584 1104 4646 Benedicto
1133 4585 1243 4645 sartori
1270 4583 1337 4645 lilio
1363 4584 1423 4645 Mi·

158 4693 279 4755 chaelis
303 4712 423 4774 genero
448 4712 506 4753 suo
532 4691 664 4753 donavit
682 4706 837 4774 perpetuo
862 4693 921 4752 sub
939 4691 1090 4774 pendenti
1117 4691 1223 4771 sigillo
1240 4690 1424 4773 privilegia·

157 4799 230 4861 liter
254 4798 494 4882 possidendam.
