3142 5356
156 351 213 412 ¹42
684 333 769 388 Anno
793 343 883 407 1427.

282 440 449 446 --.-..-.—
463 440 536 445 ---.
556 439 589 443 —..
607 438 698 443 ——..
803 437 903 442 .--...-—
922 434 1417 442 —..-—-.—l--—.——..-—.--——-

149 545 223 605 dicti
250 543 417 625 freniparis
442 543 596 620 habitam,
614 562 711 603 unam
738 559 882 623 quartam
914 543 944 602 in
972 561 1005 602 se
1023 542 1254 619 continentem,
1278 541 1421 622 provido

150 651 219 710 viro
245 648 382 711 lohanni
408 649 564 729 arcupari,
590 648 713 729 pridem
740 647 854 724 jurato,
888 647 1012 709 concivi
1047 662 1166 724 nostr0,
1192 666 1251 728 pro
1277 645 1418 727 quadam

151 757 325 817 medietate
351 757 515 817 cuiusdam
534 756 660 832 domus,
687 755 777 815 lundi
796 770 826 816 et
843 755 948 815 celarit
974 755 1004 814 in
1023 753 1146 835 prefato
1171 755 1243 814 vico
1269 753 1419 814 exteriori

150 877 296 924 sutorum
323 862 404 922 inter
429 863 544 922 dornos
567 875 598 922 et
613 858 732 922 fundos
753 861 914 921 Valentini
947 859 1059 921 Follen
1086 875 1116 920 et
1142 859 1232 919 Pauli
1258 860 1415 941 sagiparis

150 968 268 1047 habite,
295 989 390 1029 unam
425 983 570 1049 quartam
602 967 828 1028 tantummodo
859 967 888 1026 in
915 987 947 1028 se
973 966 1177 1042 continentis,
1202 981 1233 1026 et
1257 966 1331 1027 aliis
1355 966 1420 1026 suis

149 1076 357 1157 pertinenciis
381 1094 452 1135 cum
487 1075 708 1134 additamento
744 1073 893 1133 undecim
928 1091 1106 1133 marcarum
1131 1071 1339 1132 denariorum
1365 1091 1419 1152 per

150 1182 235 1261 ipsos
260 1181 453 1263 Dyonisium
479 1193 509 1240 et
535 1180 670 1240 Elenam
700 1179 793 1260 plene
827 1179 1076 1260 persolutarum,
1100 1198 1157 1259 per
1181 1178 1317 1239 modurn
1343 1197 1416 1238 con·

149 1288 264 1347 cambii
292 1286 432 1348 dedisset
456 1300 488 1347 et
516 1286 706 1365 assignasset
739 1305 812 1346 curn
846 1285 900 1346 tali
927 1285 1130 1361 condicione,
1163 1285 1252 1365 quod
1278 1283 1417 1366 prelatus

150 1393 312 1454 Johannes
344 1413 479 1474 arcupar
511 1409 541 1452 et
575 1393 674 1474 ipsius
708 1393 811 1452 cuncti
850 1411 1048 1452 successores
1080 1392 1178 1473 ipsius
1210 1391 1329 1452 domus
1361 1411 1415 1472 pro

149 1514 293 1579 tempore
318 1517 526 1580 possessores,
550 1499 686 1578 singulis
708 1499 800 1558 annis
826 1499 855 1557 in
882 1499 991 1577 vigilia
1011 1496 1079 1558 festi
1107 1496 1349 1558 Purificacionis
1365 1498 1414 1556 de·

150 1624 230 1665 cano
255 1605 416 1665 colendini
436 1605 685 1685 presbiterorum
712 1624 768 1685 pro
787 1619 930 1685 tempore
956 1604 1129 1665 constituto
1147 1623 1249 1665 unum
1275 1603 1345 1664 flor.
1364 1616 1414 1662 aut

151 1726 313 1771 monetam
338 1711 377 1770 ad
404 1711 545 1771 valorem
572 1710 666 1769 unius
692 1708 803 1769 floreni
830 1710 904 1770 dare
929 1712 1135 1770 tenebuntur.

256 1818 332 1878 ltem
360 1817 563 1878 medietatem
583 1816 749 1876 cuiusdam
777 1817 892 1876 domus
910 1832 1033 1876 murare
1051 1830 1081 1877 et
1105 1815 1195 1875 fundi
1222 1814 1329 1874 eidem
1347 1814 1411 1874 atti·

151 1924 237 1983 nenti
264 1924 294 1982 in
322 1924 405 1983 dicta
438 1923 564 1983 civitate
591 1922 620 1981 in
647 1923 714 1982 acie
747 1923 828 1982 inter
857 1936 888 1983 ct
912 1942 1010 2003 penes
1041 1923 1174 1982 domum
1201 1920 1329 2000 providi
1358 1920 1409 1978 viri

152 2031 264 2090 Briccii
288 2029 411 2109 pridem
445 2029 537 2107 iurati
562 2027 617 2088 filii
647 2029 810 2089 Benedicti
843 2044 873 2088 et
904 2029 969 2088 vias
1002 2047 1190 2089 communes
1216 2027 1246 2086 in
1274 2027 1408 2106 longitu-

150 2136 225 2195 dine
243 2155 343 2215 usque
364 2133 500 2195 lundum
527 2135 700 2195 liberorum
719 2154 773 2194 seu
791 2154 1008 2194 successorum
1028 2134 1152 2194 Nicolai
1172 2133 1278 2192 Ztrich
1297 2132 1410 2204 habite,

149 2242 206 2300 tria
226 2242 380 2321 quartalia
400 2241 438 2299 ad
465 2260 555 2300 usum
576 2240 675 2322 ipsius
699 2240 834 2300 civitatis
859 2241 888 2300 in
914 2262 946 2299 sc
975 2240 1179 2314 continentis,
1205 2239 1404 2299 medietatem

149 2348 299 2407 videlicet
324 2363 440 2407 rectam
467 2363 496 2406 et
520 2347 680 2427 equalem,
714 2367 809 2406 unam
839 2360 950 2428 utputa
984 2361 1128 2427 quartam
1154 2360 1185 2404 et
1210 2360 1356 2405 octavam
1380 2344 1405 2402 in

151 2474 182 2513 se
209 2455 440 2526 continentem,
465 2473 537 2513 cum
563 2453 627 2513 suis
644 2453 850 2532 pertinenciis
875 2452 1007 2532 provide
1033 2466 1128 2531 atque
1155 2451 1256 2510 nobili
1284 2451 1408 2510 domine

152 2559 249 2619 Elene
276 2561 383 2619 relicte
410 2574 440 2619 et
466 2559 617 2618 Zuzannc
644 2559 750 2639 puelle
787 2556 850 2618 filie
877 2559 954 2634 suis,
979 2578 1015 2617 ex
1041 2554 1209 2618 sufficienti
1236 2557 1336 2636 ipsius
1359 2556 1409 2615 do·

150 2667 235 2726 mine
262 2666 362 2724 Blene
388 2666 660 2743 comprobacione
686 2666 717 2724 in
750 2665 815 2724 alio
840 2666 973 2724 katerno
1006 2678 1116 2724 nostro
1141 2663 1308 2722 communi
1335 2661 1409 2740 judi·

149 2772 220 2832 ciali
247 2772 444 2850 consignata,
469 2773 638 2832 statuimus
664 2786 819 2852 perpetuo
845 2770 1081 2850 possidendam.

256 2879 331 2938 ltem
359 2878 490 2959 provida
517 2879 648 2938 domina
676 2879 772 2938 Lucia
799 2892 921 2953 vocata,
952 2877 1058 2937 relicta
1085 2876 1222 2937 condam
1249 2875 1340 2936 Pauli
1364 2894 1411 2934 su·

151 2985 228 3043 toris
253 2983 308 3043 filii
340 2983 505 3060 iohannis,
524 3004 656 3044 consors
673 2984 751 3043 olim
771 2983 936 3044 Michaelis
960 2983 1076 3043 sutoris
1100 2981 1156 3043 filii
1175 2982 1271 3042 Blasii
1291 2982 1412 3062 pridem

150 3088 311 3164 defuncta,
337 3089 542 3149 medietatem
569 3090 734 3149 cuiusdam
754 3089 870 3150 domus
895 3110 950 3149 sue
976 3102 1006 3150 et
1031 3088 1120 3148 fundi
1147 3090 1228 3148 inter
1253 3088 1369 3148 domos
1386 3100 1414 3146 et

150 3194 267 3254 fundos
292 3195 467 3254 liberorum
494 3195 629 3255 condam
666 3195 792 3255 Andree
827 3195 972 3274 Hungari
1005 3209 1036 3254 et
1060 3194 1189 3255 Thome
1215 3192 1413 3255 Gerdseuich

153 3302 182 3360 in
210 3301 281 3360 vico
307 3314 415 3359 nostro
449 3301 596 3360 exteriori
632 3314 775 3360 sutorum
801 3301 919 3377 habite,
953 3320 1049 3360 unam
1075 3300 1224 3360 videlicet
1257 3315 1415 3374 octavam,

151 3406 250 3485 ipsam
278 3406 425 3486 legaticie
444 3427 459 3465 a
480 3407 623 3485 predicto
642 3407 742 3466 Paulo
767 3420 873 3466 sutore
893 3421 1159 3480 concernentem;
1185 3406 1261 3467 item
1287 3405 1413 3486 providi

149 3512 207 3570 viri
228 3512 423 3572 Benedictus
440 3511 646 3570 lwanltouich
666 3525 695 3571 et
710 3514 854 3571 Andreas
873 3510 1012 3592 frenipar
1030 3512 1239 3572 commissarii
1254 3526 1284 3570 et
1303 3531 1413 3573 execu-

149 3632 232 3676 tores
257 3617 436 3676 testamenti
465 3617 621 3697 prenotati
643 3618 731 3677 Pauli
757 3618 873 3677 sutoris
891 3618 1108 3678 commissaria
1125 3618 1315 3679 auctoritate
1333 3619 1414 3679 eius·

149 3722 221 3783 dem
247 3723 342 3782 aliam
374 3723 579 3782 medictatem
599 3723 741 3783 eiusdem
760 3724 886 3800 domus,
906 3743 1001 3783 unam
1028 3738 1173 3784 octavam
1192 3724 1414 3798 consimiliter,

149 3849 220 3888 curn
246 3830 310 3888 suis
343 3830 549 3909 pertinenciis
582 3830 725 3910 predicto
762 3830 909 3890 Michaeli
947 3830 1045 3890 sutori
1079 3830 1161 3890 dicta
1188 3831 1288 3891 Lucia
1313 3831 1413 3911 ipsam

148 3955 237 3995 suam
273 3937 477 3997 medietatem
511 3936 654 4013 donavit,
687 3951 717 3997 et
749 3937 807 4017 ipsi
841 3938 1051 3998 commissarii
1084 3937 1179 3998 aliam
1207 3937 1412 3999 medietatem

149 4041 253 4100 eidem
270 4041 418 4101 Michaeli
436 4061 492 4122 pro
506 4043 599 4102 certis
613 4043 756 4122 pecuniis
774 4043 989 4103 vendiderunt
1002 4043 1230 4123 possidendam
1245 4056 1412 4124 perpetuo.

254 4147 329 4207 ltem
356 4147 518 4207 lohannes
542 4168 674 4228 arcupar
695 4147 779 4208 filius
806 4150 901 4209 Marci
920 4150 1084 4229 quandam
1109 4150 1235 4209 vineam
1261 4149 1293 4209 in
1319 4149 1410 4210 terri·

148 4255 231 4314 torio
257 4254 392 4314 civitatis
418 4254 498 4312 inter
523 4254 630 4312 vineas
664 4253 816 4335 Stephani
842 4254 936 4333 jurati
969 4253 1026 4315 filii
1052 4253 1200 4335 Gregorii
1226 4268 1258 4316 et
1283 4255 1409 4316 Martini

148 4361 301 4440 sagiparis
325 4373 507 4419 nostrorum
533 4360 715 4420 concivium
750 4361 901 4435 habitam,
927 4381 1042 4442 asuper
1067 4361 1116 4420 via
1141 4361 1308 4421 communi
1333 4359 1410 4422 infra

149 4483 249 4544 usque
274 4465 412 4524 rivulum
439 4465 583 4544 predicto
602 4466 765 4545 Stephano
791 4464 859 4526 filio
878 4466 1025 4546 Gregorii
1053 4486 1110 4547 pro
1128 4465 1241 4546 viginti
1266 4467 1409 4547 quinque

148 4571 261 4630 marcis
286 4570 490 4630 denariorum
517 4571 661 4631 vendidit
689 4587 845 4652 perpetuo
873 4572 1110 4653 possidendam.

254 4675 330 4736 ltem
356 4675 523 4736 Ladislaus
547 4691 577 4736 et
595 4677 747 4738 Clemens
771 4676 827 4737 filii
854 4679 991 4739 condam
1010 4679 1093 4739 Petri
1116 4676 1272 4742 carnificis
1291 4678 1408 4742 medie-

148 4793 243 4840 tatem
270 4781 437 4841 cuiusdam
463 4781 554 4842 vinee
581 4783 611 4842 in
637 4784 797 4844 territorio
830 4785 967 4846 civitatis
994 4785 1076 4847 inter
1101 4785 1210 4846 vineas
1234 4785 1408 4848 liberorum
