3142 5356
224 312 287 374 204
756 296 958 370 Ann01430.

220 505 342 583 stentis,
366 505 511 566 mediam
529 505 560 565 in
588 517 657 566 toto
674 505 795 566 curiam
821 506 860 566 ad
877 524 970 566 usum
990 504 1127 565 civitatis
1144 501 1265 585 prefate
1284 503 1316 563 in
1342 523 1375 563 se
1393 503 1494 563 conti-

223 612 337 688 nentis,
357 630 454 672 unam
477 610 627 672 videlicet
644 625 789 691 quartam
808 626 926 672 rectam
945 625 976 671 et
993 610 1141 690 equalem
1160 609 1242 670 inse
1261 608 1494 686 continentem,

222 737 284 798 que
318 718 456 779 condam
483 716 613 799 Mathcy
646 715 704 777 filii
738 716 972 778 Chwethlronis
1005 714 1177 797 prefuerat,
1209 714 1413 794 Margarethe
1438 734 1493 775 sue

226 823 334 883 relicte
360 838 406 883 est
430 835 545 883 statuta
570 841 608 882 err
632 822 800 902 legacione
834 822 934 904 ipsius
960 821 1089 903 Mathye
1125 820 1230 882 mariti
1255 820 1304 882 sui
1330 818 1398 899 jure
1423 840 1493 901 per·

222 927 352 988 hennali
379 927 592 1008 possidenda;
609 927 701 988 cuius
719 928 835 989 domus
852 928 949 988 aliam
967 927 1122 988 directam
1147 941 1178 987 et
1202 927 1352 1007 equalem
1370 927 1492 986 medie·

220 1048 330 1112 tatem,
356 1033 513 1115 fundique
540 1049 570 1095 et
594 1035 703 1095 celarii
729 1055 764 1095 ac
791 1033 1026 1112 hedificiorum,
1053 1054 1150 1094 unam
1168 1034 1381 1094 consimiliter
1398 1053 1492 1114 quar-

221 1155 297 1216 tam,
324 1140 518 1201 Dominicus
544 1140 746 1222 Marscthych
774 1155 805 1202 et
823 1141 996 1202 Scolastica
1021 1161 1077 1201 sua
1102 1160 1193 1201 soror
1216 1141 1341 1202 uterina
1365 1160 1382 1198 a
1408 1141 1492 1201 Luca

220 1265 331 1307 socero
357 1247 456 1328 ipsius
482 1247 611 1330 Mathye
636 1246 811 1308 literatorie
836 1247 1048 1308 dinoscuntur
1082 1246 1256 1328 possidere.
1281 1244 1360 1306 ltem
1386 1246 1488 1306 eciam

221 1353 377 1414 medietas
402 1353 570 1414 cuiusdam
595 1354 688 1414 vinee
722 1354 956 1415 condicionalis
981 1355 1013 1415 in
1038 1354 1200 1415 territorio
1224 1354 1362 1415 civitatis
1386 1372 1486 1435 prope

222 1458 318 1519 silvas
343 1478 399 1519 seu
423 1459 560 1539 virgulta
587 1459 724 1521 civitatis
749 1461 780 1521 in
806 1462 971 1522 montibus
1004 1460 1149 1522 eiusdem
1174 1459 1322 1538 civitatis,
1348 1459 1430 1520 inter
1448 1461 1491 1520 vi·

224 1583 298 1624 neas
324 1564 456 1625 Fabiani
483 1565 675 1646 carpentarii
700 1581 730 1626 et
759 1579 865 1626 nostre
896 1565 1140 1627 communitatis
1163 1565 1203 1626 ab
1230 1585 1290 1625 una
1324 1579 1426 1646 parte,
1451 1567 1489 1626 ab

220 1670 318 1731 altera
343 1691 420 1731 vero
447 1671 530 1732 iuter
554 1671 664 1732 vineas
688 1673 828 1733 desertas
851 1692 907 1733 seu
944 1673 974 1732 in
1000 1671 1096 1732 silvas
1121 1671 1264 1732 redactas
1288 1690 1325 1732 ac
1349 1672 1486 1752 virgulta

220 1777 320 1857 ipsius
345 1791 451 1838 nostre
476 1778 717 1839 communitatis
742 1778 849 1841 habite
880 1794 914 1839 et
939 1779 1114 1856 existentis,
1140 1778 1278 1860 desuper
1300 1799 1319 1839 a
1344 1780 1486 1860 quodam

220 1881 350 1961 fossatu,
377 1882 459 1944 inlra
484 1903 586 1964 usque
612 1884 752 1945 rivulum
785 1885 953 1966 antiquam
980 1904 1011 1945 se
1045 1885 1257 1963 extendentis,
1281 1885 1486 1947 medietatem

219 2002 254 2049 ut
278 1989 455 2068 predicitur
481 1990 580 2073 ipsius
596 1991 691 2052 vinee
714 1991 948 2052 condicionalis
964 2003 996 2052 et
1011 1991 1153 2072 virgulti,
1171 1991 1374 2072 aliarumque
1391 2011 1483 2052 cunc·

219 2108 323 2156 tarum
349 2095 493 2158 eiusdem
518 2097 611 2158 vinee
635 2097 869 2158 condicionalis
893 2097 1176 2179 pertinenciarum,
1205 2097 1311 2158 eidem
1337 2098 1420 2158 inter
1442 2098 1485 2157 di·

220 2215 320 2262 rectas
344 2222 416 2262 suas
434 2203 576 2263 vineales
601 2218 701 2265 metas
725 2205 784 2265 sub
809 2217 840 2265 et
859 2203 1147 2285 superjacencium,
1172 2217 1256 2264 recta
1280 2203 1432 2265 videlicet
1456 2217 1483 2263 et

183 2332 185 2336 ·
220 2307 354 2389 equalis,
379 2308 490 2389 porcio
515 2308 635 2370 scilicet
660 2309 736 2370 dicti
762 2309 903 2392 Mathye,
938 2330 1010 2370 cum
1035 2310 1100 2371 suis
1124 2309 1333 2392 pertinenciis
1357 2324 1388 2369 et
1412 2329 1480 2371 cum

220 2413 446 2493 persolucione
473 2413 585 2494 viginti
611 2415 756 2496 quinque
787 2415 994 2476 denariorum
1019 2435 1078 2497 pro
1111 2429 1257 2496 tempore
1283 2416 1481 2476 currencium

219 2518 257 2577 ad
284 2519 473 2580 comitatum
498 2533 643 2580 nostrum
677 2540 885 2582 communem
918 2541 1044 2603 semper
1069 2521 1234 2582 annuatim
1268 2535 1343 2582 ante
1377 2521 1482 2582 vinde·

219 2624 315 2684 miam
335 2622 624 2706 persolvendorum
643 2626 818 2689 literatorie
843 2641 889 2688 est
913 2641 1029 2688 statuta
1046 2627 1252 2709 perhenniter
1270 2626 1482 2708 possidenda;

219 2731 309 2792 cuius
334 2733 426 2793 vinee
453 2733 549 2793 aliam
575 2733 781 2795 medietatem
815 2749 932 2795 rectam
966 2747 996 2794 et
1020 2733 1180 2814 equalem,
1214 2752 1287 2794 cum
1312 2732 1480 2793 medietate

218 2837 296 2897 silve
321 2857 415 2919 supra
440 2838 576 2899 eandem
602 2840 764 2900 existentis
781 2855 811 2900 et
835 2860 907 2900 cum
933 2839 1105 2900 medietate
1130 2838 1261 2919 virgulti
1286 2842 1347 2900 sub
1373 2839 1480 2899 eadem

218 2943 281 3020 siti,
305 2964 362 3024 per
386 2958 487 3004 certas
511 2959 612 3006 metas
637 2946 668 3005 in
686 2946 786 3006 literis
810 2966 983 3027 expressas,
1008 2958 1129 3005 etcum
1154 2945 1382 3026 persolucione
1399 2944 1479 3005 simi·

219 3048 291 3109 liter
315 3049 426 3130 viginti
453 3050 596 3130 quinque
623 3052 827 3112 denariorum
853 3071 911 3133 pro
940 3065 1084 3132 tempore
1109 3049 1310 3112 currentium
1336 3051 1478 3112 similiter

219 3154 259 3214 ad
284 3155 471 3215 comitatum
491 3170 634 3216 nostrum
652 3157 831 3238 predictum
856 3176 1063 3218 communem
1081 3176 1208 3237 semper
1224 3157 1391 3217 annuatim
1411 3170 1476 3218 ante

217 3261 414 3322 vindemiam
425 3262 984 3345 persolvendorumperpossessores
996 3262 1476 3344 eiusdem,Dominicusjuratus

218 3382 248 3429 et
262 3369 434 3429 Scolastica
449 3388 505 3428 sua
525 3389 614 3429 soror
632 3370 745 3430 aLuca
763 3370 905 3452 predicto
923 3370 1072 3450 legaticio
1090 3369 1157 3450 jure
1176 3369 1350 3429 literatorie
1372 3369 1475 3429 dinos-

219 3489 333 3534 cuntur
358 3474 530 3555 possidere,
549 3494 628 3553 quas
652 3474 801 3537 videlicet
819 3477 952 3537 domum
970 3490 1001 3537 et
1018 3476 1144 3536 vineam
1167 3473 1251 3535 dicte
1268 3486 1374 3554 partes
1398 3475 1475 3555 juxta

220 3595 367 3640 contenta
386 3580 548 3639 literarum
569 3581 650 3641 inter
674 3602 707 3641 se
725 3582 902 3644 diviserunt
925 3595 1080 3663 perpetuo
1107 3581 1188 3641 inter
1212 3600 1244 3640 se
1260 3580 1475 3662 possidendas.
