3142 5356
517 492 717 569 Ann01492.
744 526 784 534 —
806 503 834 568 7.
859 494 987 568 augusti.
1340 492 1379 575 83

151 593 800 606 Q———ss-——-„..———-.-

1010 601 1380 609 -—..-.....—-———-

148 715 210 779 runt,
230 704 313 784 quod
338 704 407 786 ipse
431 704 588 766 Martinus
613 704 824 790 Dwmowych
856 707 896 767 ad
920 704 1032 768 feriam
1057 718 1177 767 sextam
1202 707 1380 787 proximam

148 804 170 865 in
191 828 233 870 ara
254 827 360 872 sancte
379 811 494 873 Crucis
518 810 648 872 habebit
665 811 769 890 jurare
787 813 875 893 quod
894 813 962 893 ipse
979 811 1117 873 eundem
1143 814 1258 873 bovem
1277 833 1382 889 suum,

148 930 221 991 quem
241 918 319 978 inter
343 938 474 998 gregem
510 918 609 998 ipsius
641 918 726 978 Luce
759 933 964 998 cognoverat,
997 933 1091 1000 prout
1118 931 1213 978 testes
1237 919 1381 979 eiusdem

148 1017 332 1099 deposuerunt
366 1037 397 1085 et
430 1039 463 1084 ut
504 1026 685 1084 continetur
719 1026 749 1085 in
786 1024 1031 1105 adjudicucione
1056 1023 1244 1105 juratorum,
1276 1025 1380 1086 eidem

149 1120 213 1186 luce
238 1149 297 1190 non
331 1129 454 1189 dixerat
482 1130 521 1189 ad
555 1130 717 1210 quandam
753 1131 886 1191 domum
914 1132 966 1192 ubi
1001 1132 1067 1212 ipse
1091 1131 1193 1192 Lucas
1223 1133 1383 1193 asserebat

149 1230 293 1313 recludere,
318 1237 344 1295 si
369 1235 497 1315 jurabit,
531 1251 645 1297 extunc
680 1237 745 1317 ipse
780 1238 883 1298 lucas
907 1238 1011 1299 eidem
1044 1237 1164 1298 dictum
1190 1239 1305 1299 bovem
1331 1258 1381 1298 ex·

147 1335 243 1402 solvere
266 1343 409 1424 plenarie
427 1343 558 1404 debebit
576 1344 686 1423 quanti
706 1343 844 1404 eundem
863 1358 994 1420 emerat,
1019 1358 1049 1403 et
1072 1343 1096 1403 si
1124 1343 1208 1403 idem
1227 1344 1383 1405 Martinus

150 1437 251 1508 habebit
272 1449 495 1510 testimonium
528 1468 635 1509 coram
668 1449 786 1529 quibus
817 1451 956 1510 eundem
988 1450 1076 1527 emit,
1104 1463 1218 1509 extunc
1242 1450 1380 1511 eundem

148 1547 260 1614 valorem
283 1555 345 1615 sibi
372 1553 447 1615 dare
473 1568 503 1615 et
527 1555 690 1615 exsolvere
717 1555 783 1636 ipse
815 1555 917 1616 Lucas
950 1555 1080 1616 debebit
1105 1555 1181 1615 dum
1208 1568 1303 1616 testes
1327 1556 1380 1616 de·

150 1670 242 1731 ponent
272 1661 373 1743 ipsius
406 1660 633 1742 Dwmowych;
659 1662 681 1721 si
718 1681 793 1721 vero
825 1661 1044 1722 testimonium
1079 1661 1145 1742 ipse
1171 1661 1380 1745 Dwmowych

152 1764 357 1828 nonhabuerit
381 1786 489 1827 coram
514 1767 632 1847 quibus
666 1767 805 1827 eundem
839 1770 954 1829 bovem
980 1782 1110 1845 emerat,
1143 1781 1258 1829 extunc
1283 1769 1380 1829 simili

153 1870 226 1932 modo
247 1874 358 1935 eodem
384 1873 436 1934 die
468 1873 598 1934 habebit
620 1874 723 1954 jurare
752 1875 862 1954 quanti
895 1875 1034 1935 eundem
1067 1888 1197 1950 emerat,
1222 1888 1297 1935 tunc
1321 1875 1380 1935 sibi

152 1970 260 2050 plenarie
282 1981 350 2063 ipse
377 1981 480 2041 Lucas
505 1980 668 2040 exsolvere
693 1980 834 2058 habebit,
860 1994 890 2041 et
914 1981 1063 2061 quitquid
1089 1982 1129 2041 ab
1155 1981 1211 2041 illo
1236 1996 1380 2062 tempore

152 2083 386 2156 proclamaciouis
411 2107 512 2168 usque
538 2087 569 2147 in
587 2085 779 2148 hodiernum
798 2087 883 2148 diem
909 2088 974 2168 ipse
993 2087 1148 2148 Martinus
1172 2086 1380 2169 Dwmowych

154 2182 252 2270 dampni
273 2214 385 2275 passus
409 2207 455 2254 est
487 2208 516 2254 et
548 2193 698 2254 sustinuit
719 2193 750 2253 in
783 2194 897 2254 eodem
932 2195 1024 2271 bove,
1059 2193 1174 2253 eodem
1201 2192 1252 2253 die
1276 2192 1380 2274 jurare

155 2286 253 2360 habebit
273 2317 302 2363 et
333 2303 402 2383 ipse
428 2302 531 2362 Lucas
562 2301 704 2383 plenarie
737 2301 797 2361 sibi
830 2302 992 2362 exsolvere
1026 2301 1156 2362 debebit
1189 2301 1264 2381 quia
1290 2316 1381 2362 etex

154 2412 202 2473 quo
220 2404 276 2486 ipse
302 2409 405 2470 Lucas
431 2423 502 2490 post
519 2408 774 2490 appellacionem
794 2409 832 2468 ad
858 2408 999 2468 seniores
1016 2407 1143 2489 tepidus
1167 2423 1197 2468 et
1215 2408 1382 2489 negligens

156 2496 200 2564 luit
218 2528 397 2596 congregare
430 2515 572 2575 seniores
604 2514 726 2593 judices
758 2529 792 2575 ut
824 2514 925 2596 ipsam
959 2533 1085 2575 causam
1111 2513 1248 2574 finaliter
1272 2514 1379 2574 termi-

156 2622 261 2696 nassent,
282 2623 323 2682 ob
348 2620 410 2682 hoc
434 2621 500 2702 ipse
519 2620 623 2680 eidem
650 2621 826 2702 dampnum
844 2621 968 2681 solvere
986 2637 1057 2702 post
1081 2619 1295 2700 juramentum
1314 2620 1380 2702 ple·

156 2715 220 2776 uarie
239 2723 378 2802 debebit;
403 2726 442 2786 de
467 2745 531 2807 qua
555 2725 798 2807 adjudicacione
823 2728 915 2787 ambe
940 2741 1046 2808 partes
1068 2740 1217 2788 contente
1241 2740 1323 2789 sunt.

319 2962 416 3035 Feria
446 2969 554 3037 tercia
609 2976 687 3035 ante
726 2965 846 3035 testum
875 2963 964 3035 beati
993 2963 1175 3038 laurencii.

647 3133 691 3213 (7.
715 3137 857 3214 arefasti).

233 3288 299 3354 ltem
335 3293 424 3354 Elias
459 3291 599 3375 frenipar
634 3293 673 3353 ad
710 3293 849 3375 primum
881 3293 1036 3374 judicium
1069 3313 1239 3355 occurrens
1270 3310 1380 3358 contra

154 3371 257 3457 Paulum
273 3399 403 3460 Thislar
420 3398 550 3460 habebit
567 3399 744 3481 producere
766 3400 997 3475 testimonium,
1016 3414 1047 3462 et
1064 3401 1131 3481 ipse
1151 3402 1268 3462 Paulus
1285 3423 1380 3463 econ·

153 3496 222 3555 verso
241 3520 344 3568 eontra
370 3505 473 3587 ipsum
500 3506 615 3568 Ellam.
1398 3493 1400 3496 ’

232 3624 299 3690 Item
325 3631 365 3690 ad
391 3630 532 3711 primum
559 3630 713 3708 judicium
739 3632 869 3692 habebit
895 3631 982 3713 Synlt
1003 3632 1147 3692 literatus
1171 3646 1279 3693 contra
1298 3635 1380 3695 Mar-

150 3707 229 3790 tinum
255 3736 463 3820 lakchcwych
495 3737 717 3798 testimonium
754 3758 790 3799 ex
823 3753 911 3819 parte
943 3738 1180 3799 vulneracionis
1213 3739 1379 3801 cuiusdam

152 3811 221 3892 b⁰ll⁸
240 3841 422 3920 producere.

163 4044 167 4054 Ι
232 3961 300 4027 ltem
326 3985 455 4027 causam
474 3967 555 4027 inter
580 3967 767 4048 Synlconem
784 3969 944 4030 literatum
964 3983 994 4028 et
1011 3969 1211 4030 Anthonium
1233 3971 1381 4033 similiter

152 4040 279 4133 literatum
303 4073 434 4134 racione
459 4073 624 4134 cuiusdam
650 4074 794 4156 dampni,
819 4075 885 4156 ipse
917 4075 1099 4136 Anthonius
1124 4076 1267 4137 literatus
1292 4077 1381 4157 juxta

153 4167 384 4240 con⁸letudinem
410 4178 546 4239 civitatis
570 4199 602 4239 se
627 4179 747 4258 judicio
775 4182 922 4242 submisit
948 4183 1123 4262 prorogari.

232 4279 300 4346 ltem
324 4284 503 4347 Valenthelt
528 4300 637 4346 contra
663 4287 841 4348 Fabianum
860 4288 1031 4368 pellificem
1056 4289 1161 4369 primo
1187 4289 1299 4350 citatus
1316 4310 1381 4351 non

155 4381 308 4460 munerun.

234 4508 300 4576 ltem
326 4535 421 4577 causa
446 4515 528 4577 inter
553 4517 722 4578 Nicolaum
749 4517 903 4578 Horwarh
936 4533 965 4578 et
995 4519 1136 4580 Blasium
1168 4520 1314 4598 Nesthin,
1339 4521 1380 4581 ci-

155 4602 220 4669 racio
239 4621 342 4697 prima.

236 4737 304 4806 ltem
328 4745 501 4807 Miltulicza
519 4761 628 4807 contra
648 4748 766 4808 Lucam
789 4763 930 4810 sutorem
950 4751 979 4809 in
999 4750 1138 4829 quadam
1158 4771 1250 4811 causa
1269 4770 1380 4811 eorum

155 4828 187 4891 'd
206 4843 324 4918 primum
349 4850 504 4932 judicium
530 4851 660 4914 habebit
686 4855 861 4934 producere
886 4857 1117 4916 testimonium.

237 4949 331 5020 Causa
354 4959 438 5021 inter
455 4958 589 5020 Elenam
609 4979 741 5021 uxorem
760 4962 849 5022 l'auli
876 4962 1032 5024 Horwatb
1049 4979 1079 5024 et
1097 4963 1240 5025 relictam
1267 4964 1387 5027 lelicza

1290 5071 1306 5101 2
