<?xml version="1.0" encoding="UTF-8"?>
<!DOCTYPE html PUBLIC "-//W3C//DTD XHTML 1.0 Transitional//EN"
    "http://www.w3.org/TR/xhtml1/DTD/xhtml1-transitional.dtd">
<html xmlns="http://www.w3.org/1999/xhtml" xml:lang="en" lang="en">
 <head>
  <title>
</title>
<meta http-equiv="Content-Type" content="text/html;charset=utf-8" />
  <meta name='ocr-system' content='tesseract 3.04.00' />
  <meta name='ocr-capabilities' content='ocr_page ocr_carea ocr_par ocr_line ocrx_word'/>
</head>
<body>
  <div class='ocr_page' id='page_1' title='image "./monumentahistor17laszgoog_0509.png"; bbox 0 0 3142 5356; ppageno 0'>
   <div class='ocr_carea' id='block_1_1' title="bbox 245 340 970 422">
    <p class='ocr_par' dir='ltr' id='par_1_1' title="bbox 245 340 970 422">
     <span class='ocr_line' id='line_1_1' title="bbox 245 340 970 422; baseline -0.004 -20"><span class='ocrx_word' id='word_1_1' title='bbox 245 360 304 422; x_wconf 86' lang='lat'>¹3⁰</span> <span class='ocrx_word' id='word_1_2' title='bbox 769 340 856 397; x_wconf 84' lang='lat' dir='ltr'>Anno</span> <span class='ocrx_word' id='word_1_3' title='bbox 879 352 970 416; x_wconf 71' lang='lat'>1427.</span> 
     </span>
    </p>
   </div>
   <div class='ocr_carea' id='block_1_2' title="bbox 240 445 1491 456">
    <p class='ocr_par' dir='ltr' id='par_1_2' title="bbox 240 445 1491 456">
     <span class='ocr_line' id='line_1_2' title="bbox 240 445 1491 456; baseline -0.004 0"><span class='ocrx_word' id='word_1_4' title='bbox 240 448 309 456; x_wconf 83' lang='lat'>—</span> <span class='ocrx_word' id='word_1_5' title='bbox 329 447 705 455; x_wconf 79' lang='lat'>—.-..—-..—..---—---</span> <span class='ocrx_word' id='word_1_6' title='bbox 774 447 781 451; x_wconf 89' lang='lat'>.</span> <span class='ocrx_word' id='word_1_7' title='bbox 817 446 888 452; x_wconf 83' lang='lat'>—.—</span> <span class='ocrx_word' id='word_1_8' title='bbox 916 446 1028 452; x_wconf 83' lang='lat'>—.-——</span> <span class='ocrx_word' id='word_1_9' title='bbox 1054 447 1069 450; x_wconf 91' lang='lat'><em>-</em></span> <span class='ocrx_word' id='word_1_10' title='bbox 1091 446 1118 451; x_wconf 83' lang='grc'><strong>-</strong></span> <span class='ocrx_word' id='word_1_11' title='bbox 1144 447 1158 451; x_wconf 89' lang='grc'>-.</span> <span class='ocrx_word' id='word_1_12' title='bbox 1181 445 1491 453; x_wconf 70' lang='lat'><strong>—.-.——-———·——</strong></span> 
     </span>
    </p>
   </div>
   <div class='ocr_carea' id='block_1_3' title="bbox 1516 431 1563 445">
    <p class='ocr_par' dir='ltr' id='par_1_3' title="bbox 1516 431 1563 445">
     <span class='ocr_line' id='line_1_3' title="bbox 1516 431 1563 445; baseline 0 -2"><span class='ocrx_word' id='word_1_13' title='bbox 1516 431 1563 445; x_wconf 53' lang='lat' dir='ltr'><em>l</em></span> 
     </span>
    </p>
   </div>
   <div class='ocr_carea' id='block_1_4' title="bbox 240 549 1563 4877">
    <p class='ocr_par' dir='ltr' id='par_1_4' title="bbox 240 549 1563 1913">
     <span class='ocr_line' id='line_1_4' title="bbox 240 549 1559 634; baseline -0.004 -20"><span class='ocrx_word' id='word_1_14' title='bbox 240 552 426 614; x_wconf 88' lang='lat' dir='ltr'>eorumdem</span> <span class='ocrx_word' id='word_1_15' title='bbox 452 551 624 634; x_wconf 85' lang='lat' dir='ltr'>superinde</span> <span class='ocrx_word' id='word_1_16' title='bbox 649 549 802 612; x_wconf 86' lang='lat' dir='ltr'>conlectis</span> <span class='ocrx_word' id='word_1_17' title='bbox 833 551 974 612; x_wconf 87' lang='lat' dir='ltr'>vidimus</span> <span class='ocrx_word' id='word_1_18' title='bbox 998 551 1175 627; x_wconf 90' lang='lat' dir='ltr'>contineri;</span> <span class='ocrx_word' id='word_1_19' title='bbox 1201 552 1390 633; x_wconf 83' lang='lat' dir='ltr'>porcionem</span> <span class='ocrx_word' id='word_1_20' title='bbox 1416 549 1559 610; x_wconf 63' lang='lat' dir='ltr'>vide-2</span> 
     </span>
     <span class='ocr_line' id='line_1_5' title="bbox 241 657 1563 740; baseline -0.006 -20"><span class='ocrx_word' id='word_1_21' title='bbox 241 659 315 720; x_wconf 93' lang='lat' dir='ltr'>licet</span> <span class='ocrx_word' id='word_1_22' title='bbox 339 659 439 740; x_wconf 88' lang='lat' dir='ltr'>ipsius</span> <span class='ocrx_word' id='word_1_23' title='bbox 463 657 555 719; x_wconf 78' lang='lat' dir='ltr'>fundi</span> <span class='ocrx_word' id='word_1_24' title='bbox 572 657 798 720; x_wconf 88' lang='lat' dir='ltr'>tantummodo</span> <span class='ocrx_word' id='word_1_25' title='bbox 816 657 1020 736; x_wconf 89' lang='lat' dir='ltr'>anteriorem,</span> <span class='ocrx_word' id='word_1_26' title='bbox 1045 677 1062 718; x_wconf 90' lang='lat' dir='ltr'>a</span> <span class='ocrx_word' id='word_1_27' title='bbox 1087 671 1174 738; x_wconf 91' lang='lat' dir='ltr'>parte</span> <span class='ocrx_word' id='word_1_28' title='bbox 1199 657 1350 719; x_wconf 91' lang='lat' dir='ltr'>videlicet</span> <span class='ocrx_word' id='word_1_29' title='bbox 1376 658 1563 718; x_wconf 81' lang='lat' dir='ltr'>vieseu1</span> 
     </span>
     <span class='ocr_line' id='line_1_6' title="bbox 242 763 1563 846; baseline -0.008 -20"><span class='ocrx_word' id='word_1_30' title='bbox 242 766 345 846; x_wconf 86' lang='lat' dir='ltr'>platee</span> <span class='ocrx_word' id='word_1_31' title='bbox 362 765 546 826; x_wconf 90' lang='lat' dir='ltr'>communis</span> <span class='ocrx_word' id='word_1_32' title='bbox 570 764 767 841; x_wconf 81' lang='lat' dir='ltr'>existentem,</span> <span class='ocrx_word' id='word_1_33' title='bbox 786 783 883 824; x_wconf 91' lang='lat' dir='ltr'>unam</span> <span class='ocrx_word' id='word_1_34' title='bbox 908 763 1115 824; x_wconf 86' lang='lat' dir='ltr'>solummodo</span> <span class='ocrx_word' id='word_1_35' title='bbox 1131 776 1277 825; x_wconf 87' lang='lat' dir='ltr'>octavam</span> <span class='ocrx_word' id='word_1_36' title='bbox 1304 765 1390 826; x_wconf 90' lang='lat' dir='ltr'>curie</span> <span class='ocrx_word' id='word_1_37' title='bbox 1415 764 1444 824; x_wconf 90' lang='lat' dir='ltr'>in</span> <span class='ocrx_word' id='word_1_38' title='bbox 1470 783 1498 822; x_wconf 87' lang='lat' dir='ltr'>se</span> <span class='ocrx_word' id='word_1_39' title='bbox 1521 775 1563 816; x_wconf 67' lang='grc' dir='ltr'>ε</span> 
     </span>
     <span class='ocr_line' id='line_1_7' title="bbox 240 868 1563 951; baseline -0.003 -18"><span class='ocrx_word' id='word_1_40' title='bbox 240 871 422 948; x_wconf 78' lang='lat' dir='ltr'>habentem,</span> <span class='ocrx_word' id='word_1_41' title='bbox 448 871 478 930; x_wconf 92' lang='lat' dir='ltr'>in</span> <span class='ocrx_word' id='word_1_42' title='bbox 505 889 570 951; x_wconf 91' lang='lat' dir='ltr'>quo</span> <span class='ocrx_word' id='word_1_43' title='bbox 595 868 696 931; x_wconf 82' lang='lat' dir='ltr'>fundo</span> <span class='ocrx_word' id='word_1_44' title='bbox 715 870 810 931; x_wconf 89' lang='lat' dir='ltr'>unius</span> <span class='ocrx_word' id='word_1_45' title='bbox 833 883 946 931; x_wconf 86' lang='lat' dir='ltr'>octave</span> <span class='ocrx_word' id='word_1_46' title='bbox 971 890 1057 931; x_wconf 92' lang='lat' dir='ltr'>nunc</span> <span class='ocrx_word' id='word_1_47' title='bbox 1074 869 1157 931; x_wconf 88' lang='lat' dir='ltr'>loret</span> <span class='ocrx_word' id='word_1_48' title='bbox 1180 889 1243 931; x_wconf 90' lang='lat' dir='ltr'>una</span> <span class='ocrx_word' id='word_1_49' title='bbox 1268 871 1368 931; x_wconf 91' lang='lat' dir='ltr'>stacio</span> <span class='ocrx_word' id='word_1_50' title='bbox 1386 870 1498 949; x_wconf 87' lang='lat' dir='ltr'>lignea,</span> <span class='ocrx_word' id='word_1_51' title='bbox 1530 911 1563 939; x_wconf 57' lang='grc' dir='ltr'><em>ς</em></span> 
     </span>
     <span class='ocr_line' id='line_1_8' title="bbox 240 974 1563 1058; baseline -0.002 -21"><span class='ocrx_word' id='word_1_52' title='bbox 240 977 391 1039; x_wconf 88' lang='lat' dir='ltr'>videlicet</span> <span class='ocrx_word' id='word_1_53' title='bbox 415 977 601 1058; x_wconf 89' lang='lat' dir='ltr'>quindecim</span> <span class='ocrx_word' id='word_1_54' title='bbox 627 975 753 1037; x_wconf 90' lang='lat' dir='ltr'>brachia</span> <span class='ocrx_word' id='word_1_55' title='bbox 781 974 882 1037; x_wconf 82' lang='lat' dir='ltr'>ferrea</span> <span class='ocrx_word' id='word_1_56' title='bbox 900 976 931 1037; x_wconf 94' lang='lat' dir='ltr'>in</span> <span class='ocrx_word' id='word_1_57' title='bbox 957 976 1172 1057; x_wconf 75' lang='lat' dir='ltr'>longitudine,</span> <span class='ocrx_word' id='word_1_58' title='bbox 1200 977 1346 1057; x_wconf 90' lang='lat' dir='ltr'>quinque</span> <span class='ocrx_word' id='word_1_59' title='bbox 1371 994 1448 1036; x_wconf 89' lang='lat' dir='ltr'>vero</span> <span class='ocrx_word' id='word_1_60' title='bbox 1471 976 1499 1035; x_wconf 91' lang='lat' dir='ltr'>in</span> <span class='ocrx_word' id='word_1_61' title='bbox 1536 990 1563 1029; x_wconf 77' lang='grc' dir='ltr'><strong><em>ι</em></strong></span> 
     </span>
     <span class='ocr_line' id='line_1_9' title="bbox 242 1083 1563 1163; baseline -0.004 -19"><span class='ocrx_word' id='word_1_62' title='bbox 242 1083 411 1146; x_wconf 89' lang='lat' dir='ltr'>latitudine</span> <span class='ocrx_word' id='word_1_63' title='bbox 436 1083 544 1144; x_wconf 90' lang='lat' dir='ltr'>minus</span> <span class='ocrx_word' id='word_1_64' title='bbox 568 1103 633 1144; x_wconf 91' lang='lat' dir='ltr'>uno</span> <span class='ocrx_word' id='word_1_65' title='bbox 658 1083 795 1163; x_wconf 92' lang='lat' dir='ltr'>quartali</span> <span class='ocrx_word' id='word_1_66' title='bbox 827 1084 1054 1144; x_wconf 89' lang='lat' dir='ltr'>tantummodo</span> <span class='ocrx_word' id='word_1_67' title='bbox 1080 1084 1111 1144; x_wconf 94' lang='lat' dir='ltr'>in</span> <span class='ocrx_word' id='word_1_68' title='bbox 1136 1103 1168 1144; x_wconf 88' lang='lat' dir='ltr'>se</span> <span class='ocrx_word' id='word_1_69' title='bbox 1193 1085 1364 1145; x_wconf 90' lang='lat' dir='ltr'>continens</span> <span class='ocrx_word' id='word_1_70' title='bbox 1388 1098 1419 1144; x_wconf 91' lang='lat' dir='ltr'>et</span> <span class='ocrx_word' id='word_1_71' title='bbox 1440 1102 1501 1143; x_wconf 93' lang='lat' dir='ltr'>non</span> <span class='ocrx_word' id='word_1_72' title='bbox 1534 1098 1563 1139; x_wconf 80' lang='grc' dir='ltr'>ι</span> 
     </span>
     <span class='ocr_line' id='line_1_10' title="bbox 241 1189 1563 1268; baseline -0.005 -16"><span class='ocrx_word' id='word_1_73' title='bbox 241 1191 333 1268; x_wconf 87' lang='lat' dir='ltr'>ultra,</span> <span class='ocrx_word' id='word_1_74' title='bbox 358 1189 455 1251; x_wconf 91' lang='lat' dir='ltr'>simul</span> <span class='ocrx_word' id='word_1_75' title='bbox 480 1209 553 1251; x_wconf 88' lang='lat' dir='ltr'>cum</span> <span class='ocrx_word' id='word_1_76' title='bbox 578 1189 731 1251; x_wconf 91' lang='lat' dir='ltr'>omnibus</span> <span class='ocrx_word' id='word_1_77' title='bbox 758 1189 824 1250; x_wconf 90' lang='lat' dir='ltr'>suis</span> <span class='ocrx_word' id='word_1_78' title='bbox 858 1189 1051 1251; x_wconf 85' lang='lat' dir='ltr'>utilitatibus</span> <span class='ocrx_word' id='word_1_79' title='bbox 1076 1210 1111 1251; x_wconf 90' lang='lat' dir='ltr'>ac</span> <span class='ocrx_word' id='word_1_80' title='bbox 1145 1210 1216 1251; x_wconf 90' lang='lat' dir='ltr'>cum</span> <span class='ocrx_word' id='word_1_81' title='bbox 1241 1211 1354 1252; x_wconf 90' lang='lat' dir='ltr'>securo</span> <span class='ocrx_word' id='word_1_82' title='bbox 1379 1209 1502 1251; x_wconf 90' lang='lat' dir='ltr'>accessu</span> <span class='ocrx_word' id='word_1_83' title='bbox 1533 1204 1563 1245; x_wconf 83' lang='lat'>1</span> 
     </span>
     <span class='ocr_line' id='line_1_11' title="bbox 240 1296 1563 1373; baseline -0.001 -15"><span class='ocrx_word' id='word_1_84' title='bbox 240 1317 297 1359; x_wconf 89' lang='lat' dir='ltr'>seu</span> <span class='ocrx_word' id='word_1_85' title='bbox 322 1297 455 1358; x_wconf 92' lang='lat' dir='ltr'>introitu</span> <span class='ocrx_word' id='word_1_86' title='bbox 479 1296 519 1357; x_wconf 92' lang='lat' dir='ltr'>ad</span> <span class='ocrx_word' id='word_1_87' title='bbox 544 1296 695 1373; x_wconf 89' lang='lat' dir='ltr'>eundem,</span> <span class='ocrx_word' id='word_1_88' title='bbox 720 1317 778 1358; x_wconf 92' lang='lat' dir='ltr'>nec</span> <span class='ocrx_word' id='word_1_89' title='bbox 804 1316 869 1357; x_wconf 91' lang='lat' dir='ltr'>non</span> <span class='ocrx_word' id='word_1_90' title='bbox 887 1296 973 1358; x_wconf 89' lang='lat' dir='ltr'>exitu</span> <span class='ocrx_word' id='word_1_91' title='bbox 999 1312 1029 1357; x_wconf 91' lang='lat' dir='ltr'>et</span> <span class='ocrx_word' id='word_1_92' title='bbox 1053 1317 1178 1360; x_wconf 85' lang='lat' dir='ltr'>recessu</span> <span class='ocrx_word' id='word_1_93' title='bbox 1204 1298 1244 1358; x_wconf 94' lang='lat' dir='ltr'>ab</span> <span class='ocrx_word' id='word_1_94' title='bbox 1268 1297 1386 1359; x_wconf 92' lang='lat' dir='ltr'>eodem</span> <span class='ocrx_word' id='word_1_95' title='bbox 1404 1297 1502 1358; x_wconf 81' lang='lat' dir='ltr'>fundo</span> <span class='ocrx_word' id='word_1_96' title='bbox 1531 1315 1563 1347; x_wconf 70' lang='grc' dir='ltr'>ι</span> 
     </span>
     <span class='ocr_line' id='line_1_12' title="bbox 241 1402 1501 1486; baseline -0.002 -21"><span class='ocrx_word' id='word_1_97' title='bbox 241 1417 273 1466; x_wconf 93' lang='lat' dir='ltr'>et</span> <span class='ocrx_word' id='word_1_98' title='bbox 295 1404 437 1465; x_wconf 83' lang='lat' dir='ltr'>stacione</span> <span class='ocrx_word' id='word_1_99' title='bbox 463 1403 557 1464; x_wconf 90' lang='lat' dir='ltr'>unius</span> <span class='ocrx_word' id='word_1_100' title='bbox 581 1416 703 1478; x_wconf 90' lang='lat' dir='ltr'>octave‚</span> <span class='ocrx_word' id='word_1_101' title='bbox 727 1402 886 1483; x_wconf 89' lang='lat' dir='ltr'>prelibato</span> <span class='ocrx_word' id='word_1_102' title='bbox 911 1402 1048 1463; x_wconf 84' lang='lat' dir='ltr'>lohanni</span> <span class='ocrx_word' id='word_1_103' title='bbox 1068 1403 1171 1482; x_wconf 87' lang='lat' dir='ltr'>jurato</span> <span class='ocrx_word' id='word_1_104' title='bbox 1196 1423 1231 1464; x_wconf 91' lang='lat' dir='ltr'>ac</span> <span class='ocrx_word' id='word_1_105' title='bbox 1258 1424 1314 1486; x_wconf 90' lang='lat' dir='ltr'>per</span> <span class='ocrx_word' id='word_1_106' title='bbox 1337 1424 1411 1465; x_wconf 93' lang='lat' dir='ltr'>eum</span> <span class='ocrx_word' id='word_1_107' title='bbox 1438 1405 1501 1463; x_wconf 87' lang='lat' dir='ltr'>suis</span> 
     </span>
     <span class='ocr_line' id='line_1_13' title="bbox 241 1508 1502 1593; baseline -0.001 -22"><span class='ocrx_word' id='word_1_108' title='bbox 241 1510 413 1571; x_wconf 87' lang='lat' dir='ltr'>heredibus</span> <span class='ocrx_word' id='word_1_109' title='bbox 437 1528 493 1590; x_wconf 94' lang='lat' dir='ltr'>pro</span> <span class='ocrx_word' id='word_1_110' title='bbox 526 1509 638 1587; x_wconf 88' lang='lat' dir='ltr'>viginti</span> <span class='ocrx_word' id='word_1_111' title='bbox 664 1523 736 1570; x_wconf 92' lang='lat' dir='ltr'>octo</span> <span class='ocrx_word' id='word_1_112' title='bbox 769 1508 839 1571; x_wconf 92' lang='lat' dir='ltr'>flor.</span> <span class='ocrx_word' id='word_1_113' title='bbox 871 1510 939 1570; x_wconf 84' lang='lat' dir='ltr'>auri</span> <span class='ocrx_word' id='word_1_114' title='bbox 974 1510 1188 1571; x_wconf 90' lang='lat' dir='ltr'>vendiderunt</span> <span class='ocrx_word' id='word_1_115' title='bbox 1222 1526 1378 1593; x_wconf 90' lang='lat' dir='ltr'>perpetuo</span> <span class='ocrx_word' id='word_1_116' title='bbox 1404 1512 1502 1593; x_wconf 88' lang='lat' dir='ltr'>possi·</span> 
     </span>
     <span class='ocr_line' id='line_1_14' title="bbox 241 1614 1502 1699; baseline -0.001 -21"><span class='ocrx_word' id='word_1_117' title='bbox 241 1616 395 1693; x_wconf 91' lang='lat' dir='ltr'>dendum,</span> <span class='ocrx_word' id='word_1_118' title='bbox 418 1616 504 1677; x_wconf 86' lang='lat' dir='ltr'>salva</span> <span class='ocrx_word' id='word_1_119' title='bbox 528 1615 590 1676; x_wconf 93' lang='lat' dir='ltr'>alia</span> <span class='ocrx_word' id='word_1_120' title='bbox 614 1615 741 1677; x_wconf 89' lang='lat' dir='ltr'>residua</span> <span class='ocrx_word' id='word_1_121' title='bbox 773 1616 927 1696; x_wconf 88' lang='lat' dir='ltr'>porcione</span> <span class='ocrx_word' id='word_1_122' title='bbox 961 1616 1036 1677; x_wconf 93' lang='lat' dir='ltr'>dicti</span> <span class='ocrx_word' id='word_1_123' title='bbox 1062 1614 1151 1678; x_wconf 90' lang='lat' dir='ltr'>lnndi</span> <span class='ocrx_word' id='word_1_124' title='bbox 1186 1618 1217 1678; x_wconf 92' lang='lat' dir='ltr'>in</span> <span class='ocrx_word' id='word_1_125' title='bbox 1244 1632 1396 1699; x_wconf 91' lang='lat' dir='ltr'>postergo</span> <span class='ocrx_word' id='word_1_126' title='bbox 1421 1618 1502 1679; x_wconf 87' lang='lat' dir='ltr'>dicte</span> 
     </span>
     <span class='ocr_line' id='line_1_15' title="bbox 241 1721 1502 1806; baseline -0.001 -22"><span class='ocrx_word' id='word_1_127' title='bbox 241 1723 403 1806; x_wconf 89' lang='lat' dir='ltr'>porcionis</span> <span class='ocrx_word' id='word_1_128' title='bbox 426 1723 594 1783; x_wconf 90' lang='lat' dir='ltr'>anterioris</span> <span class='ocrx_word' id='word_1_129' title='bbox 625 1721 743 1798; x_wconf 89' lang='lat' dir='ltr'>habita,</span> <span class='ocrx_word' id='word_1_130' title='bbox 768 1742 865 1782; x_wconf 91' lang='lat' dir='ltr'>unam</span> <span class='ocrx_word' id='word_1_131' title='bbox 896 1736 1041 1803; x_wconf 87' lang='lat' dir='ltr'>quartam</span> <span class='ocrx_word' id='word_1_132' title='bbox 1068 1724 1099 1783; x_wconf 92' lang='lat' dir='ltr'>in</span> <span class='ocrx_word' id='word_1_133' title='bbox 1125 1743 1156 1783; x_wconf 91' lang='lat' dir='ltr'>se</span> <span class='ocrx_word' id='word_1_134' title='bbox 1182 1725 1378 1800; x_wconf 87' lang='lat' dir='ltr'>continente,</span> <span class='ocrx_word' id='word_1_135' title='bbox 1408 1743 1502 1804; x_wconf 89' lang='lat' dir='ltr'>quam</span> 
     </span>
     <span class='ocr_line' id='line_1_16' title="bbox 242 1828 1502 1913; baseline 0 -22"><span class='ocrx_word' id='word_1_136' title='bbox 242 1830 302 1913; x_wconf 92' lang='lat' dir='ltr'>ipsi</span> <span class='ocrx_word' id='word_1_137' title='bbox 329 1830 520 1891; x_wconf 88' lang='lat' dir='ltr'>Benedictus</span> <span class='ocrx_word' id='word_1_138' title='bbox 544 1840 575 1890; x_wconf 91' lang='lat' dir='ltr'>et</span> <span class='ocrx_word' id='word_1_139' title='bbox 599 1828 717 1888; x_wconf 86' lang='lat' dir='ltr'>Paulus</span> <span class='ocrx_word' id='word_1_140' title='bbox 749 1848 805 1909; x_wconf 94' lang='lat' dir='ltr'>pro</span> <span class='ocrx_word' id='word_1_141' title='bbox 830 1848 862 1887; x_wconf 92' lang='lat' dir='ltr'>se</span> <span class='ocrx_word' id='word_1_142' title='bbox 888 1828 992 1890; x_wconf 91' lang='lat' dir='ltr'>adhuc</span> <span class='ocrx_word' id='word_1_143' title='bbox 1024 1845 1237 1891; x_wconf 88' lang='lat' dir='ltr'>reservassent</span> <span class='ocrx_word' id='word_1_144' title='bbox 1262 1831 1502 1911; x_wconf 85' lang='lat' dir='ltr'>possidendam.</span> 
     </span>
    </p>

    <p class='ocr_par' dir='ltr' id='par_1_5' title="bbox 242 1934 1513 3186">
     <span class='ocr_line' id='line_1_17' title="bbox 348 1934 1506 2018; baseline -0.001 -22"><span class='ocrx_word' id='word_1_145' title='bbox 348 1936 424 1998; x_wconf 90' lang='lat' dir='ltr'>ltem</span> <span class='ocrx_word' id='word_1_146' title='bbox 450 1934 585 2018; x_wconf 90' lang='lat' dir='ltr'>provida</span> <span class='ocrx_word' id='word_1_147' title='bbox 609 1934 740 1995; x_wconf 94' lang='lat' dir='ltr'>domina</span> <span class='ocrx_word' id='word_1_148' title='bbox 763 1935 937 1995; x_wconf 88' lang='lat' dir='ltr'>Katherina</span> <span class='ocrx_word' id='word_1_149' title='bbox 956 1935 1064 1996; x_wconf 90' lang='lat' dir='ltr'>relicta</span> <span class='ocrx_word' id='word_1_150' title='bbox 1091 1937 1229 1997; x_wconf 90' lang='lat' dir='ltr'>condam</span> <span class='ocrx_word' id='word_1_151' title='bbox 1254 1935 1389 2016; x_wconf 86' lang='lat' dir='ltr'>Georgii</span> <span class='ocrx_word' id='word_1_152' title='bbox 1415 1937 1506 1998; x_wconf 91' lang='lat' dir='ltr'>sella-</span> 
     </span>
     <span class='ocr_line' id='line_1_18' title="bbox 242 2040 1504 2123; baseline -0.004 -18"><span class='ocrx_word' id='word_1_153' title='bbox 242 2044 329 2121; x_wconf 89' lang='lat' dir='ltr'>toris,</span> <span class='ocrx_word' id='word_1_154' title='bbox 354 2062 464 2104; x_wconf 89' lang='lat' dir='ltr'>versus</span> <span class='ocrx_word' id='word_1_155' title='bbox 487 2041 557 2102; x_wconf 89' lang='lat' dir='ltr'>Vah</span> <span class='ocrx_word' id='word_1_156' title='bbox 582 2060 714 2122; x_wconf 85' lang='lat' dir='ltr'>peregre</span> <span class='ocrx_word' id='word_1_157' title='bbox 739 2040 953 2123; x_wconf 88' lang='lat' dir='ltr'>proficiscens,</span> <span class='ocrx_word' id='word_1_158' title='bbox 983 2042 1188 2103; x_wconf 90' lang='lat' dir='ltr'>medietatem</span> <span class='ocrx_word' id='word_1_159' title='bbox 1212 2043 1378 2104; x_wconf 89' lang='lat' dir='ltr'>cuiusdam</span> <span class='ocrx_word' id='word_1_160' title='bbox 1404 2040 1504 2117; x_wconf 78' lang='lat' dir='ltr'>fundi,</span> 
     </span>
     <span class='ocr_line' id='line_1_19' title="bbox 246 2147 1505 2228; baseline 0.002 -20"><span class='ocrx_word' id='word_1_161' title='bbox 246 2162 326 2209; x_wconf 88' lang='lat' dir='ltr'>terre</span> <span class='ocrx_word' id='word_1_162' title='bbox 352 2163 381 2209; x_wconf 88' lang='lat' dir='ltr'>et</span> <span class='ocrx_word' id='word_1_163' title='bbox 407 2148 514 2228; x_wconf 89' lang='lat' dir='ltr'>(h)orti</span> <span class='ocrx_word' id='word_1_164' title='bbox 540 2147 631 2207; x_wconf 90' lang='lat' dir='ltr'>vacui</span> <span class='ocrx_word' id='word_1_165' title='bbox 666 2147 698 2207; x_wconf 93' lang='lat' dir='ltr'>in</span> <span class='ocrx_word' id='word_1_166' title='bbox 722 2148 884 2208; x_wconf 91' lang='lat' dir='ltr'>territorio</span> <span class='ocrx_word' id='word_1_167' title='bbox 917 2162 948 2208; x_wconf 90' lang='lat' dir='ltr'>et</span> <span class='ocrx_word' id='word_1_168' title='bbox 971 2149 1127 2209; x_wconf 90' lang='lat' dir='ltr'>suburbio</span> <span class='ocrx_word' id='word_1_169' title='bbox 1159 2149 1296 2210; x_wconf 91' lang='lat' dir='ltr'>civitatis</span> <span class='ocrx_word' id='word_1_170' title='bbox 1319 2150 1403 2210; x_wconf 90' lang='lat' dir='ltr'>inter</span> <span class='ocrx_word' id='word_1_171' title='bbox 1427 2150 1505 2210; x_wconf 90' lang='lat' dir='ltr'>duos</span> 
     </span>
     <span class='ocr_line' id='line_1_20' title="bbox 243 2252 1504 2335; baseline 0.002 -21"><span class='ocrx_word' id='word_1_172' title='bbox 243 2253 359 2315; x_wconf 90' lang='lat' dir='ltr'>fluvios</span> <span class='ocrx_word' id='word_1_173' title='bbox 377 2252 573 2314; x_wconf 88' lang='lat' dir='ltr'>Mathichina</span> <span class='ocrx_word' id='word_1_174' title='bbox 598 2267 628 2312; x_wconf 91' lang='lat' dir='ltr'>et</span> <span class='ocrx_word' id='word_1_175' title='bbox 646 2253 786 2335; x_wconf 86' lang='lat' dir='ltr'>Precopa</span> <span class='ocrx_word' id='word_1_176' title='bbox 813 2268 1013 2335; x_wconf 90' lang='lat' dir='ltr'>nuncupatos</span> <span class='ocrx_word' id='word_1_177' title='bbox 1042 2254 1154 2331; x_wconf 93' lang='lat' dir='ltr'>habiti,</span> <span class='ocrx_word' id='word_1_178' title='bbox 1171 2254 1257 2332; x_wconf 89' lang='lat' dir='ltr'>juxta</span> <span class='ocrx_word' id='word_1_179' title='bbox 1281 2255 1504 2316; x_wconf 88' lang='lat' dir='ltr'>molendinum</span> 
     </span>
     <span class='ocr_line' id='line_1_21' title="bbox 244 2359 1507 2441; baseline -0.001 -20"><span class='ocrx_word' id='word_1_180' title='bbox 244 2362 334 2421; x_wconf 91' lang='lat' dir='ltr'>beate</span> <span class='ocrx_word' id='word_1_181' title='bbox 368 2361 467 2420; x_wconf 89' lang='lat' dir='ltr'>Marie</span> <span class='ocrx_word' id='word_1_182' title='bbox 501 2359 650 2440; x_wconf 90' lang='lat' dir='ltr'>virginis,</span> <span class='ocrx_word' id='word_1_183' title='bbox 685 2359 909 2439; x_wconf 87' lang='lat' dir='ltr'>zagrabiensis,</span> <span class='ocrx_word' id='word_1_184' title='bbox 942 2379 977 2419; x_wconf 91' lang='lat' dir='ltr'>ac</span> <span class='ocrx_word' id='word_1_185' title='bbox 1010 2359 1163 2441; x_wconf 90' lang='lat' dir='ltr'>(h)ortum</span> <span class='ocrx_word' id='word_1_186' title='bbox 1197 2360 1330 2421; x_wconf 90' lang='lat' dir='ltr'>honeste</span> <span class='ocrx_word' id='word_1_187' title='bbox 1365 2362 1507 2422; x_wconf 88' lang='lat' dir='ltr'>mulieris</span> 
     </span>
     <span class='ocr_line' id='line_1_22' title="bbox 244 2465 1505 2547; baseline 0.002 -20"><span class='ocrx_word' id='word_1_188' title='bbox 244 2466 344 2527; x_wconf 87' lang='lat' dir='ltr'>Elene</span> <span class='ocrx_word' id='word_1_189' title='bbox 376 2466 493 2526; x_wconf 90' lang='lat' dir='ltr'>sororis</span> <span class='ocrx_word' id='word_1_190' title='bbox 529 2480 559 2526; x_wconf 91' lang='lat' dir='ltr'>et</span> <span class='ocrx_word' id='word_1_191' title='bbox 584 2465 724 2525; x_wconf 89' lang='lat' dir='ltr'>Ladislai</span> <span class='ocrx_word' id='word_1_192' title='bbox 758 2466 910 2547; x_wconf 89' lang='lat' dir='ltr'>patruelis</span> <span class='ocrx_word' id='word_1_193' title='bbox 938 2466 1044 2527; x_wconf 89' lang='lat' dir='ltr'>sitiet</span> <span class='ocrx_word' id='word_1_194' title='bbox 1075 2466 1261 2546; x_wconf 80' lang='lat' dir='ltr'>adjacentis,</span> <span class='ocrx_word' id='word_1_195' title='bbox 1297 2469 1505 2530; x_wconf 89' lang='lat' dir='ltr'>medietatem</span> 
     </span>
     <span class='ocr_line' id='line_1_23' title="bbox 244 2570 1507 2654; baseline 0.002 -22"><span class='ocrx_word' id='word_1_196' title='bbox 244 2573 343 2654; x_wconf 91' lang='lat' dir='ltr'>ipsius</span> <span class='ocrx_word' id='word_1_197' title='bbox 373 2571 480 2653; x_wconf 85' lang='lat' dir='ltr'>(h)orti</span> <span class='ocrx_word' id='word_1_198' title='bbox 513 2593 529 2632; x_wconf 89' lang='lat' dir='ltr'>a</span> <span class='ocrx_word' id='word_1_199' title='bbox 554 2586 642 2653; x_wconf 89' lang='lat' dir='ltr'>parte</span> <span class='ocrx_word' id='word_1_200' title='bbox 674 2570 819 2632; x_wconf 87' lang='lat' dir='ltr'>eiusdem</span> <span class='ocrx_word' id='word_1_201' title='bbox 853 2571 953 2632; x_wconf 89' lang='lat' dir='ltr'>Elene</span> <span class='ocrx_word' id='word_1_202' title='bbox 986 2585 1016 2632; x_wconf 90' lang='lat' dir='ltr'>et</span> <span class='ocrx_word' id='word_1_203' title='bbox 1049 2572 1188 2634; x_wconf 87' lang='lat' dir='ltr'>Ladislai</span> <span class='ocrx_word' id='word_1_204' title='bbox 1221 2573 1383 2651; x_wconf 89' lang='lat' dir='ltr'>habitam,</span> <span class='ocrx_word' id='word_1_205' title='bbox 1409 2594 1507 2636; x_wconf 92' lang='lat' dir='ltr'>unam</span> 
     </span>
     <span class='ocr_line' id='line_1_24' title="bbox 244 2678 1508 2761; baseline 0.002 -22"><span class='ocrx_word' id='word_1_206' title='bbox 244 2692 390 2758; x_wconf 87' lang='lat' dir='ltr'>quartam</span> <span class='ocrx_word' id='word_1_207' title='bbox 415 2678 446 2738; x_wconf 92' lang='lat' dir='ltr'>in</span> <span class='ocrx_word' id='word_1_208' title='bbox 472 2698 503 2738; x_wconf 90' lang='lat' dir='ltr'>se</span> <span class='ocrx_word' id='word_1_209' title='bbox 529 2678 755 2738; x_wconf 89' lang='lat' dir='ltr'>tantummodo</span> <span class='ocrx_word' id='word_1_210' title='bbox 773 2678 1003 2755; x_wconf 90' lang='lat' dir='ltr'>continentem,</span> <span class='ocrx_word' id='word_1_211' title='bbox 1028 2699 1100 2740; x_wconf 88' lang='lat' dir='ltr'>cnm</span> <span class='ocrx_word' id='word_1_212' title='bbox 1126 2680 1191 2740; x_wconf 91' lang='lat' dir='ltr'>suis</span> <span class='ocrx_word' id='word_1_213' title='bbox 1215 2681 1423 2761; x_wconf 88' lang='lat' dir='ltr'>pertinenciis</span> <span class='ocrx_word' id='word_1_214' title='bbox 1441 2682 1508 2741; x_wconf 88' lang='lat' dir='ltr'>Ste-</span> 
     </span>
     <span class='ocr_line' id='line_1_25' title="bbox 243 2782 1511 2866; baseline 0.004 -23"><span class='ocrx_word' id='word_1_215' title='bbox 243 2783 350 2865; x_wconf 91' lang='lat' dir='ltr'>phano</span> <span class='ocrx_word' id='word_1_216' title='bbox 375 2784 472 2844; x_wconf 87' lang='lat' dir='ltr'>sutori</span> <span class='ocrx_word' id='word_1_217' title='bbox 497 2782 564 2844; x_wconf 89' lang='lat' dir='ltr'>filio</span> <span class='ocrx_word' id='word_1_218' title='bbox 589 2783 673 2844; x_wconf 86' lang='lat' dir='ltr'>lwan</span> <span class='ocrx_word' id='word_1_219' title='bbox 700 2803 758 2866; x_wconf 94' lang='lat' dir='ltr'>pro</span> <span class='ocrx_word' id='word_1_220' title='bbox 776 2785 882 2844; x_wconf 91' lang='lat' dir='ltr'>anima</span> <span class='ocrx_word' id='word_1_221' title='bbox 908 2783 1020 2866; x_wconf 88' lang='lat' dir='ltr'>prefati</span> <span class='ocrx_word' id='word_1_222' title='bbox 1047 2784 1180 2866; x_wconf 82' lang='lat' dir='ltr'>Georgii</span> <span class='ocrx_word' id='word_1_223' title='bbox 1199 2787 1358 2848; x_wconf 87' lang='lat' dir='ltr'>sellatoris</span> <span class='ocrx_word' id='word_1_224' title='bbox 1382 2788 1511 2848; x_wconf 89' lang='lat' dir='ltr'>domini</span> 
     </span>
     <span class='ocr_line' id='line_1_26' title="bbox 244 2890 1512 2972; baseline 0.002 -21"><span class='ocrx_word' id='word_1_225' title='bbox 244 2904 275 2951; x_wconf 92' lang='lat' dir='ltr'>et</span> <span class='ocrx_word' id='word_1_226' title='bbox 300 2891 403 2950; x_wconf 88' lang='lat' dir='ltr'>mariti</span> <span class='ocrx_word' id='word_1_227' title='bbox 436 2890 483 2950; x_wconf 91' lang='lat' dir='ltr'>sui</span> <span class='ocrx_word' id='word_1_228' title='bbox 517 2890 687 2970; x_wconf 88' lang='lat' dir='ltr'>legavisset</span> <span class='ocrx_word' id='word_1_229' title='bbox 719 2906 875 2972; x_wconf 91' lang='lat' dir='ltr'>perpetuo</span> <span class='ocrx_word' id='word_1_230' title='bbox 910 2892 1157 2972; x_wconf 65' lang='lat' dir='ltr'>possidendam</span> <span class='ocrx_word' id='word_1_231' title='bbox 1190 2892 1264 2953; x_wconf 93' lang='lat' dir='ltr'>ideo</span> <span class='ocrx_word' id='word_1_232' title='bbox 1289 2912 1347 2954; x_wconf 92' lang='lat' dir='ltr'>nos</span> <span class='ocrx_word' id='word_1_233' title='bbox 1372 2895 1512 2954; x_wconf 88' lang='lat' dir='ltr'>eandem</span> 
     </span>
     <span class='ocr_line' id='line_1_27' title="bbox 245 2994 1513 3080; baseline 0.006 -25"><span class='ocrx_word' id='word_1_234' title='bbox 245 2995 449 3056; x_wconf 87' lang='lat' dir='ltr'>medietatem</span> <span class='ocrx_word' id='word_1_235' title='bbox 474 2996 550 3056; x_wconf 93' lang='lat' dir='ltr'>dicti</span> <span class='ocrx_word' id='word_1_236' title='bbox 575 2996 694 3076; x_wconf 88' lang='lat' dir='ltr'>(h)orti,</span> <span class='ocrx_word' id='word_1_237' title='bbox 719 2994 808 3058; x_wconf 78' lang='lat' dir='ltr'>fundi</span> <span class='ocrx_word' id='word_1_238' title='bbox 835 3011 865 3057; x_wconf 90' lang='lat' dir='ltr'>et</span> <span class='ocrx_word' id='word_1_239' title='bbox 890 3011 982 3075; x_wconf 91' lang='lat' dir='ltr'>terre,</span> <span class='ocrx_word' id='word_1_240' title='bbox 1007 3018 1104 3059; x_wconf 91' lang='lat' dir='ltr'>unam</span> <span class='ocrx_word' id='word_1_241' title='bbox 1129 3012 1287 3080; x_wconf 89' lang='lat' dir='ltr'>quartam,</span> <span class='ocrx_word' id='word_1_242' title='bbox 1312 2999 1419 3061; x_wconf 91' lang='lat' dir='ltr'>eidem</span> <span class='ocrx_word' id='word_1_243' title='bbox 1441 3000 1513 3062; x_wconf 87' lang='lat' dir='ltr'>Ste-</span> 
     </span>
     <span class='ocr_line' id='line_1_28' title="bbox 246 3102 987 3186; baseline 0.005 -25"><span class='ocrx_word' id='word_1_244' title='bbox 246 3102 352 3182; x_wconf 90' lang='lat' dir='ltr'>phano</span> <span class='ocrx_word' id='word_1_245' title='bbox 377 3103 544 3163; x_wconf 90' lang='lat' dir='ltr'>statuimus</span> <span class='ocrx_word' id='word_1_246' title='bbox 568 3118 724 3185; x_wconf 90' lang='lat' dir='ltr'>perpetuo</span> <span class='ocrx_word' id='word_1_247' title='bbox 749 3104 987 3186; x_wconf 87' lang='lat' dir='ltr'>possidendam.</span> 
     </span>
    </p>

    <p class='ocr_par' dir='ltr' id='par_1_6' title="bbox 246 3208 1518 4035">
     <span class='ocr_line' id='line_1_29' title="bbox 352 3208 1513 3292; baseline 0.007 -24"><span class='ocrx_word' id='word_1_248' title='bbox 352 3208 429 3269; x_wconf 91' lang='lat' dir='ltr'>ltem</span> <span class='ocrx_word' id='word_1_249' title='bbox 455 3209 567 3270; x_wconf 88' lang='lat' dir='ltr'>Friche</span> <span class='ocrx_word' id='word_1_250' title='bbox 586 3210 705 3287; x_wconf 86' lang='lat' dir='ltr'>juratus</span> <span class='ocrx_word' id='word_1_251' title='bbox 723 3211 897 3272; x_wconf 89' lang='lat' dir='ltr'>modernus</span> <span class='ocrx_word' id='word_1_252' title='bbox 914 3211 1065 3272; x_wconf 90' lang='lat' dir='ltr'>directam</span> <span class='ocrx_word' id='word_1_253' title='bbox 1084 3227 1114 3272; x_wconf 92' lang='lat' dir='ltr'>et</span> <span class='ocrx_word' id='word_1_254' title='bbox 1136 3212 1283 3292; x_wconf 90' lang='lat' dir='ltr'>equalem</span> <span class='ocrx_word' id='word_1_255' title='bbox 1302 3215 1513 3276; x_wconf 88' lang='lat' dir='ltr'>medietatem</span> 
     </span>
     <span class='ocr_line' id='line_1_30' title="bbox 246 3313 1516 3399; baseline 0.005 -23"><span class='ocrx_word' id='word_1_256' title='bbox 246 3313 348 3391; x_wconf 82' lang='lat' dir='ltr'>fundi,</span> <span class='ocrx_word' id='word_1_257' title='bbox 373 3315 489 3375; x_wconf 92' lang='lat' dir='ltr'>domus</span> <span class='ocrx_word' id='word_1_258' title='bbox 514 3329 544 3377; x_wconf 89' lang='lat' dir='ltr'>et</span> <span class='ocrx_word' id='word_1_259' title='bbox 568 3317 687 3392; x_wconf 91' lang='lat' dir='ltr'>celarii,</span> <span class='ocrx_word' id='word_1_260' title='bbox 721 3337 817 3378; x_wconf 89' lang='lat' dir='ltr'>unam</span> <span class='ocrx_word' id='word_1_261' title='bbox 850 3333 994 3399; x_wconf 88' lang='lat' dir='ltr'>quartam</span> <span class='ocrx_word' id='word_1_262' title='bbox 1021 3319 1052 3378; x_wconf 94' lang='lat' dir='ltr'>in</span> <span class='ocrx_word' id='word_1_263' title='bbox 1084 3339 1118 3380; x_wconf 89' lang='lat' dir='ltr'>se</span> <span class='ocrx_word' id='word_1_264' title='bbox 1143 3320 1374 3398; x_wconf 90' lang='lat' dir='ltr'>continentem,</span> <span class='ocrx_word' id='word_1_265' title='bbox 1400 3322 1516 3383; x_wconf 90' lang='lat' dir='ltr'>Marco</span> 
     </span>
     <span class='ocr_line' id='line_1_31' title="bbox 246 3419 1518 3508; baseline 0.009 -28"><span class='ocrx_word' id='word_1_266' title='bbox 246 3419 314 3481; x_wconf 91' lang='lat' dir='ltr'>lilio</span> <span class='ocrx_word' id='word_1_267' title='bbox 339 3420 506 3482; x_wconf 88' lang='lat' dir='ltr'>Michaelis</span> <span class='ocrx_word' id='word_1_268' title='bbox 531 3423 698 3482; x_wconf 90' lang='lat' dir='ltr'>mercatori</span> <span class='ocrx_word' id='word_1_269' title='bbox 724 3423 894 3501; x_wconf 87' lang='lat' dir='ltr'>Aleman0,</span> <span class='ocrx_word' id='word_1_270' title='bbox 924 3439 1032 3485; x_wconf 90' lang='lat' dir='ltr'>nostro</span> <span class='ocrx_word' id='word_1_271' title='bbox 1058 3426 1195 3503; x_wconf 89' lang='lat' dir='ltr'>concivi,</span> <span class='ocrx_word' id='word_1_272' title='bbox 1219 3441 1250 3487; x_wconf 90' lang='lat' dir='ltr'>et</span> <span class='ocrx_word' id='word_1_273' title='bbox 1272 3446 1328 3508; x_wconf 90' lang='lat' dir='ltr'>per</span> <span class='ocrx_word' id='word_1_274' title='bbox 1353 3447 1431 3488; x_wconf 90' lang='lat' dir='ltr'>eum</span> <span class='ocrx_word' id='word_1_275' title='bbox 1449 3431 1518 3491; x_wconf 90' lang='lat' dir='ltr'>suis</span> 
     </span>
     <span class='ocr_line' id='line_1_32' title="bbox 247 3526 1516 3615; baseline 0.009 -29"><span class='ocrx_word' id='word_1_276' title='bbox 247 3526 429 3605; x_wconf 89' lang='lat' dir='ltr'>heredibus,</span> <span class='ocrx_word' id='word_1_277' title='bbox 455 3548 512 3609; x_wconf 93' lang='lat' dir='ltr'>pro</span> <span class='ocrx_word' id='word_1_278' title='bbox 538 3528 709 3589; x_wconf 89' lang='lat' dir='ltr'>duodecim</span> <span class='ocrx_word' id='word_1_279' title='bbox 735 3531 802 3590; x_wconf 91' lang='lat' dir='ltr'>auri</span> <span class='ocrx_word' id='word_1_280' title='bbox 832 3529 961 3591; x_wconf 90' lang='lat' dir='ltr'>florenis</span> <span class='ocrx_word' id='word_1_281' title='bbox 995 3531 1140 3593; x_wconf 90' lang='lat' dir='ltr'>vendidit</span> <span class='ocrx_word' id='word_1_282' title='bbox 1163 3546 1319 3615; x_wconf 90' lang='lat' dir='ltr'>perpetuo</span> <span class='ocrx_word' id='word_1_283' title='bbox 1342 3536 1516 3614; x_wconf 87' lang='lat' dir='ltr'>possiden·</span> 
     </span>
     <span class='ocr_line' id='line_1_33' title="bbox 249 3633 1518 3714; baseline 0.009 -20"><span class='ocrx_word' id='word_1_284' title='bbox 249 3633 343 3709; x_wconf 87' lang='lat' dir='ltr'>dam;</span> <span class='ocrx_word' id='word_1_285' title='bbox 369 3634 592 3714; x_wconf 90' lang='lat' dir='ltr'>cuiusqnidem</span> <span class='ocrx_word' id='word_1_286' title='bbox 626 3635 741 3696; x_wconf 89' lang='lat' dir='ltr'>domus</span> <span class='ocrx_word' id='word_1_287' title='bbox 774 3637 805 3696; x_wconf 93' lang='lat' dir='ltr'>in</span> <span class='ocrx_word' id='word_1_288' title='bbox 832 3638 915 3698; x_wconf 92' lang='lat' dir='ltr'>dicta</span> <span class='ocrx_word' id='word_1_289' title='bbox 948 3639 1074 3699; x_wconf 88' lang='lat' dir='ltr'>civitate</span> <span class='ocrx_word' id='word_1_290' title='bbox 1100 3639 1181 3700; x_wconf 89' lang='lat' dir='ltr'>inter</span> <span class='ocrx_word' id='word_1_291' title='bbox 1213 3639 1327 3701; x_wconf 87' lang='lat' dir='ltr'>domos</span> <span class='ocrx_word' id='word_1_292' title='bbox 1353 3656 1384 3701; x_wconf 88' lang='lat' dir='ltr'>et</span> <span class='ocrx_word' id='word_1_293' title='bbox 1409 3645 1518 3705; x_wconf 92' lang='lat' dir='ltr'>curias</span> 
     </span>
     <span class='ocr_line' id='line_1_34' title="bbox 250 3740 1517 3829; baseline 0.009 -31"><span class='ocrx_word' id='word_1_294' title='bbox 250 3740 391 3799; x_wconf 91' lang='lat' dir='ltr'>virorum</span> <span class='ocrx_word' id='word_1_295' title='bbox 410 3740 618 3821; x_wconf 88' lang='lat' dir='ltr'>providorum</span> <span class='ocrx_word' id='word_1_296' title='bbox 638 3742 811 3802; x_wconf 88' lang='lat' dir='ltr'>liberorum</span> <span class='ocrx_word' id='word_1_297' title='bbox 831 3743 967 3803; x_wconf 91' lang='lat' dir='ltr'>condam</span> <span class='ocrx_word' id='word_1_298' title='bbox 983 3745 1072 3804; x_wconf 90' lang='lat' dir='ltr'>Pauli</span> <span class='ocrx_word' id='word_1_299' title='bbox 1091 3745 1209 3829; x_wconf 87' lang='lat' dir='ltr'>Sygeth</span> <span class='ocrx_word' id='word_1_300' title='bbox 1224 3761 1255 3807; x_wconf 93' lang='lat' dir='ltr'>et</span> <span class='ocrx_word' id='word_1_301' title='bbox 1270 3747 1352 3807; x_wconf 82' lang='lat' dir='ltr'>Petri</span> <span class='ocrx_word' id='word_1_302' title='bbox 1372 3747 1517 3825; x_wconf 81' lang='lat' dir='ltr'>Chiltan,</span> 
     </span>
     <span class='ocr_line' id='line_1_35' title="bbox 247 3846 1516 3929; baseline 0.009 -25"><span class='ocrx_word' id='word_1_303' title='bbox 247 3846 287 3904; x_wconf 92' lang='lat' dir='ltr'>ab</span> <span class='ocrx_word' id='word_1_304' title='bbox 312 3865 386 3922; x_wconf 89' lang='lat' dir='ltr'>una,</span> <span class='ocrx_word' id='word_1_305' title='bbox 412 3860 442 3907; x_wconf 91' lang='lat' dir='ltr'>et</span> <span class='ocrx_word' id='word_1_306' title='bbox 467 3861 555 3926; x_wconf 92' lang='lat' dir='ltr'>parte</span> <span class='ocrx_word' id='word_1_307' title='bbox 580 3849 619 3906; x_wconf 95' lang='lat' dir='ltr'>ab</span> <span class='ocrx_word' id='word_1_308' title='bbox 643 3848 738 3908; x_wconf 91' lang='lat' dir='ltr'>altera</span> <span class='ocrx_word' id='word_1_309' title='bbox 764 3849 895 3908; x_wconf 91' lang='lat' dir='ltr'>domine</span> <span class='ocrx_word' id='word_1_310' title='bbox 921 3850 1066 3928; x_wconf 82' lang='lat' dir='ltr'>Agniche</span> <span class='ocrx_word' id='word_1_311' title='bbox 1091 3852 1234 3913; x_wconf 90' lang='lat' dir='ltr'>mulieris</span> <span class='ocrx_word' id='word_1_312' title='bbox 1266 3851 1387 3929; x_wconf 82' lang='lat' dir='ltr'>habite,</span> <span class='ocrx_word' id='word_1_313' title='bbox 1413 3856 1516 3916; x_wconf 88' lang='lat' dir='ltr'>aliam</span> 
     </span>
     <span class='ocr_line' id='line_1_36' title="bbox 248 3951 1207 4035; baseline 0.008 -25"><span class='ocrx_word' id='word_1_314' title='bbox 248 3951 452 4012; x_wconf 89' lang='lat' dir='ltr'>medietatem</span> <span class='ocrx_word' id='word_1_315' title='bbox 479 3952 562 4013; x_wconf 91' lang='lat' dir='ltr'>idem</span> <span class='ocrx_word' id='word_1_316' title='bbox 589 3952 701 4013; x_wconf 87' lang='lat' dir='ltr'>Friche</span> <span class='ocrx_word' id='word_1_317' title='bbox 726 3953 845 4031; x_wconf 83' lang='lat' dir='ltr'>juratus</span> <span class='ocrx_word' id='word_1_318' title='bbox 870 3975 927 4035; x_wconf 88' lang='lat' dir='ltr'>pro</span> <span class='ocrx_word' id='word_1_319' title='bbox 954 3976 986 4017; x_wconf 90' lang='lat' dir='ltr'>se</span> <span class='ocrx_word' id='word_1_320' title='bbox 1010 3971 1207 4019; x_wconf 88' lang='lat' dir='ltr'>reservasset.</span> 
     </span>
    </p>

    <p class='ocr_par' dir='ltr' id='par_1_7' title="bbox 249 4056 1519 4877">
     <span class='ocr_line' id='line_1_37' title="bbox 355 4056 1516 4145; baseline 0.01 -29"><span class='ocrx_word' id='word_1_321' title='bbox 355 4056 431 4116; x_wconf 88' lang='lat' dir='ltr'>ltem</span> <span class='ocrx_word' id='word_1_322' title='bbox 459 4057 542 4118; x_wconf 90' lang='lat' dir='ltr'>idem</span> <span class='ocrx_word' id='word_1_323' title='bbox 570 4058 681 4119; x_wconf 87' lang='lat' dir='ltr'>Friche</span> <span class='ocrx_word' id='word_1_324' title='bbox 707 4059 827 4136; x_wconf 86' lang='lat' dir='ltr'>juratus</span> <span class='ocrx_word' id='word_1_325' title='bbox 851 4075 881 4120; x_wconf 92' lang='lat' dir='ltr'>et</span> <span class='ocrx_word' id='word_1_326' title='bbox 907 4062 1078 4124; x_wconf 89' lang='lat' dir='ltr'>Katherina</span> <span class='ocrx_word' id='word_1_327' title='bbox 1104 4083 1235 4125; x_wconf 90' lang='lat' dir='ltr'>consors</span> <span class='ocrx_word' id='word_1_328' title='bbox 1259 4064 1418 4145; x_wconf 90' lang='lat' dir='ltr'>eiusdem,</span> <span class='ocrx_word' id='word_1_329' title='bbox 1445 4082 1516 4130; x_wconf 90' lang='lat' dir='ltr'>tum</span> 
     </span>
     <span class='ocr_line' id='line_1_38' title="bbox 252 4163 1513 4250; baseline 0.012 -28"><span class='ocrx_word' id='word_1_330' title='bbox 252 4163 327 4243; x_wconf 90' lang='lat' dir='ltr'>quia</span> <span class='ocrx_word' id='word_1_331' title='bbox 354 4163 384 4223; x_wconf 91' lang='lat' dir='ltr'>in</span> <span class='ocrx_word' id='word_1_332' title='bbox 411 4164 501 4224; x_wconf 93' lang='lat' dir='ltr'>senili</span> <span class='ocrx_word' id='word_1_333' title='bbox 539 4179 620 4224; x_wconf 90' lang='lat' dir='ltr'>etate</span> <span class='ocrx_word' id='word_1_334' title='bbox 645 4181 724 4225; x_wconf 91' lang='lat' dir='ltr'>nutu</span> <span class='ocrx_word' id='word_1_335' title='bbox 750 4165 800 4226; x_wconf 90' lang='lat' dir='ltr'>dei</span> <span class='ocrx_word' id='word_1_336' title='bbox 826 4167 916 4246; x_wconf 90' lang='lat' dir='ltr'>prole</span> <span class='ocrx_word' id='word_1_337' title='bbox 948 4169 1075 4248; x_wconf 89' lang='lat' dir='ltr'>penitus</span> <span class='ocrx_word' id='word_1_338' title='bbox 1099 4171 1201 4232; x_wconf 89' lang='lat' dir='ltr'>orbati</span> <span class='ocrx_word' id='word_1_339' title='bbox 1227 4171 1417 4250; x_wconf 84' lang='lat' dir='ltr'>extitissent,</span> <span class='ocrx_word' id='word_1_340' title='bbox 1444 4189 1513 4236; x_wconf 91' lang='lat' dir='ltr'>tum</span> 
     </span>
     <span class='ocr_line' id='line_1_39' title="bbox 249 4269 1516 4358; baseline 0.01 -30"><span class='ocrx_word' id='word_1_341' title='bbox 249 4269 349 4329; x_wconf 91' lang='lat' dir='ltr'>eciam</span> <span class='ocrx_word' id='word_1_342' title='bbox 384 4269 458 4349; x_wconf 91' lang='lat' dir='ltr'>qnia</span> <span class='ocrx_word' id='word_1_343' title='bbox 484 4290 519 4328; x_wconf 86' lang='lat' dir='ltr'>ex</span> <span class='ocrx_word' id='word_1_344' title='bbox 553 4269 782 4332; x_wconf 84' lang='lat' dir='ltr'>insufficiencia</span> <span class='ocrx_word' id='word_1_345' title='bbox 815 4274 979 4354; x_wconf 89' lang='lat' dir='ltr'>regiminis</span> <span class='ocrx_word' id='word_1_346' title='bbox 1011 4289 1041 4336; x_wconf 91' lang='lat' dir='ltr'>et</span> <span class='ocrx_word' id='word_1_347' title='bbox 1077 4296 1113 4335; x_wconf 84' lang='lat' dir='ltr'>ex</span> <span class='ocrx_word' id='word_1_348' title='bbox 1146 4278 1289 4338; x_wconf 87' lang='lat' dir='ltr'>carencia</span> <span class='ocrx_word' id='word_1_349' title='bbox 1320 4278 1424 4358; x_wconf 88' lang='lat' dir='ltr'>prolis</span> <span class='ocrx_word' id='word_1_350' title='bbox 1458 4301 1516 4342; x_wconf 93' lang='lat' dir='ltr'>vo·</span> 
     </span>
     <span class='ocr_line' id='line_1_40' title="bbox 249 4375 1514 4464; baseline 0.011 -30"><span class='ocrx_word' id='word_1_351' title='bbox 249 4375 350 4436; x_wconf 88' lang='lat' dir='ltr'>lentes</span> <span class='ocrx_word' id='word_1_352' title='bbox 374 4375 433 4435; x_wconf 88' lang='lat' dir='ltr'>sibi</span> <span class='ocrx_word' id='word_1_353' title='bbox 459 4376 498 4436; x_wconf 88' lang='lat' dir='ltr'>de</span> <span class='ocrx_word' id='word_1_354' title='bbox 522 4377 666 4437; x_wconf 91' lang='lat' dir='ltr'>remedio</span> <span class='ocrx_word' id='word_1_355' title='bbox 691 4378 850 4459; x_wconf 89' lang='lat' dir='ltr'>provideri</span> <span class='ocrx_word' id='word_1_356' title='bbox 869 4394 1065 4460; x_wconf 91' lang='lat' dir='ltr'>opportun0,</span> <span class='ocrx_word' id='word_1_357' title='bbox 1090 4402 1129 4443; x_wconf 92' lang='lat' dir='ltr'>ne</span> <span class='ocrx_word' id='word_1_358' title='bbox 1154 4384 1375 4464; x_wconf 89' lang='lat' dir='ltr'>possessiones</span> <span class='ocrx_word' id='word_1_359' title='bbox 1397 4405 1514 4448; x_wconf 90' lang='lat' dir='ltr'>eornm</span> 
     </span>
     <span class='ocr_line' id='line_1_41' title="bbox 249 4480 1515 4570; baseline 0.011 -30"><span class='ocrx_word' id='word_1_360' title='bbox 249 4493 321 4562; x_wconf 92' lang='lat' dir='ltr'>post</span> <span class='ocrx_word' id='word_1_361' title='bbox 345 4480 509 4541; x_wconf 88' lang='lat' dir='ltr'>decessum</span> <span class='ocrx_word' id='word_1_362' title='bbox 535 4483 722 4544; x_wconf 89' lang='lat' dir='ltr'>eorumdem</span> <span class='ocrx_word' id='word_1_363' title='bbox 743 4484 773 4543; x_wconf 91' lang='lat' dir='ltr'>in</span> <span class='ocrx_word' id='word_1_364' title='bbox 800 4484 954 4545; x_wconf 88' lang='lat' dir='ltr'>nichilum</span> <span class='ocrx_word' id='word_1_365' title='bbox 974 4486 1171 4565; x_wconf 89' lang='lat' dir='ltr'>devenirent,</span> <span class='ocrx_word' id='word_1_366' title='bbox 1187 4488 1345 4570; x_wconf 88' lang='lat' dir='ltr'>prelatum</span> <span class='ocrx_word' id='word_1_367' title='bbox 1364 4492 1515 4554; x_wconf 88' lang='lat' dir='ltr'>Marcum</span> 
     </span>
     <span class='ocr_line' id='line_1_42' title="bbox 250 4586 1515 4669; baseline 0.014 -24"><span class='ocrx_word' id='word_1_368' title='bbox 250 4602 459 4647; x_wconf 89' lang='lat' dir='ltr'>mercatorem</span> <span class='ocrx_word' id='word_1_369' title='bbox 486 4589 515 4647; x_wconf 95' lang='lat' dir='ltr'>in</span> <span class='ocrx_word' id='word_1_370' title='bbox 542 4586 643 4648; x_wconf 91' lang='lat' dir='ltr'>filium</span> <span class='ocrx_word' id='word_1_371' title='bbox 664 4591 850 4669; x_wconf 84' lang='lat' dir='ltr'>adoptivum</span> <span class='ocrx_word' id='word_1_372' title='bbox 870 4605 901 4652; x_wconf 89' lang='lat' dir='ltr'>et</span> <span class='ocrx_word' id='word_1_373' title='bbox 918 4592 1068 4653; x_wconf 89' lang='lat' dir='ltr'>heredem</span> <span class='ocrx_word' id='word_1_374' title='bbox 1090 4608 1120 4655; x_wconf 90' lang='lat' dir='ltr'>et</span> <span class='ocrx_word' id='word_1_375' title='bbox 1143 4615 1360 4659; x_wconf 88' lang='lat' dir='ltr'>successorem</span> <span class='ocrx_word' id='word_1_376' title='bbox 1378 4601 1515 4662; x_wconf 91' lang='lat' dir='ltr'>unicum</span> 
     </span>
     <span class='ocr_line' id='line_1_43' title="bbox 250 4692 1519 4775; baseline 0.015 -25"><span class='ocrx_word' id='word_1_377' title='bbox 250 4692 281 4751; x_wconf 91' lang='lat' dir='ltr'>in</span> <span class='ocrx_word' id='word_1_378' title='bbox 314 4693 423 4767; x_wconf 91' lang='lat' dir='ltr'>domo,</span> <span class='ocrx_word' id='word_1_379' title='bbox 455 4694 558 4769; x_wconf 86' lang='lat' dir='ltr'>vinea,</span> <span class='ocrx_word' id='word_1_380' title='bbox 591 4696 767 4775; x_wconf 89' lang='lat' dir='ltr'>ceterisque</span> <span class='ocrx_word' id='word_1_381' title='bbox 802 4699 895 4756; x_wconf 88' lang='lat' dir='ltr'>rebus</span> <span class='ocrx_word' id='word_1_382' title='bbox 927 4713 957 4758; x_wconf 91' lang='lat' dir='ltr'>et</span> <span class='ocrx_word' id='word_1_383' title='bbox 989 4701 1081 4760; x_wconf 91' lang='lat' dir='ltr'>bonis</span> <span class='ocrx_word' id='word_1_384' title='bbox 1114 4701 1302 4764; x_wconf 88' lang='lat' dir='ltr'>eorumdem</span> <span class='ocrx_word' id='word_1_385' title='bbox 1335 4707 1519 4769; x_wconf 84' lang='lat' dir='ltr'>mobilibus</span> 
     </span>
     <span class='ocr_line' id='line_1_44' title="bbox 250 4798 1518 4877; baseline 0.019 -24"><span class='ocrx_word' id='word_1_386' title='bbox 250 4798 399 4859; x_wconf 91' lang='lat' dir='ltr'>videlicet</span> <span class='ocrx_word' id='word_1_387' title='bbox 423 4816 449 4859; x_wconf 86' lang='lat' dir='ltr'>et</span> <span class='ocrx_word' id='word_1_388' title='bbox 478 4800 688 4860; x_wconf 89' lang='lat' dir='ltr'>inmobilibus</span> <span class='ocrx_word' id='word_1_389' title='bbox 713 4802 743 4860; x_wconf 90' lang='lat' dir='ltr'>in</span> <span class='ocrx_word' id='word_1_390' title='bbox 770 4803 853 4863; x_wconf 84' lang='lat' dir='ltr'>dicta</span> <span class='ocrx_word' id='word_1_391' title='bbox 879 4805 1005 4865; x_wconf 89' lang='lat' dir='ltr'>civitate</span> <span class='ocrx_word' id='word_1_392' title='bbox 1031 4821 1062 4867; x_wconf 87' lang='lat' dir='ltr'>et</span> <span class='ocrx_word' id='word_1_393' title='bbox 1094 4807 1162 4868; x_wconf 87' lang='lat' dir='ltr'>eius</span> <span class='ocrx_word' id='word_1_394' title='bbox 1186 4809 1349 4871; x_wconf 86' lang='lat' dir='ltr'>territorio</span> <span class='ocrx_word' id='word_1_395' title='bbox 1372 4830 1410 4872; x_wconf 92' lang='lat' dir='ltr'>ac</span> <span class='ocrx_word' id='word_1_396' title='bbox 1435 4814 1518 4877; x_wconf 86' lang='lat' dir='ltr'>alias</span> 
     </span>
    </p>
   </div>
   <div class='ocr_carea' id='block_1_5' title="bbox 0 0 1589 5356">
    <p class='ocr_par' dir='ltr' id='par_1_8' title="bbox 0 0 1589 5356">
     <span class='ocr_line' id='line_1_45' title="bbox 0 0 1589 5356; baseline 0 0"><span class='ocrx_word' id='word_1_397' title='bbox 0 0 1589 5356; x_wconf 95' lang='lat' dir='ltr'> </span> 
     </span>
    </p>
   </div>
  </div>
 </body>
</html>
