3142 5356
683 366 882 443 Anno1435.
1350 383 1407 445 ²9¹

256 574 334 636 Item
359 590 425 637 tota
450 576 666 636 communitas
694 575 858 657 quandam
893 575 1027 636 domum
1052 589 1209 637 muratam
1234 576 1414 637 communi·

145 680 232 757 tatis,
265 699 358 741 muro
391 681 491 763 ipsius
522 680 659 742 civitatis
691 681 911 760 adherentem,
943 681 1039 742 simul
1068 701 1139 742 cum
1175 679 1276 742 fundo
1308 680 1413 742 eidem

147 786 261 847 domui
287 801 409 848 murare
434 788 493 849 sub
518 801 549 849 et
572 786 731 869 adjacenti
756 808 792 849 ac
816 787 989 870 pertinenti
1013 788 1045 849 in
1069 788 1241 850 latitudine
1265 787 1415 849 videlicet

147 893 262 973 viginti
295 893 424 955 brachia
456 891 557 955 ferrea
581 894 613 955 in
645 914 678 955 se
712 894 902 973 continenti,
935 893 1018 956 inter
1049 892 1167 955 fundos
1198 907 1304 956 nostre
1328 914 1415 955 com-

148 1000 356 1062 munitatisa
389 999 593 1062 meridionali
628 1015 769 1083 parte‚a
804 1014 893 1083 parte
916 1014 1023 1061 autem
1055 1000 1308 1082 septemtrionali
1335 1000 1416 1061 inter

148 1118 182 1167 et
205 1125 303 1187 penes
327 1105 445 1168 fundos
463 1107 547 1168 Petri
572 1107 699 1169 clientis
722 1120 753 1170 et
778 1107 862 1168 lwan
882 1106 957 1168 dicti
976 1106 1115 1191 Poyeya,
1139 1121 1322 1169 nostrorum
1340 1126 1414 1167 con·

148 1211 281 1291 civium,
305 1232 341 1274 ac
366 1232 457 1274 secus
490 1213 574 1275 viam
608 1234 665 1276 seu
693 1213 832 1296 plateam
864 1232 1071 1275 communem
1103 1214 1142 1274 ab
1166 1213 1289 1275 oriente
1312 1213 1416 1291 sitam,

147 1316 291 1379 habitam
317 1331 349 1380 et
372 1318 573 1398 existentem,
598 1334 661 1381 tres
678 1319 710 1381 in
734 1333 804 1381 toto
821 1333 949 1401 quartas
965 1320 1052 1382 curie
1077 1319 1108 1380 in
1132 1339 1164 1379 se
1185 1319 1415 1397 continentem,

147 1444 166 1484 a
193 1443 286 1485 muro
312 1425 411 1507 ipsius
435 1426 571 1489 civitatis
596 1426 761 1488 communi
786 1428 825 1488 ab
857 1426 1022 1488 occidente
1047 1425 1156 1487 habito
1181 1440 1212 1487 et
1229 1445 1328 1506 usque
1346 1442 1414 1506 pre·

148 1529 269 1591 dictam
295 1531 379 1592 viam
405 1551 461 1592 seu
486 1531 624 1613 plateam
649 1551 855 1594 communem
887 1531 1085 1593 admodum
1111 1545 1141 1593 et
1165 1550 1346 1592 mensuram
1380 1551 1416 1592 ac

148 1636 363 1716 quantitatem
380 1636 597 1719 predictorum
617 1636 791 1699 fundorum
809 1637 1111 1699 circumvicinorum
1129 1656 1161 1698 se
1179 1636 1415 1712 extendentem,

148 1761 224 1802 cum
256 1742 409 1803 omnibus
431 1743 496 1804 suis
528 1744 720 1806 utilitatibus
752 1758 783 1804 et
814 1743 1019 1826 pertinenciis
1052 1743 1208 1805 universis
1243 1743 1415 1804 Valentino

148 1845 303 1908 firmatori
327 1868 477 1909 vasorum
496 1848 562 1910 filio
579 1849 704 1911 Nicolai
727 1869 763 1910 ac
787 1869 933 1931 pereum
951 1849 1016 1909 suis
1039 1849 1210 1911 heredibus
1227 1869 1285 1930 pro
1302 1848 1413 1910 decem

149 1968 181 2013 et
204 1967 280 2015 octo
305 1952 374 2016 flor.
400 1954 467 2015 auri
492 1955 639 2015 vendidit
662 1969 818 2037 perpetuo
843 1955 1081 2036 possidendam.
