3142 5356
152 521 187 580 18
528 516 613 572 Anno
633 508 726 590 1483.
751 545 794 553 -
819 524 867 569 10.
884 507 1036 585 januarii.

148 729 372 814 spondendum
400 729 459 810 ipsi
485 725 628 808 Georgio
653 723 749 804 judici
776 721 944 797 moderno,
969 717 1029 800 ipsi
1053 735 1129 777 vero
1154 712 1327 776 Dominico
1355 711 1417 772 Pe-

148 836 278 920 rowych
303 836 342 897 ad
367 833 612 918 producendum
637 844 743 892 testes.

255 961 360 1024 Causa
385 961 467 1022 inter
491 957 660 1020 Nicolaum
679 953 835 1017 Horwath
854 967 884 1015 et
908 952 1087 1014 Iohannem
1113 944 1336 1031 Soldynarych
1362 964 1415 1006 se·

150 1070 274 1131 niorem
315 1068 454 1149 judicem
487 1085 544 1147 pro
584 1064 748 1126 eteccione
789 1059 1001 1142 quarumdam
1042 1070 1198 1119 metarum
1234 1053 1416 1114 vinealium

149 1194 305 1237 novarum
331 1188 362 1234 et
393 1171 612 1234 destruccione
646 1170 864 1250 antiquarum,
886 1165 1003 1227 dilacio
1028 1163 1109 1226 facta
1140 1177 1187 1224 est
1209 1180 1266 1244 per
1290 1160 1415 1242 juratos

150 1302 251 1363 usque
276 1280 364 1342 aliud
381 1278 535 1359 judicium
561 1275 781 1337 consistoriale
799 1274 874 1355 quia
900 1292 982 1333 unus
999 1291 1036 1332 ex
1053 1270 1163 1352 juratis
1186 1269 1241 1350 qui
1267 1265 1417 1328 ambulat

150 1388 189 1449 ad
216 1385 428 1448 revidendum
446 1385 529 1466 ipsas
554 1397 655 1445 metas
679 1401 744 1444 non
769 1380 831 1442 luit
855 1393 885 1440 et
908 1381 1022 1440 absens
1046 1397 1063 1439 a
1087 1377 1198 1438 domo.

353 1621 450 1696 Ferit
478 1631 575 1694 sexta
604 1629 678 1709 post
709 1620 831 1692 testum
860 1617 1040 1708 Epiphanie
1068 1613 1206 1688 Domini.

547 1774 611 1854 (10.
628 1775 782 1851 januarii}
806 1792 875 1834 ann.
901 1768 1022 1850 1483).

258 1916 336 1977 Item
372 1915 561 1976 Dominicus
598 1916 758 1976 Perowicz
793 1914 942 1996 deposuit
981 1912 1197 1992 juramentum
1229 1911 1417 1972 mettercius

153 2035 260 2082 contra
287 2020 468 2083 Sthelanicz
493 2022 651 2082 sororium
676 2041 769 2082 suum
791 2040 848 2102 pro
867 2041 917 2096 eo,
942 2020 1028 2101 quod
1057 2019 1122 2100 ipse
1141 2016 1323 2080 Sthelanicz
1342 2037 1418 2099 pro-

154 2131 293 2210 ponebat
311 2141 420 2189 contra
444 2147 530 2206 eum,
555 2128 642 2209 quod
661 2129 726 2210 ipse
752 2129 942 2189 Dominicus
966 2127 1004 2188 de
1023 2126 1121 2187 domo
1140 2126 1238 2207 ipsius
1257 2123 1420 2186 Stefanicz

156 2234 325 2314 recepisset
349 2234 511 2316 sexaginta
536 2234 616 2311 flor,
642 2249 672 2294 et
689 2234 749 2295 hoc
771 2235 971 2316 proponebat
994 2235 1053 2293 sub
1071 2232 1171 2292 dubio
1188 2229 1277 2312 quod
1300 2229 1420 2291 dicitur

156 2340 254 2420 vulgo
279 2340 412 2422 nepeha‚
438 2354 469 2402 et
492 2341 559 2422 ipse
584 2341 774 2402 Dominicus
798 2341 913 2420 juravit
938 2340 1025 2422 quod
1051 2360 1115 2400 non
1142 2338 1277 2400 fecisset.

262 2464 339 2524 Item
366 2465 466 2526 Janlro
492 2465 641 2546 deposuit
657 2464 872 2545 juramentum
898 2464 974 2526 feria
991 2480 1076 2527 sexta
1102 2478 1174 2525 ante
1192 2462 1306 2525 festum
1325 2465 1419 2523 beate

156 2571 327 2632 KatherIne
352 2573 496 2653 proxime
520 2574 706 2654 preteritum
735 2587 843 2634 contra
869 2572 1028 2634 Stefanicz
1059 2591 1118 2654 pro
1143 2569 1285 2652 quodam
1311 2569 1416 2647 milio,

157 2678 245 2759 quod
271 2679 337 2760 ipse
363 2698 426 2739 non
453 2677 527 2740 fecit
551 2679 719 2760 deportare
744 2680 783 2739 de
809 2680 907 2740 domo
933 2680 1031 2761 ipsius
1056 2677 1226 2740 Stefanicz.

264 2803 339 2863 Item
365 2802 547 2863 Anthonius
572 2803 775 2864 Mlinarichin
809 2804 956 2864 similiter
981 2803 1094 2865 eodem
1128 2803 1179 2863 die
1204 2802 1420 2885 suprascripto

158 2908 305 2989 deposuit
337 2908 551 2986 juramentum
584 2924 694 2970 contra
727 2911 941 2971 Laurencium
974 2913 1208 2992 carpentarium
1240 2928 1336 2990 super
1368 2928 1421 2987 e0‚

159 3014 245 3095 quod
279 3015 344 3096 ipse
378 3016 498 3076 nullam
532 3018 700 3097 pecuniam
736 3038 841 3098 neque
874 3039 922 3078 res
953 3018 1078 3099 aliquas
1112 3017 1282 3099 recepisset
1316 3016 1420 3097 ipsius

159 3123 327 3183 Laurencii
353 3143 369 3182 a
395 3138 541 3184 consorte
566 3124 710 3184 eiusdem
737 3125 904 3185 laurencii
935 3125 1073 3206 demptis
1098 3125 1241 3205 quinque
1265 3122 1335 3184 flor.
1360 3122 1420 3203 qui

159 3226 286 3288 fuerunt
310 3229 571 3290 testamentaliter
595 3231 690 3311 legati
716 3251 771 3313 per
796 3232 941 3293 eandem.

265 3352 342 3412 Item
367 3372 459 3413 causa
485 3354 566 3414 inter
591 3353 769 3437 Georgium
787 3356 987 3417 Vithlrowicz
1005 3356 1197 3418 modernum
1222 3357 1361 3437 judicem
1391 3372 1425 3420 et

161 3457 366 3518 Dominicum
393 3458 555 3520 Perowicz
579 3461 738 3522 seniorem
763 3461 901 3541 judicem
928 3463 1057 3524 racione
1080 3462 1246 3523 cuiusdam
1270 3463 1424 3545 vituperii

161 3577 207 3624 est
231 3575 400 3644 prorogata
432 3585 533 3645 usque
567 3567 749 3647 proximum
781 3567 937 3648 judicium
970 3569 1057 3650 quod
1091 3582 1225 3650 utraque
1253 3589 1325 3651 pars
1348 3588 1426 3652 pro-

161 3670 256 3731 ducat
281 3683 385 3732 testes.

267 3774 345 3836 Item
371 3776 402 3835 in
428 3796 520 3838 causa
553 3778 635 3839 inter
660 3779 860 3841 Demetrium
893 3780 1007 3862 Syczki
1037 3782 1157 3844 dictum
1190 3781 1328 3860 juratum
1353 3802 1426 3845 mo·

162 3882 297 3942 dernum
324 3895 353 3940 et
372 3881 567 3944 Dorotheam
587 3885 728 3946 relictam
754 3886 890 3947 condam
909 3888 1033 3948 Nicolai
1051 3885 1143 3966 fabri,
1173 3889 1239 3969 ipsa
1258 3888 1425 3950 Dorothea

162 3991 257 4050 debet
281 3988 473 4069 respondere
499 3991 530 4051 in
556 3993 703 4072 proximo
727 3992 848 4073 judicio
873 3995 1075 4058 adveniente.

266 4113 343 4173 Item
376 4131 501 4173 causam
535 4115 616 4174 inter
647 4116 816 4178 Nicolaum
853 4133 994 4180 sutorem
1031 4121 1201 4181 Mikulicza
1236 4120 1356 4183 dictum
1394 4139 1426 4186 et

163 4219 340 4300 Georgium
370 4231 523 4298 sutorem,
555 4221 640 4281 idem
675 4221 834 4304 Georgius
865 4240 953 4286 sutor
985 4228 1097 4308 petivit
1122 4241 1153 4288 et
1184 4228 1359 4310 appellavit
1384 4230 1426 4292 ad

163 4326 266 4405 legem
292 4325 605 4387 consvetudinatiam
631 4328 776 4391 civitatis.

270 4448 345 4508 Item
373 4450 403 4509 in
429 4469 522 4510 causa
547 4452 628 4512 iuter
656 4454 829 4533 quemdam
863 4455 948 4516 Iwau
982 4471 1012 4519 et
1038 4458 1159 4519 Lucam
1185 4460 1333 4522 Ribaricz
1367 4482 1427 4543 pro

165 4554 305 4635 quodam
341 4555 482 4636 dampno
514 4577 570 4638 pet
601 4577 717 4639 aquam
751 4559 844 4637 lacto,
877 4562 1018 4643 prelatus
1052 4564 1137 4626 Iwan
1170 4566 1311 4648 deponet
1342 4567 1427 4648 jura-

165 4673 308 4720 mentum
335 4660 366 4721 in
392 4682 444 4722 ara
470 4677 576 4723 sancte
595 4663 707 4725 Crucis
731 4667 830 4745 solus,
855 4668 942 4748 quod
961 4670 1027 4751 ipse
1041 4685 1087 4732 est
1107 4691 1217 4753 passus
1236 4673 1426 4754 dampnum,

165 4785 260 4848 super
285 4782 406 4847 quanto
431 4768 582 4848 juraverit
614 4773 700 4851 quod
734 4794 790 4854 per
813 4795 931 4856 aquam
964 4793 1094 4859 propter
1126 4780 1361 4861 negligenciam
1396 4796 1428 4843 et

165 4870 325 4934 defectum
351 4875 449 4956 ipsius
476 4877 559 4937 Luce
587 4878 751 4956 Ribaric23
777 4896 807 4942 et
831 4882 891 4943 hoc
914 4883 1054 4964 deponet
1075 4883 1152 4947 feria
1177 4901 1262 4948 sexta
1280 4887 1427 4969 proxime

164 4994 323 5061 sequenti.
