3142 5356
515 1382 644 1481 (Anno
671 1379 828 1468 Domini
855 1378 1196 1480 mccccffltl)

820 1580 922 1587 ...—

240 1721 276 1796 ln
306 1722 447 1797 nomine
479 1719 640 1794 Domini.
669 1719 796 1795 Amen.
833 1720 938 1794 Anno
967 1718 1177 1795 Natiuitatis
1207 1720 1371 1795 eiusdem
1401 1720 1506 1793 mille-

241 1847 333 1920 simo
363 1845 718 1943 quadringentesimo
755 1845 941 1918 tricesimo
979 1852 1098 1933 sexto,
1126 1854 1294 1942 tempore
1324 1843 1507 1939 judicatus

241 1968 380 2044 Nicolai
396 1968 525 2065 judicis
555 1969 669 2043 nostri
691 1968 863 2057 moderni,
882 1966 941 2041 filii
962 1966 1122 2060 Fabiani,
1150 1990 1305 2066 presens
1333 1967 1509 2042 kathema

242 2102 300 2167 est
337 2093 542 2191 conscripta
581 2115 690 2190 super
727 2092 993 2189 registracione
1031 2100 1069 2167 et
1107 2092 1395 2189 consignacione
1435 2115 1507 2165 cer·

240 2225 356 2289 tarum
387 2217 568 2289 literarum
607 2214 881 2313 privilegialium
921 2216 1049 2289 civium
1078 2224 1116 2290 et
1151 2215 1397 2290 habitatorum
1426 2215 1506 2289 civi·

242 2339 329 2413 tatis
360 2345 554 2437 prenotate
584 2337 674 2412 infra
703 2338 978 2429 nominatorum,
1013 2363 1122 2437 super
1149 2339 1448 2438 possessionibus
1477 2338 1507 2410 in

296 2462 421 2537 eadem
452 2462 599 2536 civitate
629 2462 771 2537 eteius
800 2463 986 2537 territorio
1015 2463 1156 2551 habitis,
1194 2461 1457 2537 confectarum.

312 2697 406 2770 Feria
435 2708 559 2788 quarta
589 2701 743 2788 proxima
777 2709 855 2771 aute
885 2700 1005 2771 festum
1035 2697 1290 2772 Purificaciouis
1320 2700 1439 2771 Marie.

756 2860 797 2925 (1.
819 2853 990 2924 februaria).

350 2991 425 3052 ltem
451 2991 525 3071 quia
551 2990 684 3071 provida
709 2991 825 3052 mulier
842 2990 1019 3073 Elyzabetb
1052 3004 1165 3052 vocata
1190 2989 1254 3052 filia
1280 2989 1432 3070 Gregorii
1464 3011 1508 3052 re·

245 3099 319 3158 licta
344 3097 480 3158 condam
507 3096 639 3178 Georgii
673 3097 712 3158 de
746 3098 905 3180 Bosyak0,
937 3117 1028 3158 soror
1052 3116 1127 3157 vero
1158 3097 1283 3158 uterina
1308 3110 1339 3158 et
1374 3098 1508 3158 carnalis

244 3205 301 3264 viri
328 3203 464 3264 condam
490 3203 615 3284 providi
634 3202 787 3285 Stephani
812 3203 890 3264 olim
914 3202 1009 3282 jurati
1027 3217 1057 3263 et
1081 3203 1223 3264 concivis
1240 3202 1338 3263 nostri
1367 3201 1425 3264 filii
1443 3222 1507 3284 pre·

246 3310 298 3372 fati
326 3310 485 3391 Gregorii,
500 3324 530 3370 et
546 3310 746 3387 Valentinus,
764 3309 905 3371 Briccius
929 3322 959 3370 et
976 3309 1129 3370 Clemens
1156 3307 1214 3370 filii
1240 3306 1354 3389 prelati
1374 3307 1503 3389 Georgii

245 3439 281 3479 ex
307 3417 422 3479 eodem
449 3415 591 3496 Georgio
617 3430 647 3477 et
671 3416 812 3498 predicta
837 3415 1015 3498 Elyzabetb
1048 3415 1181 3476 muliere
1210 3414 1369 3496 legittime
1393 3434 1503 3497 proge-

245 3524 300 3584 niti
327 3538 358 3585 et
381 3522 549 3604 procreati,
574 3522 688 3582 totales
712 3522 931 3604 possessiones
955 3535 986 3582 et
1002 3523 1171 3604 porciones
1195 3539 1308 3582 eorum
1332 3520 1502 3602 possessio·

244 3629 349 3690 narias
373 3628 540 3689 videlicet:
567 3628 712 3706 domum,
728 3629 847 3706 vineas,
868 3643 967 3689 terras
991 3628 1136 3706 arabiles,
1161 3626 1314 3708 (b)0rtum
1339 3640 1371 3688 et
1395 3627 1502 3688 silvam

244 3736 320 3817 ipsis
344 3755 399 3817 per
423 3734 601 3816 predictum
624 3734 822 3814 Stephanum
848 3733 985 3814 juratum
1001 3733 1266 3796 testamentaliter
1282 3733 1417 3814 legatas,
1434 3752 1503 3815 pro·

245 3843 317 3901 vide
343 3841 468 3901 mulieri
496 3840 607 3899 Vrsula
632 3854 742 3900 vocate
767 3839 830 3901 filie
857 3841 940 3901 Petri
974 3839 1084 3901 relicte
1120 3839 1254 3921 predicti
1280 3839 1438 3920 Stephani
1461 3839 1502 3920 ju·

246 3949 302 4009 rati
329 3948 373 4008 sic
409 3947 607 4027 reliquerunt
632 3962 787 4028 perpetuo
820 3946 1029 4028 possidendas
1053 3960 1084 4007 et
1115 3945 1428 4028 quomodocumque
1452 3964 1502 4005 vo·

244 4055 339 4116 luerit
371 4053 605 4136 disponendas,
637 4068 670 4114 ut
706 4054 772 4135 ipsa
805 4054 920 4114 Vrsula
953 4054 1069 4115 mulier
1111 4066 1207 4136 prout
1239 4054 1357 4115 melius
1389 4055 1447 4115 scit
1476 4065 1504 4112 et

243 4175 348 4243 potest
384 4181 441 4242 pro
467 4160 573 4220 anima
599 4160 698 4241 ipsius
724 4159 876 4241 Stephani
902 4159 995 4240 jurati
1019 4159 1192 4221 memorias
1216 4173 1247 4219 et
1270 4159 1503 4221 celebraciones

246 4268 339 4329 faciat
363 4267 430 4329 fieri
456 4267 625 4343 salutares3
649 4280 679 4327 et
703 4267 778 4347 quia
797 4266 881 4326 idem
901 4265 1083 4348 Stephanus
1106 4265 1227 4345 juratus
1250 4265 1348 4327 aliam
1376 4266 1503 4328 domum

243 4395 333 4435 suam
351 4388 509 4435 muratam
538 4373 641 4433 medie
660 4373 757 4451 curie,
778 4372 874 4433 simul
892 4392 966 4433 cum
983 4371 1084 4433 fundo
1109 4385 1140 4432 et
1156 4371 1274 4432 celario
1298 4373 1502 4434 subterraneo

244 4501 279 4542 ac
304 4479 470 4558 hedificiis,
496 4501 532 4540 ac
549 4479 754 4540 medietatem
780 4478 872 4540 vinee
896 4499 951 4540 sue
969 4478 1077 4540 totalis
1101 4491 1132 4539 et
1148 4491 1229 4539 terre
1255 4478 1389 4539 arabilis
1406 4477 1502 4539 cuius·

244 4586 316 4648 dam
343 4587 424 4649 ultra
441 4586 575 4647 fluvium
594 4585 821 4666 Kalinowycza
847 4599 996 4645 vocatum
1014 4583 1133 4662 habite,
1157 4602 1193 4644 ac
1210 4583 1375 4664 quandam
1392 4597 1502 4645 terram

244 4694 396 4755 arabilem
422 4693 579 4753 dictarum
605 4705 738 4774 septem,
763 4711 798 4751 ac
823 4691 1028 4752 medietatem
1048 4688 1214 4751 cuiusdam
1239 4688 1349 4772 (b)0rti
1375 4704 1406 4751 et
1429 4688 1502 4750 silve

244 4820 315 4861 cum
341 4801 406 4861 suis
431 4799 621 4861 utilitatibus
646 4797 749 4858 eidem
775 4797 888 4857 Vrsule
922 4796 1049 4858 mulieri
1082 4796 1201 4878 legavit
1225 4808 1384 4878 perpetuo
1408 4791 1501 4879 possi·
