3142 5356
521 1451 990 1578 ADDENDA.

731 1727 754 1799 l.

92 1855 244 1943 schedas
264 1882 407 1944 librorum
436 1883 609 1942 citationum
640 1888 669 1938 et
699 1879 913 1940 Sententiarum
940 1888 1022 1956 (ann.
1054 1876 1289 1958 1450-1526),
1316 1880 1381 1939 sine

371 1991 459 2048 annis
480 1986 638 2063 inscriptis,
659 1987 766 2045 tabulis
788 1988 955 2044 citationum
978 1988 1115 2048 insertae.

734 2179 767 2247 1.

225 2325 298 2388 ltem
332 2326 475 2388 seniores
507 2324 630 2406 judices
662 2322 928 2404 adjudicaverunt
964 2341 1091 2383 causam
1125 2322 1207 2383 inter
1239 2322 1382 2404 pistrices

90 2417 238 2493 panum
263 2447 292 2495 et
316 2432 456 2515 judicem
480 2451 516 2493 ac
540 2431 660 2513 juratos
685 2431 859 2491 modernos
876 2430 1003 2491 racione
1029 2449 1094 2490 non
1119 2430 1222 2511 pistue
1248 2450 1381 2512 panum,

89 2524 210 2597 quod
232 2540 297 2621 ipse
320 2558 421 2621 panes
445 2557 510 2599 non
535 2538 735 2619 pinsuerunt‚
759 2536 814 2597 tali
844 2536 954 2613 modo,
986 2536 1073 2617 quod
1099 2536 1244 2617 quelibet
1269 2556 1378 2598 earum

91 2630 333 2734 ”framentum
367 2645 530 2727 deponere
562 2643 692 2705 habebit
724 2643 756 2703 in
793 2662 851 2720 en,
882 2642 970 2723 quod
1004 2643 1071 2725 ipse
1103 2642 1135 2704 in
1167 2644 1379 2725 obprobrium

91 2736 237 2813 cWitati
261 2772 360 2835 panes
384 2771 450 2812 non
482 2750 672 2833 pinsuerunt
697 2769 754 2810 nec
786 2749 919 2830 aliquod
952 2749 1123 2811 consilium
1148 2770 1245 2832 super
1271 2769 1310 2811 eo
1334 2763 1381 2812 te·

93 2841 273 2934 nu‘eruum
298 2876 504 2939 quecumque
529 2870 636 2918 autem
662 2874 772 2917 earum
805 2851 963 2936 prefatum
995 2853 1212 2935 juramentum
1238 2875 1301 2918 non
1328 2856 1382 2917 de·

94 2945 227 3040 Ρῦῠεῐ,
250 2977 326 3025 tunc
351 2963 560 3025 convincetur
584 2963 616 3023 in
641 2961 781 3042 birsagio
806 2961 942 3023 duarum
961 2981 1139 3023 marcarum
1165 2962 1382 3029 denariorum.

736 3155 769 3222 2.

226 3298 330 3362 Causa
356 3319 420 3381 que
444 3314 531 3361 mota
548 3297 632 3362 foret
656 3319 694 3361 ex
711 3313 799 3381 parte
818 3298 984 3361 cuiusdam
1012 3300 1094 3360 Petri
1113 3299 1152 3361 de
1177 3300 1383 3382 pertinenciis

98 3367 250 3484 okyth,
273 3406 328 3488 qui
354 3405 416 3467 hiis
440 3405 554 3468 diebus
571 3406 603 3467 in
621 3406 777 3468 suburbio
795 3406 941 3484 civitatis,
960 3405 991 3466 in
1010 3405 1109 3467 domo
1133 3405 1282 3467 videlicet
1300 3407 1383 3469 Lau·

92 3489 218 3572 ret¹cii
242 3512 335 3594 Spaci
361 3526 425 3573 tres
449 3526 537 3573 cutes
562 3512 676 3574 crudas
693 3527 723 3573 et
741 3531 873 3593 magnas
900 3513 1098 3573 subtraxerat
1122 3525 1153 3574 et
1168 3510 1290 3574 furatus
1312 3510 1384 3593 fuit,

90 3595 203 3676 quas
224 3619 352 3680 tandem
379 3631 468 3679 cutes
492 3619 681 3681 vendiderat
702 3618 864 3680 Clementi
882 3618 981 3679 sutori
1008 3633 1038 3679 et
1061 3618 1190 3679 Andree
1217 3617 1383 3681 Chranecz

86 3700 126 3746 (α
136 3722 307 3785 ἢείνίδυε
331 3724 458 3802 nostris,
476 3744 539 3805 que
563 3724 648 3806 apud
667 3725 796 3786 eosdem
820 3725 946 3805 cognite
965 3723 1093 3787 luerunt
1117 3739 1148 3787 et
1173 3723 1384 3806 manifestate,

84 3803 173 3881 qni
209 3848 283 3890 vcro
315 3830 465 3891 timentes
489 3849 528 3891 ne
562 3849 600 3891 ex
625 3829 685 3891 hoc
719 3830 796 3911 ipsis
828 3829 951 3911 aliquid
980 3831 1098 3891 sinistri
1133 3831 1242 3892 venire
1267 3845 1385 3913 posset,

83 3908 259 4006 ,eandem
285 3935 414 3997 Petrum
448 3934 550 3997 iurem
581 3936 764 3998 detinerunt
797 3951 826 3997 et
861 3937 900 3997 ad
932 3956 1072 3998 carceres
1097 3937 1251 4017 inponere
1284 3958 1385 4019 usque

80 4016 275 4110 iudicium
307 4040 470 4119 lecerunt;
501 4042 630 4104 tandem
665 4062 741 4104 vero
771 4063 826 4124 per
857 4042 977 4123 juratos
1002 4044 1044 4104 ita
1077 4043 1242 4104 inventum
1269 4058 1299 4105 et
1331 4044 1386 4105 ad·

78 4120 295 4266 'sufiicatum
320 4149 433 4224 extitit,
459 4149 547 4232 quod
581 4149 731 4210 videlicet
760 4169 796 4210 ex
830 4170 895 4231 quo
928 4151 959 4210 in
984 4151 1038 4212 tali
1065 4148 1252 4231 lurtici(ni)o
1285 4151 1386 4211 mani·

87 4229 200 4316 ἐξἵει
232 4270 377 4339 repertus
409 4269 473 4334 est,
505 4270 536 4316 et
566 4256 653 4317 solus
685 4254 785 4317 lassus
822 4269 868 4318 est
898 4254 1008 4318 iecisse
1042 4256 1101 4317 hoc
1134 4257 1239 4335 zelus,
1272 4258 1386 4319 merito

76 4333 271 4442 ⁸{¹&pendi
305 4360 505 4441 adjudicatus
530 4376 598 4438 est;
626 4363 680 4443 qui
706 4382 782 4424 vero
800 4363 892 4444 jurati
925 4362 1162 4423 considerantes
1194 4377 1224 4423 et
1248 4363 1330 4425 inter
1354 4383 1386 4424 se

76 4437 115 4493 h
128 4466 259 4528 Qissim
296 4467 438 4530 volendo
470 4468 668 4529 ruminantes
700 4469 804 4529 eidem
838 4483 1049 4551 pepercerunt
1080 4482 1110 4528 et
1133 4469 1273 4548 graciam
1306 4467 1387 4528 lece·

77 4544 196 4647 ¹}th
218 4573 273 4635 tali
299 4574 410 4654 mode,
427 4574 515 4655 quod
540 4574 691 4636 videlicet
719 4595 782 4636 una
807 4576 886 4636 cutis
910 4576 970 4636 sibi
1001 4575 1123 4657 imponi
1149 4575 1242 4635 etad
1268 4573 1386 4635 collum

90 4656 214 4743 ¹Rari
239 4681 354 4742 debeat
372 4695 403 4743 et
432 4681 588 4742 denudari
619 4700 718 4763 usque
748 4683 912 4762 cingulum
939 4697 968 4742 et
993 4682 1037 4742 sic
1062 4681 1244 4741 decivitate
1271 4678 1387 4761 expelli

85 4761 138 4824 et
188 4785 255 4847 eius
285 4787 448 4849 territorio
480 4787 534 4867 ita,
566 4788 654 4868 quod
688 4808 853 4869 nunquam
887 4788 926 4849 ad
959 4787 1155 4849 territorium
1188 4787 1282 4847 huius
1313 4785 1374 4847 civi

91 4864 320 4956 uxtistrenire
344 4908 542 4978 presummat
570 4914 630 4956 nec
655 4894 781 4973 debeat,
805 4895 829 4955 si
857 4914 933 4956 vero
959 4893 1208 4976 comprehensus
1240 4893 1271 4953 in
1300 4893 1388 4953 terri·

101 4974 210 5060 10rio
232 5000 368 5064 civitatis
391 4999 497 5081 luerit,
523 5015 639 5064 extunc
668 5022 783 5083 penam
802 5022 897 5083 quam
924 5004 1105 5065 merebatur
1130 5001 1239 5065 subire
1264 5001 1396 5065 debeat.
