3142 5356
158 306 215 368 168
683 309 769 366 Arene
792 321 884 384 1429.

259 517 335 578 ltem
355 516 507 579 Clemens
527 530 616 578 sutor
634 517 774 577 decanus
790 516 953 578 colendini
972 530 1116 579 sutorum
1133 484 1282 580 vendidit
1299 520 1421 582 medie·

154 639 254 689 tatem
280 626 397 687 domus
421 645 477 687 sue
495 625 527 686 in
544 626 616 687 vico
640 640 784 687 sutorum
803 626 885 686 inter
909 624 1027 687 fundos
1050 640 1081 687 et
1097 625 1214 688 domos
1238 626 1419 691 liberorum

151 732 314 794 Valentini
348 731 464 792 sutoris
496 745 527 792 et
558 730 644 801 lwan
677 731 762 793 Baril
796 731 914 810 habite,
946 751 1043 793 unam
1076 731 1229 794 videlicet
1258 748 1422 812 octavam,

152 837 287 899 Nicolao
311 838 411 900 sutori
435 836 502 899 filio
529 837 683 919 Stephani
708 852 864 920 perpetuo
889 837 1128 919 possidendam.

258 944 336 1005 Item
362 944 484 1026 Stoylto
511 943 596 1005 filius
628 944 754 1006 Lucasii
779 943 938 1024 Agathich
970 944 1058 1022 dicti,
1090 943 1253 1025 quendam
1279 943 1419 1007 fundum

147 1069 241 1111 suum
267 1069 404 1111 vacuum
429 1050 535 1111 medie
568 1051 667 1128 curie,
697 1051 778 1111 inter
802 1050 936 1110 domum
969 1063 1000 1111 et
1025 1048 1162 1110 fundum
1193 1069 1289 1111 suum
1317 1051 1420 1112 alium

146 1176 184 1216 ac
209 1156 291 1218 inter
309 1154 427 1217 fundos
451 1170 482 1217 et
506 1156 610 1217 curias
627 1155 685 1216 viri
711 1155 837 1237 providi
856 1169 887 1218 et
911 1156 1131 1237 circumspecti
1158 1155 1271 1218 Briccii
1290 1157 1419 1238 pridem

148 1261 263 1343 judicis
286 1259 343 1323 filii
370 1261 546 1339 Benedicti,
572 1277 602 1324 et
632 1262 750 1323 nobilis
767 1261 898 1324 domine
917 1262 1017 1322 Elene
1042 1261 1151 1323 relicte
1168 1261 1309 1323 condam
1327 1263 1413 1325 lwan

147 1366 205 1429 filii
224 1367 308 1428 lwan
326 1368 365 1428 de
383 1368 584 1429 Brezowicza
602 1367 758 1445 habitum,
793 1367 897 1429 eidem
916 1367 1040 1428 Briccio
1056 1387 1114 1449 pro
1130 1367 1233 1429 tribus
1250 1366 1321 1430 flor.
1340 1389 1417 1430 ven-

146 1473 228 1535 didit
252 1488 407 1556 perpetuo
438 1473 680 1555 possidendum.

253 1579 330 1640 ltem
362 1581 436 1661 quia
473 1581 520 1641 vir
553 1579 707 1662 providus
747 1580 936 1640 Dominicus
975 1579 1096 1658 juratus
1129 1579 1214 1641 lilius
1247 1580 1416 1664 Stephani,

146 1700 372 1747 testamentum
407 1685 536 1748 Thome
569 1686 700 1747 Kriuich
733 1685 789 1746 filii
823 1686 978 1747 Johannis
1009 1686 1103 1747 nobis
1139 1690 1348 1768 presentavit,
1384 1691 1414 1750 in

148 1810 213 1873 quo
231 1791 262 1852 id
280 1792 421 1853 vidimus
445 1792 613 1870 contineri,
631 1791 799 1873 quomodo
817 1793 883 1874 ipse
902 1791 1048 1853 Thomas
1068 1793 1128 1854 sibi
1145 1794 1279 1856 totalem
1297 1809 1414 1857 terram

147 1917 237 1959 suam
263 1897 419 1959 arabilem
445 1898 475 1958 in
503 1899 601 1977 Krog,
626 1897 813 1978 quindecim
839 1898 889 1959 vel
907 1898 983 1960 citra
1015 1898 1185 1978 dictarum,
1211 1900 1295 1962 inter
1318 1916 1415 1963 terras

149 2003 290 2065 Ladislai
316 2002 469 2065 aurifabri
495 2017 525 2063 et
550 2003 682 2065 ecclesie
712 2017 819 2065 nostre
853 2005 936 2066 beati
963 2004 1092 2066 Martini
1116 2006 1259 2088 episcopi
1285 2021 1318 2069 et
1340 2027 1413 2069 con·

149 2109 277 2171 sessoris
301 2108 454 2189 habitam,
477 2129 577 2190 usque
603 2109 643 2170 ad
669 2123 805 2171 mortem
839 2110 914 2171 dicti
940 2110 1103 2172 Dominici
1135 2113 1194 2172 sub
1220 2113 1411 2175 condicione

147 2216 276 2296 triginta
291 2215 458 2276 missarum
473 2235 530 2296 pro
555 2216 662 2276 anima
679 2236 735 2276 sua
749 2216 918 2297 legavisset
930 2215 1169 2298 possidendam,
1182 2233 1257 2300 post
1274 2234 1410 2280 mortem

148 2342 224 2383 vero
249 2321 393 2382 eiusdem
413 2321 574 2382 Dominici
600 2321 705 2401 jurati,
722 2323 858 2383 eandem
875 2336 991 2384 terram
1013 2323 1080 2404 ipse
1105 2322 1253 2386 Thomas
1277 2325 1407 2386 liberam

148 2429 320 2490 dimisisset
344 2429 535 2509 cuicumque
561 2428 627 2509 ipse
649 2428 838 2490 Dominicus
862 2429 893 2489 in
919 2448 1021 2508 agone
1055 2429 1203 2508 voluerit,
1228 2430 1363 2493 liberam
1380 2445 1408 2490 et

147 2534 327 2595 absolutam
358 2534 487 2615 legundi
514 2533 687 2594 dimisisset
711 2548 913 2616 potestatem,
946 2535 1020 2596 ideo
1046 2555 1105 2596 nos
1129 2535 1268 2598 eandem
1293 2552 1404 2599 terram

148 2642 206 2723 ipsi
240 2641 413 2702 Dominico
445 2641 574 2722 plenam
608 2641 706 2702 modo
739 2642 893 2724 premisso
932 2642 1118 2724 possidendi
1149 2657 1180 2705 et
1212 2643 1401 2727 disponendi

148 2747 370 2809 commisimus
395 2762 594 2828 potestatem.

257 2854 333 2914 ltem
358 2853 479 2934 Symon
505 2867 535 2914 et
560 2853 706 2914 Thomas
729 2853 786 2914 filii
811 2855 939 2915 Andree
979 2853 1037 2916 filii
1063 2854 1147 2916 lwan
1173 2856 1214 2918 de
1240 2855 1406 2935 Grathsan,

152 2959 231 3020 duas
255 2973 361 3040 partes
384 2959 475 3021 vinee
508 2979 564 3020 sue
593 2960 624 3020 in
657 2960 818 3020 territorio
850 2960 996 3038 civitatis,
1019 2960 1105 3041 juxta
1137 2962 1303 3042 quandam
1328 2965 1406 3024 viam

151 3065 313 3147 publicam
339 3085 487 3145 magnam
514 3080 544 3126 et
569 3085 774 3127 communem
801 3086 818 3127 a
843 3067 936 3148 plaga
952 3068 1218 3149 septemtrionali,
1243 3071 1284 3131 ab
1309 3071 1407 3132 orien-

152 3171 207 3232 tali
232 3190 309 3232 vero
335 3171 427 3252 plaga
452 3192 543 3232 secus
571 3172 732 3252 quandam
765 3173 892 3233 vineam
917 3173 1100 3255 Zrebinnyk
1132 3173 1231 3254 vulgo
1255 3188 1409 3252 vocatam,

153 3292 183 3338 et
208 3291 295 3359 parte
328 3277 533 3339 meridionali
567 3300 664 3360 penes
696 3279 858 3360 quandam
883 3292 999 3341 terram
1032 3281 1185 3343 arabilem
1211 3283 1408 3365 Margarethe

151 3385 259 3446 relicte
284 3384 421 3445 condam
448 3384 597 3466 Gregorii
624 3385 817 3467 Dolschyak,
842 3386 918 3446 item
937 3388 977 3446 ab
1002 3385 1168 3448 occidente
1194 3388 1225 3448 in
1251 3389 1409 3450 vicinitate

151 3491 281 3552 alterius
305 3491 398 3552 vinee
433 3491 553 3552 scilicet
586 3492 733 3572 empticie
766 3492 909 3552 eiusdem
943 3491 1153 3573 Margarethe,
1177 3513 1214 3555 ac
1245 3496 1409 3557 cuiusdam

150 3597 241 3657 vinee
267 3597 381 3658 Vrsule
406 3597 514 3659 relicte
539 3596 676 3657 condam
706 3597 869 3659 Benedicti
893 3598 1021 3659 Kozech
1046 3600 1234 3680 nuncupati,
1259 3601 1409 3679 habite,a

151 3717 238 3785 parte
255 3703 445 3764 occidentali
471 3704 619 3764 videlicet
637 3703 766 3785 prelatis
788 3705 890 3764 vineis
914 3705 1013 3786 ipsius
1031 3706 1231 3786 Margarethe
1249 3722 1281 3768 et
1298 3708 1409 3769 Vrsule

151 3811 237 3887 sitas,
262 3811 363 3871 Paulo
389 3809 456 3871 filio
481 3811 590 3871 Jacobi
616 3809 830 3872 vendiderunt
853 3811 1073 3892 possidendas,
1098 3811 1183 3873 salva
1209 3814 1307 3875 tercia
1324 3828 1411 3896 parte

151 3916 294 3978 eiusdem
320 3918 413 3978 vinee
439 3919 478 3977 ab
503 3919 625 3979 oriente
643 3918 712 3995 sita,
737 3937 833 3999 quam
858 3916 970 4000 prefati
989 3919 1110 4002 Symon
1136 3935 1166 3980 et
1191 3919 1339 3982 Thomas
1354 3941 1411 4004 pro

150 4045 181 4084 se
207 4039 418 4085 reservassent
434 4024 670 4105 possidendam.

257 4129 333 4190 ltem
359 4130 548 4190 Valentinus
564 4129 704 4191 carnifex
728 4130 812 4191 iilius
833 4131 958 4191 Nicolai
988 4130 1102 4212 lglicza
1128 4130 1275 4193 vendidit
1292 4133 1409 4193 medie·

150 4249 246 4297 tatem
279 4235 445 4296 cuiusdam
477 4238 602 4314 domus,
634 4235 724 4298 fundi
758 4252 788 4299 et
819 4239 926 4300 celarii
953 4240 983 4298 in
1010 4239 1146 4317 civitate,
1181 4239 1263 4301 inter
1297 4240 1410 4301 domos

150 4343 325 4402 liberorum
344 4342 501 4403 Praudich
527 4358 556 4403 et
575 4343 713 4425 Philippi
739 4345 868 4405 sartoris
885 4344 1003 4421 habite,
1020 4366 1036 4404 a
1054 4359 1141 4426 parte
1168 4359 1277 4406 tamen
1296 4346 1412 4407 domus

150 4448 292 4529 ipsorum
306 4447 480 4509 liberorum
499 4449 655 4510 Praudich
673 4450 776 4529 sitam,
789 4470 885 4511 unam
903 4464 1048 4531 quartam
1066 4463 1097 4511 et
1109 4450 1249 4512 mediam
1264 4466 1409 4514 octavam

150 4555 180 4615 in
206 4574 238 4615 se
263 4554 443 4633 habentem,
469 4556 577 4616 Marco
602 4554 668 4617 filio
695 4558 857 4618 Benedicti
883 4558 1056 4638 possessori
1081 4557 1211 4620 alterius
1228 4559 1411 4621 medietatis

150 4660 292 4720 eiusdem
319 4661 445 4738 domus,
475 4660 564 4722 fundi
599 4677 628 4722 et
653 4663 771 4739 colarii,
804 4664 898 4724 unius
922 4664 1068 4724 similiter
1093 4678 1204 4745 quarte
1233 4679 1265 4727 et
1289 4681 1406 4740 octave,

150 4786 207 4848 pro
224 4767 351 4848 triginta
370 4782 399 4828 et
417 4787 479 4828 una
494 4768 608 4828 marcis
621 4767 826 4831 denariorum
845 4769 989 4831 vendidit
1002 4783 1157 4852 perpetuo
1170 4771 1403 4852 possidendam.
