3142 5356
155 472 214 534 108
532 474 619 532 Aemo
641 482 733 550 1495.
756 505 801 516 -
820 485 851 549 4.
875 470 1035 530 decembris.

151 687 350 749 Laurencius
372 700 403 748 et
427 685 511 747 lwan
537 705 602 747 non
627 683 813 766 juraverim,
843 698 960 744 extunc
998 682 1029 743 in
1054 681 1208 764 porcione
1232 679 1420 743 eorumdem

150 796 367 872 sustinebunt,
391 794 522 857 terciam
548 811 625 854 vero
657 806 779 874 partem
812 788 934 872 prelata
960 789 1081 851 Jelicza
1113 788 1238 850 solvere
1263 788 1303 850 de
1328 788 1422 850 bonis

150 902 251 985 ipsius
284 901 422 962 Emerici
456 900 603 977 debebit,
636 897 777 982 prelatus
800 898 906 959 eciam
939 896 1025 958 lwan
1056 909 1356 978 quantumcumque
1381 893 1420 955 de

152 1007 284 1091 prelatis
315 1008 460 1091 pecuniis
492 1007 589 1068 habet
618 1005 796 1088 producere
830 1003 963 1066 debebit
986 1017 1017 1065 et
1042 1004 1172 1085 insuper
1202 1001 1307 1084 jurare
1332 1000 1421 1083 quod

154 1115 226 1198 plus
252 1134 316 1177 non
341 1114 438 1177 habet
461 1134 520 1176 nec
545 1113 697 1195 percepit.

460 1313 557 1387 Feria
585 1324 682 1387 sexta
712 1324 790 1387 ante
818 1315 941 1386 lestum
970 1311 1109 1385 Nicolai.

653 1529 697 1603 (4.
722 1526 897 1598 decembris).

260 1667 293 1727 ln
319 1686 412 1728 causa
436 1667 599 1728 Valentini
626 1667 791 1729 Buhanich
825 1667 865 1729 de
895 1667 1125 1728 Cherncouecz
1150 1682 1260 1729 contra
1284 1666 1423 1754 Nicolay

150 1773 218 1835 filio
245 1773 394 1853 Gregorii
419 1774 567 1835 similiter
593 1773 755 1835 Bahanicz
773 1773 811 1834 de
835 1774 948 1835 eadem
975 1773 1217 1851 Cherncouecz,
1241 1776 1421 1856 patruelem

150 1900 255 1959 suum,
282 1882 313 1941 in
341 1879 423 1941 lacto
448 1881 688 1941 interemtionis
705 1880 838 1961 Georgii
864 1882 1007 1961 germani
1027 1881 1103 1942 dicti
1128 1881 1303 1954 Valentini,
1321 1902 1420 1965 quem

150 2002 263 2069 sponte
288 1984 453 2048 confessus
477 2002 524 2048 est
549 2006 621 2048 cum
643 1987 784 2068 quodam
810 1987 939 2048 Thomu
958 1987 1025 2049 lilio
1051 1989 1177 2050 Nicolai
1203 1991 1363 2070 Agnesicz
1380 1990 1421 2053 de

151 2093 312 2155 Obrezina
337 2093 422 2155 idem
448 2093 601 2154 Nicoluus
625 2093 709 2154 filius
736 2093 886 2174 Gregorii
915 2094 1080 2172 occidisse,
1105 2095 1198 2175 jurati
1225 2096 1267 2156 ita
1292 2096 1421 2177 adjudi-

151 2214 314 2278 caverunt,
338 2200 426 2281 quod
453 2199 594 2282 prelatus
618 2201 808 2262 Valentinus
840 2201 1023 2262 terciusmet
1055 2201 1159 2279 iurare
1196 2202 1292 2264 debet
1323 2223 1422 2286 super

151 2307 271 2369 dictum
297 2307 467 2368 Nicolaum
493 2307 581 2387 quod
607 2307 674 2388 ipse
708 2322 754 2367 est
778 2327 872 2367 verus
904 2306 1089 2369 interfector
1118 2307 1194 2369 dicti
1220 2307 1366 2390 Georgii,
1391 2326 1423 2372 et

151 2414 213 2474 hoc
236 2414 318 2475 circa
351 2414 567 2489 mediascin03
600 2415 762 2495 completo
795 2414 976 2493 juramento
1000 2434 1037 2475 ex
1070 2434 1135 2495 quo
1160 2413 1289 2476 fratrem
1316 2432 1421 2497 preat·

150 2535 268 2582 tactum
294 2519 451 2583 interfecit
477 2521 561 2581 idem
587 2521 740 2581 Nicolaus
761 2521 876 2583 debeat
892 2522 974 2583 trahi
1000 2523 1031 2582 in
1057 2522 1157 2582 cauda
1175 2523 1250 2602 equi
1275 2543 1332 2605 per
1349 2524 1420 2606 pla-

149 2641 216 2688 teas
239 2628 376 2688 civitatis
401 2641 432 2687 et
462 2628 593 2687 tandem
626 2629 685 2687 sub
713 2627 858 2709 predicto
892 2628 1089 2689 mediascino
1122 2627 1274 2690 decolari.
1301 2629 1421 2712 Supra-

151 2733 271 2794 dictum
297 2732 453 2813 judicium
478 2734 593 2794 eodem
620 2734 672 2794 die
696 2735 894 2816 completum
920 2749 977 2796 est.

257 2839 290 2901 ln
314 2859 407 2900 causa
433 2860 495 2920 que
520 2842 702 2901 vertebatur
728 2842 809 2902 inter
827 2843 944 2919 Ellam,
973 2842 1181 2903 Valentinum
1207 2858 1237 2904 et
1262 2843 1419 2907 Mathiam

150 2943 325 3027 frenipares
349 2966 386 3007 ex
411 2961 499 3028 parte
517 2961 674 3008 certorum
702 2948 806 3008 litium
830 2949 984 3009 intereos
1009 2949 1192 3029 nuperrime
1216 2952 1417 3012 vertencium

151 3065 180 3113 et
206 3071 261 3133 per
285 3053 404 3131 juratos
432 3053 649 3133 adjudicatum
675 3074 710 3114 ac
739 3075 795 3136 per
813 3070 917 3136 partes
942 3055 981 3115 ad
999 3055 1142 3116 seniores
1159 3055 1281 3133 judices
1306 3058 1418 3138 appel·

151 3157 263 3236 latum,
295 3179 331 3220 ac
363 3160 464 3220 eciam
495 3174 654 3222 certorum
687 3161 918 3241 vituperiorum
953 3175 984 3223 et
1016 3161 1204 3240 injuriarum
1231 3176 1261 3222 et
1285 3177 1418 3224 contro·

151 3265 325 3325 versiarum
351 3266 439 3346 prius
463 3280 493 3326 et
518 3286 619 3347 usque
644 3266 743 3327 modo
772 3268 938 3344 factarum,
962 3281 1071 3328 tamen
1104 3269 1180 3348 quia
1205 3288 1260 3349 per
1283 3288 1419 3352 compo·

150 3371 305 3433 sicionem
332 3373 508 3452 proborum
533 3373 676 3432 virorum
701 3388 731 3433 et
756 3373 919 3435 seniorum
941 3373 1083 3452 judicum
1111 3375 1192 3436 inter
1217 3389 1322 3455 partes
1346 3396 1418 3457 pre·

151 3476 230 3539 fatas
254 3478 446 3554 habitarum,
471 3477 510 3538 de
536 3479 687 3539 omnibus
712 3479 847 3559 injuriis,
879 3481 1106 3541 controversiis
1138 3481 1169 3541 in
1194 3481 1249 3542 lite
1274 3496 1305 3541 et
1329 3497 1418 3545 extra

150 3582 249 3661 factis,
274 3596 380 3665 partes
404 3583 540 3664 prelatas
565 3584 772 3665 pacificarunt
797 3600 826 3646 et
848 3586 957 3646 onmia
984 3587 1065 3648 inter
1088 3606 1142 3646 eos
1159 3587 1263 3668 sopita
1287 3603 1362 3648 sunt
1387 3604 1419 3651 et

149 3691 305 3773 deposita,
329 3691 385 3752 tali
403 3691 533 3752 vinculo
559 3693 747 3772 interposito
772 3707 802 3753 et
819 3691 958 3770 firmam,
975 3694 1062 3774 quod
1088 3694 1113 3753 si
1138 3693 1245 3774 aliqua
1271 3696 1416 3774 parcium

149 3798 188 3858 de
211 3817 298 3858 novo
315 3799 452 3859 moverit
476 3798 527 3859 vel
545 3798 699 3879 inceperit
723 3799 773 3860 vel
799 3800 830 3859 in
849 3800 1013 3879 aliquibus
1037 3798 1167 3882 prefatis
1192 3799 1316 3881 injuriis
1333 3802 1416 3881 parti

149 3903 305 3983 objecerit
329 3905 562 3966 contumeliose
596 3918 627 3966 et
658 3904 718 3966 hoc
744 3926 815 3986 pars
847 3906 913 3966 lesa
938 3907 1075 3986 probare
1108 3906 1235 3986 poterit,
1260 3925 1299 3966 eo
1331 3904 1417 3969 lacto

148 4011 220 4072 talis
245 4011 334 4071 omni
354 4012 475 4073 honore
495 4011 576 4072 inter
600 4011 685 4072 cives
709 4012 849 4092 privetur
867 4027 897 4072 et
922 4032 1088 4093 nunquam
1114 4013 1145 4072 in
1171 4013 1340 4073 consilium
1359 4034 1418 4095 per

148 4117 287 4198 amplius
312 4117 516 4192 admittatur;
541 4118 565 4177 si
590 4137 667 4178 vero
692 4138 763 4198 pars
788 4118 896 4198 aliqua
921 4119 952 4178 in
975 4117 1105 4200 prelatis
1128 4119 1330 4199 gloriaretur,
1355 4141 1415 4202 pro

149 4223 303 4285 mendace
328 4243 454 4304 semper
471 4224 680 4306 reputabitur.
707 4224 808 4285 Cuius
825 4225 1027 4286 ordinacioni
1046 4240 1151 4306 partes
1176 4221 1296 4306 prefate
1317 4246 1414 4289 suum

148 4349 339 4391 consensum
364 4330 551 4390 benivolum
577 4329 709 4391 firmiter
733 4330 968 4391 observandam
994 4333 1201 4412 prebuerunt.
