<?xml version="1.0" encoding="UTF-8"?>
<!DOCTYPE html PUBLIC "-//W3C//DTD XHTML 1.0 Transitional//EN"
    "http://www.w3.org/TR/xhtml1/DTD/xhtml1-transitional.dtd">
<html xmlns="http://www.w3.org/1999/xhtml" xml:lang="en" lang="en">
 <head>
  <title>
</title>
<meta http-equiv="Content-Type" content="text/html;charset=utf-8" />
  <meta name='ocr-system' content='tesseract 3.04.00' />
  <meta name='ocr-capabilities' content='ocr_page ocr_carea ocr_par ocr_line ocrx_word'/>
</head>
<body>
  <div class='ocr_page' id='page_1' title='image "./monumentahistor17laszgoog_0537.png"; bbox 0 0 3156 5364; ppageno 0'>
   <div class='ocr_carea' id='block_1_1' title="bbox 151 283 1421 4832">
    <p class='ocr_par' dir='ltr' id='par_1_1' title="bbox 161 283 889 371">
     <span class='ocr_line' id='line_1_1' title="bbox 161 283 889 371; baseline -0.001 -21"><span class='ocrx_word' id='word_1_1' title='bbox 161 291 218 371; x_wconf 87' lang='lat'>158</span> <span class='ocrx_word' id='word_1_2' title='bbox 688 283 889 366; x_wconf 73' lang='lat' dir='ltr'>Ann01428.</span> 
     </span>
    </p>

    <p class='ocr_par' dir='ltr' id='par_1_2' title="bbox 154 496 1421 777">
     <span class='ocr_line' id='line_1_2' title="bbox 154 496 1419 583; baseline -0.006 -20"><span class='ocrx_word' id='word_1_3' title='bbox 154 504 295 580; x_wconf 90' lang='lat' dir='ltr'>missam,</span> <span class='ocrx_word' id='word_1_4' title='bbox 320 502 456 583; x_wconf 92' lang='lat' dir='ltr'>provido</span> <span class='ocrx_word' id='word_1_5' title='bbox 481 502 549 562; x_wconf 92' lang='lat' dir='ltr'>viro</span> <span class='ocrx_word' id='word_1_6' title='bbox 576 501 684 562; x_wconf 84' lang='lat' dir='ltr'>Marco</span> <span class='ocrx_word' id='word_1_7' title='bbox 708 499 822 560; x_wconf 90' lang='lat' dir='ltr'>cultori</span> <span class='ocrx_word' id='word_1_8' title='bbox 847 498 915 560; x_wconf 87' lang='lat' dir='ltr'>lilio</span> <span class='ocrx_word' id='word_1_9' title='bbox 945 497 1122 575; x_wconf 83' lang='lat' dir='ltr'>Benedicti,</span> <span class='ocrx_word' id='word_1_10' title='bbox 1146 496 1273 559; x_wconf 87' lang='lat' dir='ltr'>concivi</span> <span class='ocrx_word' id='word_1_11' title='bbox 1300 509 1419 572; x_wconf 90' lang='lat' dir='ltr'>nostro,</span> 
     </span>
     <span class='ocr_line' id='line_1_3' title="bbox 155 602 1421 691; baseline -0.006 -20"><span class='ocrx_word' id='word_1_12' title='bbox 155 631 212 691; x_wconf 94' lang='lat' dir='ltr'>pro</span> <span class='ocrx_word' id='word_1_13' title='bbox 237 610 449 691; x_wconf 86' lang='lat' dir='ltr'>quadraginta</span> <span class='ocrx_word' id='word_1_14' title='bbox 475 622 506 670; x_wconf 89' lang='lat' dir='ltr'>et</span> <span class='ocrx_word' id='word_1_15' title='bbox 530 620 669 689; x_wconf 89' lang='lat' dir='ltr'>quatuor</span> <span class='ocrx_word' id='word_1_16' title='bbox 700 605 770 668; x_wconf 91' lang='lat' dir='ltr'>flor.</span> <span class='ocrx_word' id='word_1_17' title='bbox 795 607 866 667; x_wconf 89' lang='lat' dir='ltr'>auri</span> <span class='ocrx_word' id='word_1_18' title='bbox 899 605 1115 667; x_wconf 88' lang='lat' dir='ltr'>vendiderunt</span> <span class='ocrx_word' id='word_1_19' title='bbox 1139 619 1300 686; x_wconf 89' lang='lat' dir='ltr'>perpetuo</span> <span class='ocrx_word' id='word_1_20' title='bbox 1324 602 1421 684; x_wconf 89' lang='lat' dir='ltr'>possi·</span> 
     </span>
     <span class='ocr_line' id='line_1_4' title="bbox 154 716 306 777; baseline -0.007 0"><span class='ocrx_word' id='word_1_21' title='bbox 154 716 306 777; x_wconf 89' lang='lat' dir='ltr'>dendam.</span> 
     </span>
    </p>

    <p class='ocr_par' dir='ltr' id='par_1_3' title="bbox 153 819 1419 2179">
     <span class='ocr_line' id='line_1_5' title="bbox 261 819 1419 900; baseline -0.005 -18"><span class='ocrx_word' id='word_1_22' title='bbox 261 822 338 884; x_wconf 90' lang='lat' dir='ltr'>ltem</span> <span class='ocrx_word' id='word_1_23' title='bbox 363 821 554 882; x_wconf 84' lang='lat' dir='ltr'>Valentinus</span> <span class='ocrx_word' id='word_1_24' title='bbox 578 819 716 884; x_wconf 82' lang='lat' dir='ltr'>carnifex</span> <span class='ocrx_word' id='word_1_25' title='bbox 735 821 819 883; x_wconf 89' lang='lat' dir='ltr'>lilius</span> <span class='ocrx_word' id='word_1_26' title='bbox 844 820 969 881; x_wconf 90' lang='lat' dir='ltr'>Nicolai</span> <span class='ocrx_word' id='word_1_27' title='bbox 988 820 1114 900; x_wconf 83' lang='lat' dir='ltr'>lglicza,</span> <span class='ocrx_word' id='word_1_28' title='bbox 1136 819 1281 880; x_wconf 86' lang='lat' dir='ltr'>concivis</span> <span class='ocrx_word' id='word_1_29' title='bbox 1305 831 1419 891; x_wconf 89' lang='lat' dir='ltr'>noster,</span> 
     </span>
     <span class='ocr_line' id='line_1_6' title="bbox 156 924 1417 989; baseline -0.005 -1"><span class='ocrx_word' id='word_1_30' title='bbox 156 929 360 989; x_wconf 89' lang='lat' dir='ltr'>medietatem</span> <span class='ocrx_word' id='word_1_31' title='bbox 388 927 554 989; x_wconf 90' lang='lat' dir='ltr'>cuiusdam</span> <span class='ocrx_word' id='word_1_32' title='bbox 581 928 698 989; x_wconf 91' lang='lat' dir='ltr'>domus</span> <span class='ocrx_word' id='word_1_33' title='bbox 729 947 786 989; x_wconf 90' lang='lat' dir='ltr'>sue</span> <span class='ocrx_word' id='word_1_34' title='bbox 813 928 845 987; x_wconf 93' lang='lat' dir='ltr'>in</span> <span class='ocrx_word' id='word_1_35' title='bbox 870 927 996 988; x_wconf 91' lang='lat' dir='ltr'>civitate</span> <span class='ocrx_word' id='word_1_36' title='bbox 1030 927 1110 987; x_wconf 92' lang='lat' dir='ltr'>inter</span> <span class='ocrx_word' id='word_1_37' title='bbox 1135 926 1253 986; x_wconf 89' lang='lat' dir='ltr'>domos</span> <span class='ocrx_word' id='word_1_38' title='bbox 1279 924 1417 985; x_wconf 89' lang='lat' dir='ltr'>virorum</span> 
     </span>
     <span class='ocr_line' id='line_1_7' title="bbox 156 1029 1418 1115; baseline -0.003 -21"><span class='ocrx_word' id='word_1_39' title='bbox 156 1035 365 1115; x_wconf 90' lang='lat' dir='ltr'>providorum</span> <span class='ocrx_word' id='word_1_40' title='bbox 400 1034 528 1096; x_wconf 85' lang='lat' dir='ltr'>Andree</span> <span class='ocrx_word' id='word_1_41' title='bbox 561 1049 592 1096; x_wconf 90' lang='lat' dir='ltr'>et</span> <span class='ocrx_word' id='word_1_42' title='bbox 616 1034 755 1115; x_wconf 87' lang='lat' dir='ltr'>Philippi</span> <span class='ocrx_word' id='word_1_43' title='bbox 788 1048 945 1095; x_wconf 91' lang='lat' dir='ltr'>sartorum</span> <span class='ocrx_word' id='word_1_44' title='bbox 978 1048 1009 1094; x_wconf 89' lang='lat' dir='ltr'>et</span> <span class='ocrx_word' id='word_1_45' title='bbox 1041 1033 1220 1095; x_wconf 90' lang='lat' dir='ltr'>Clementis</span> <span class='ocrx_word' id='word_1_46' title='bbox 1254 1029 1418 1105; x_wconf 88' lang='lat' dir='ltr'>Praudich,</span> 
     </span>
     <span class='ocr_line' id='line_1_8' title="bbox 155 1137 1416 1218; baseline -0.005 -17"><span class='ocrx_word' id='word_1_47' title='bbox 155 1141 336 1202; x_wconf 85' lang='lat' dir='ltr'>concivium</span> <span class='ocrx_word' id='word_1_48' title='bbox 363 1155 544 1202; x_wconf 90' lang='lat' dir='ltr'>nostrorum</span> <span class='ocrx_word' id='word_1_49' title='bbox 581 1140 700 1218; x_wconf 91' lang='lat' dir='ltr'>habite,</span> <span class='ocrx_word' id='word_1_50' title='bbox 728 1141 868 1201; x_wconf 88' lang='lat' dir='ltr'>mediam</span> <span class='ocrx_word' id='word_1_51' title='bbox 901 1140 1022 1201; x_wconf 91' lang='lat' dir='ltr'>curiam</span> <span class='ocrx_word' id='word_1_52' title='bbox 1047 1153 1078 1201; x_wconf 92' lang='lat' dir='ltr'>et</span> <span class='ocrx_word' id='word_1_53' title='bbox 1102 1154 1250 1201; x_wconf 88' lang='lat' dir='ltr'>octavam</span> <span class='ocrx_word' id='word_1_54' title='bbox 1275 1138 1306 1198; x_wconf 90' lang='lat' dir='ltr'>in</span> <span class='ocrx_word' id='word_1_55' title='bbox 1332 1156 1364 1197; x_wconf 90' lang='lat' dir='ltr'>se</span> <span class='ocrx_word' id='word_1_56' title='bbox 1389 1137 1416 1195; x_wconf 89' lang='lat' dir='ltr'>in</span> 
     </span>
     <span class='ocr_line' id='line_1_9' title="bbox 153 1241 1416 1326; baseline -0.006 -18"><span class='ocrx_word' id='word_1_57' title='bbox 153 1261 222 1308; x_wconf 93' lang='lat' dir='ltr'>toto</span> <span class='ocrx_word' id='word_1_58' title='bbox 246 1247 451 1321; x_wconf 89' lang='lat' dir='ltr'>continentis,</span> <span class='ocrx_word' id='word_1_59' title='bbox 476 1260 598 1326; x_wconf 91' lang='lat' dir='ltr'>partem</span> <span class='ocrx_word' id='word_1_60' title='bbox 624 1267 679 1307; x_wconf 89' lang='lat' dir='ltr'>seu</span> <span class='ocrx_word' id='word_1_61' title='bbox 704 1245 908 1306; x_wconf 89' lang='lat' dir='ltr'>medietatem</span> <span class='ocrx_word' id='word_1_62' title='bbox 942 1246 1042 1326; x_wconf 90' lang='lat' dir='ltr'>ipsius</span> <span class='ocrx_word' id='word_1_63' title='bbox 1073 1246 1191 1307; x_wconf 94' lang='lat' dir='ltr'>domus</span> <span class='ocrx_word' id='word_1_64' title='bbox 1215 1258 1246 1306; x_wconf 91' lang='lat' dir='ltr'>et</span> <span class='ocrx_word' id='word_1_65' title='bbox 1270 1241 1362 1307; x_wconf 78' lang='lat' dir='ltr'>fundi</span> <span class='ocrx_word' id='word_1_66' title='bbox 1384 1261 1416 1301; x_wconf 87' lang='lat' dir='ltr'>ac</span> 
     </span>
     <span class='ocr_line' id='line_1_10' title="bbox 155 1350 1415 1434; baseline -0.003 -22"><span class='ocrx_word' id='word_1_67' title='bbox 155 1353 261 1414; x_wconf 90' lang='lat' dir='ltr'>celarii</span> <span class='ocrx_word' id='word_1_68' title='bbox 288 1368 317 1413; x_wconf 85' lang='lat' dir='ltr'>ct</span> <span class='ocrx_word' id='word_1_69' title='bbox 350 1351 628 1421; x_wconf 82' lang='lat' dir='ltr'>hedificiorum,a</span> <span class='ocrx_word' id='word_1_70' title='bbox 660 1367 748 1434; x_wconf 88' lang='lat' dir='ltr'>parte</span> <span class='ocrx_word' id='word_1_71' title='bbox 782 1353 940 1414; x_wconf 88' lang='lat' dir='ltr'>dictorum</span> <span class='ocrx_word' id='word_1_72' title='bbox 967 1352 1095 1413; x_wconf 82' lang='lat' dir='ltr'>Andree</span> <span class='ocrx_word' id='word_1_73' title='bbox 1128 1368 1157 1413; x_wconf 92' lang='lat' dir='ltr'>et</span> <span class='ocrx_word' id='word_1_74' title='bbox 1186 1350 1327 1431; x_wconf 85' lang='lat' dir='ltr'>Philippi</span> <span class='ocrx_word' id='word_1_75' title='bbox 1359 1368 1415 1409; x_wconf 89' lang='lat' dir='ltr'>sar·</span> 
     </span>
     <span class='ocr_line' id='line_1_11' title="bbox 154 1455 1415 1539; baseline -0.002 -21"><span class='ocrx_word' id='word_1_76' title='bbox 154 1473 259 1519; x_wconf 91' lang='lat' dir='ltr'>torum</span> <span class='ocrx_word' id='word_1_77' title='bbox 287 1458 439 1533; x_wconf 87' lang='lat' dir='ltr'>habitam,</span> <span class='ocrx_word' id='word_1_78' title='bbox 466 1478 561 1519; x_wconf 91' lang='lat' dir='ltr'>unam</span> <span class='ocrx_word' id='word_1_79' title='bbox 580 1472 725 1539; x_wconf 78' lang='lat' dir='ltr'>quartam</span> <span class='ocrx_word' id='word_1_80' title='bbox 752 1474 782 1519; x_wconf 90' lang='lat' dir='ltr'>et</span> <span class='ocrx_word' id='word_1_81' title='bbox 806 1460 944 1519; x_wconf 93' lang='lat' dir='ltr'>mediam</span> <span class='ocrx_word' id='word_1_82' title='bbox 964 1474 1122 1535; x_wconf 89' lang='lat' dir='ltr'>octavam,</span> <span class='ocrx_word' id='word_1_83' title='bbox 1146 1477 1219 1519; x_wconf 90' lang='lat' dir='ltr'>cum</span> <span class='ocrx_word' id='word_1_84' title='bbox 1243 1458 1310 1517; x_wconf 87' lang='lat' dir='ltr'>suis</span> <span class='ocrx_word' id='word_1_85' title='bbox 1327 1455 1415 1536; x_wconf 89' lang='lat' dir='ltr'>perti-</span> 
     </span>
     <span class='ocr_line' id='line_1_12' title="bbox 155 1564 1414 1645; baseline -0.003 -19"><span class='ocrx_word' id='word_1_86' title='bbox 155 1566 277 1626; x_wconf 87' lang='lat' dir='ltr'>nenciis</span> <span class='ocrx_word' id='word_1_87' title='bbox 312 1567 419 1626; x_wconf 90' lang='lat' dir='ltr'>Marco</span> <span class='ocrx_word' id='word_1_88' title='bbox 452 1565 565 1626; x_wconf 93' lang='lat' dir='ltr'>cultori</span> <span class='ocrx_word' id='word_1_89' title='bbox 591 1564 659 1625; x_wconf 91' lang='lat' dir='ltr'>filio</span> <span class='ocrx_word' id='word_1_90' title='bbox 693 1565 865 1642; x_wconf 79' lang='lat' dir='ltr'>Benedicti</span> <span class='ocrx_word' id='word_1_91' title='bbox 900 1585 972 1626; x_wconf 92' lang='lat' dir='ltr'>cum</span> <span class='ocrx_word' id='word_1_92' title='bbox 1004 1585 1116 1626; x_wconf 86' lang='lat' dir='ltr'>securo</span> <span class='ocrx_word' id='word_1_93' title='bbox 1142 1566 1288 1645; x_wconf 82' lang='lat' dir='ltr'>ingressu</span> <span class='ocrx_word' id='word_1_94' title='bbox 1314 1577 1345 1623; x_wconf 94' lang='lat' dir='ltr'>et</span> <span class='ocrx_word' id='word_1_95' title='bbox 1371 1581 1414 1622; x_wconf 91' lang='lat' dir='ltr'>re·</span> 
     </span>
     <span class='ocr_line' id='line_1_13' title="bbox 154 1668 1415 1753; baseline -0.005 -21"><span class='ocrx_word' id='word_1_96' title='bbox 154 1693 263 1753; x_wconf 81' lang='lat' dir='ltr'>gressu</span> <span class='ocrx_word' id='word_1_97' title='bbox 289 1687 361 1733; x_wconf 92' lang='lat' dir='ltr'>ante</span> <span class='ocrx_word' id='word_1_98' title='bbox 386 1687 416 1732; x_wconf 86' lang='lat' dir='ltr'>et</span> <span class='ocrx_word' id='word_1_99' title='bbox 432 1686 527 1749; x_wconf 90' lang='lat' dir='ltr'>retro,</span> <span class='ocrx_word' id='word_1_100' title='bbox 551 1692 609 1753; x_wconf 91' lang='lat' dir='ltr'>pro</span> <span class='ocrx_word' id='word_1_101' title='bbox 625 1673 754 1752; x_wconf 86' lang='lat' dir='ltr'>triginta</span> <span class='ocrx_word' id='word_1_102' title='bbox 781 1688 810 1732; x_wconf 89' lang='lat' dir='ltr'>et</span> <span class='ocrx_word' id='word_1_103' title='bbox 828 1692 889 1732; x_wconf 93' lang='lat' dir='ltr'>una</span> <span class='ocrx_word' id='word_1_104' title='bbox 912 1673 1027 1732; x_wconf 88' lang='lat' dir='ltr'>marcis</span> <span class='ocrx_word' id='word_1_105' title='bbox 1044 1671 1250 1732; x_wconf 88' lang='lat' dir='ltr'>denariorum</span> <span class='ocrx_word' id='word_1_106' title='bbox 1277 1668 1415 1730; x_wconf 86' lang='lat' dir='ltr'>vendidit</span> 
     </span>
     <span class='ocr_line' id='line_1_14' title="bbox 155 1773 1413 1862; baseline -0.007 -22"><span class='ocrx_word' id='word_1_107' title='bbox 155 1795 310 1862; x_wconf 90' lang='lat' dir='ltr'>perpetuo</span> <span class='ocrx_word' id='word_1_108' title='bbox 336 1778 575 1859; x_wconf 85' lang='lat' dir='ltr'>possidendam,</span> <span class='ocrx_word' id='word_1_109' title='bbox 600 1779 687 1839; x_wconf 89' lang='lat' dir='ltr'>salva</span> <span class='ocrx_word' id='word_1_110' title='bbox 712 1779 772 1838; x_wconf 90' lang='lat' dir='ltr'>alia</span> <span class='ocrx_word' id='word_1_111' title='bbox 803 1778 971 1838; x_wconf 86' lang='lat' dir='ltr'>medietate</span> <span class='ocrx_word' id='word_1_112' title='bbox 1006 1777 1148 1839; x_wconf 90' lang='lat' dir='ltr'>eiusdem</span> <span class='ocrx_word' id='word_1_113' title='bbox 1175 1777 1304 1851; x_wconf 92' lang='lat' dir='ltr'>domus,</span> <span class='ocrx_word' id='word_1_114' title='bbox 1330 1773 1413 1835; x_wconf 82' lang='lat' dir='ltr'>fundi</span> 
     </span>
     <span class='ocr_line' id='line_1_15' title="bbox 155 1884 1411 1966; baseline -0.006 -19"><span class='ocrx_word' id='word_1_115' title='bbox 155 1902 185 1947; x_wconf 92' lang='lat' dir='ltr'>et</span> <span class='ocrx_word' id='word_1_116' title='bbox 209 1886 328 1960; x_wconf 88' lang='lat' dir='ltr'>celarii,</span> <span class='ocrx_word' id='word_1_117' title='bbox 353 1907 368 1945; x_wconf 89' lang='lat' dir='ltr'>a</span> <span class='ocrx_word' id='word_1_118' title='bbox 395 1899 482 1966; x_wconf 90' lang='lat' dir='ltr'>parte</span> <span class='ocrx_word' id='word_1_119' title='bbox 506 1884 580 1944; x_wconf 91' lang='lat' dir='ltr'>dicti</span> <span class='ocrx_word' id='word_1_120' title='bbox 609 1884 766 1944; x_wconf 72' lang='lat' dir='ltr'>l’raudich</span> <span class='ocrx_word' id='word_1_121' title='bbox 794 1885 972 1945; x_wconf 89' lang='lat' dir='ltr'>Clementis</span> <span class='ocrx_word' id='word_1_122' title='bbox 1003 1884 1123 1960; x_wconf 92' lang='lat' dir='ltr'>hahita,</span> <span class='ocrx_word' id='word_1_123' title='bbox 1148 1903 1246 1944; x_wconf 92' lang='lat' dir='ltr'>unam</span> <span class='ocrx_word' id='word_1_124' title='bbox 1273 1896 1411 1963; x_wconf 84' lang='lat' dir='ltr'>quartam</span> 
     </span>
     <span class='ocr_line' id='line_1_16' title="bbox 155 1989 1413 2072; baseline -0.007 -19"><span class='ocrx_word' id='word_1_125' title='bbox 155 2009 185 2054; x_wconf 94' lang='lat' dir='ltr'>et</span> <span class='ocrx_word' id='word_1_126' title='bbox 218 1993 355 2052; x_wconf 90' lang='lat' dir='ltr'>mediam</span> <span class='ocrx_word' id='word_1_127' title='bbox 389 2007 533 2051; x_wconf 84' lang='lat' dir='ltr'>octavam</span> <span class='ocrx_word' id='word_1_128' title='bbox 565 1991 594 2050; x_wconf 93' lang='lat' dir='ltr'>in</span> <span class='ocrx_word' id='word_1_129' title='bbox 628 2011 660 2051; x_wconf 92' lang='lat' dir='ltr'>se</span> <span class='ocrx_word' id='word_1_130' title='bbox 693 1992 893 2067; x_wconf 84' lang='lat' dir='ltr'>continente,</span> <span class='ocrx_word' id='word_1_131' title='bbox 926 2010 1022 2070; x_wconf 91' lang='lat' dir='ltr'>quarn</span> <span class='ocrx_word' id='word_1_132' title='bbox 1056 1989 1197 2072; x_wconf 86' lang='lat' dir='ltr'>prelatus</span> <span class='ocrx_word' id='word_1_133' title='bbox 1229 1989 1413 2050; x_wconf 88' lang='lat' dir='ltr'>Valentinus</span> 
     </span>
     <span class='ocr_line' id='line_1_17' title="bbox 154 2097 887 2179; baseline -0.005 -18"><span class='ocrx_word' id='word_1_134' title='bbox 154 2098 292 2161; x_wconf 81' lang='lat' dir='ltr'>carnifex</span> <span class='ocrx_word' id='word_1_135' title='bbox 319 2118 374 2179; x_wconf 90' lang='lat' dir='ltr'>pro</span> <span class='ocrx_word' id='word_1_136' title='bbox 400 2119 432 2157; x_wconf 87' lang='lat' dir='ltr'>se</span> <span class='ocrx_word' id='word_1_137' title='bbox 458 2097 630 2157; x_wconf 84' lang='lat' dir='ltr'>reservavit</span> <span class='ocrx_word' id='word_1_138' title='bbox 650 2097 887 2178; x_wconf 90' lang='lat' dir='ltr'>possidendam.</span> 
     </span>
    </p>

    <p class='ocr_par' dir='ltr' id='par_1_4' title="bbox 154 2201 1411 3028">
     <span class='ocr_line' id='line_1_18' title="bbox 262 2201 1410 2283; baseline -0.005 -18"><span class='ocrx_word' id='word_1_139' title='bbox 262 2205 338 2266; x_wconf 90' lang='lat' dir='ltr'>ltem</span> <span class='ocrx_word' id='word_1_140' title='bbox 365 2204 511 2264; x_wconf 88' lang='lat' dir='ltr'>Thomas</span> <span class='ocrx_word' id='word_1_141' title='bbox 535 2202 619 2263; x_wconf 89' lang='lat' dir='ltr'>lilius</span> <span class='ocrx_word' id='word_1_142' title='bbox 644 2203 772 2263; x_wconf 80' lang='lat' dir='ltr'>Andree</span> <span class='ocrx_word' id='word_1_143' title='bbox 790 2203 977 2283; x_wconf 82' lang='lat' dir='ltr'>gladiatoris</span> <span class='ocrx_word' id='word_1_144' title='bbox 1001 2202 1076 2262; x_wconf 88' lang='lat' dir='ltr'>dicti</span> <span class='ocrx_word' id='word_1_145' title='bbox 1103 2202 1229 2279; x_wconf 89' lang='lat' dir='ltr'>Mosna,</span> <span class='ocrx_word' id='word_1_146' title='bbox 1256 2201 1410 2282; x_wconf 90' lang='lat' dir='ltr'>quandam</span> 
     </span>
     <span class='ocr_line' id='line_1_19' title="bbox 154 2308 1410 2371; baseline -0.002 -2"><span class='ocrx_word' id='word_1_147' title='bbox 154 2312 280 2371; x_wconf 88' lang='lat' dir='ltr'>vineam</span> <span class='ocrx_word' id='word_1_148' title='bbox 299 2329 388 2370; x_wconf 91' lang='lat' dir='ltr'>suam</span> <span class='ocrx_word' id='word_1_149' title='bbox 415 2310 445 2369; x_wconf 93' lang='lat' dir='ltr'>in</span> <span class='ocrx_word' id='word_1_150' title='bbox 465 2309 624 2368; x_wconf 89' lang='lat' dir='ltr'>territorio</span> <span class='ocrx_word' id='word_1_151' title='bbox 650 2309 784 2369; x_wconf 89' lang='lat' dir='ltr'>civitatis</span> <span class='ocrx_word' id='word_1_152' title='bbox 810 2309 890 2368; x_wconf 90' lang='lat' dir='ltr'>inter</span> <span class='ocrx_word' id='word_1_153' title='bbox 915 2309 1024 2369; x_wconf 90' lang='lat' dir='ltr'>vineas</span> <span class='ocrx_word' id='word_1_154' title='bbox 1050 2308 1212 2369; x_wconf 85' lang='lat' dir='ltr'>Valentini</span> <span class='ocrx_word' id='word_1_155' title='bbox 1231 2309 1361 2368; x_wconf 88' lang='lat' dir='ltr'>cultoris</span> <span class='ocrx_word' id='word_1_156' title='bbox 1384 2320 1410 2367; x_wconf 88' lang='lat' dir='ltr'>et</span> 
     </span>
     <span class='ocr_line' id='line_1_20' title="bbox 155 2414 1410 2496; baseline -0.002 -20"><span class='ocrx_word' id='word_1_157' title='bbox 155 2435 372 2478; x_wconf 90' lang='lat' dir='ltr'>successorum</span> <span class='ocrx_word' id='word_1_158' title='bbox 398 2434 452 2475; x_wconf 92' lang='lat' dir='ltr'>seu</span> <span class='ocrx_word' id='word_1_159' title='bbox 470 2415 644 2476; x_wconf 89' lang='lat' dir='ltr'>liberorum</span> <span class='ocrx_word' id='word_1_160' title='bbox 671 2415 807 2475; x_wconf 92' lang='lat' dir='ltr'>condam</span> <span class='ocrx_word' id='word_1_161' title='bbox 827 2414 979 2496; x_wconf 87' lang='lat' dir='ltr'>Stephani</span> <span class='ocrx_word' id='word_1_162' title='bbox 999 2415 1148 2496; x_wconf 89' lang='lat' dir='ltr'>pincerne</span> <span class='ocrx_word' id='word_1_163' title='bbox 1174 2414 1327 2489; x_wconf 88' lang='lat' dir='ltr'>habitam,</span> <span class='ocrx_word' id='word_1_164' title='bbox 1345 2433 1410 2475; x_wconf 91' lang='lat' dir='ltr'>cum</span> 
     </span>
     <span class='ocr_line' id='line_1_21' title="bbox 155 2521 1410 2603; baseline -0.002 -20"><span class='ocrx_word' id='word_1_165' title='bbox 155 2524 220 2583; x_wconf 92' lang='lat' dir='ltr'>suis</span> <span class='ocrx_word' id='word_1_166' title='bbox 245 2522 461 2603; x_wconf 88' lang='lat' dir='ltr'>pertinenciis,</span> <span class='ocrx_word' id='word_1_167' title='bbox 486 2521 546 2581; x_wconf 89' lang='lat' dir='ltr'>sibi</span> <span class='ocrx_word' id='word_1_168' title='bbox 572 2541 608 2580; x_wconf 82' lang='lat' dir='ltr'>ex</span> <span class='ocrx_word' id='word_1_169' title='bbox 634 2521 799 2599; x_wconf 81' lang='lat' dir='ltr'>legacione</span> <span class='ocrx_word' id='word_1_170' title='bbox 824 2522 956 2602; x_wconf 87' lang='lat' dir='ltr'>predicti</span> <span class='ocrx_word' id='word_1_171' title='bbox 984 2523 1081 2603; x_wconf 91' lang='lat' dir='ltr'>patris</span> <span class='ocrx_word' id='word_1_172' title='bbox 1104 2535 1135 2582; x_wconf 90' lang='lat' dir='ltr'>et</span> <span class='ocrx_word' id='word_1_173' title='bbox 1160 2521 1334 2582; x_wconf 88' lang='lat' dir='ltr'>Katherine</span> <span class='ocrx_word' id='word_1_174' title='bbox 1352 2541 1410 2581; x_wconf 90' lang='lat' dir='ltr'>ma·</span> 
     </span>
     <span class='ocr_line' id='line_1_22' title="bbox 155 2625 1409 2709; baseline -0.002 -20"><span class='ocrx_word' id='word_1_175' title='bbox 155 2631 210 2690; x_wconf 91' lang='lat' dir='ltr'>tris</span> <span class='ocrx_word' id='word_1_176' title='bbox 233 2649 287 2689; x_wconf 89' lang='lat' dir='ltr'>sue</span> <span class='ocrx_word' id='word_1_177' title='bbox 314 2641 385 2709; x_wconf 91' lang='lat' dir='ltr'>post</span> <span class='ocrx_word' id='word_1_178' title='bbox 409 2627 533 2688; x_wconf 89' lang='lat' dir='ltr'>obitum</span> <span class='ocrx_word' id='word_1_179' title='bbox 559 2628 748 2688; x_wconf 91' lang='lat' dir='ltr'>eorumdem</span> <span class='ocrx_word' id='word_1_180' title='bbox 771 2647 876 2688; x_wconf 90' lang='lat' dir='ltr'>coram</span> <span class='ocrx_word' id='word_1_181' title='bbox 896 2629 989 2688; x_wconf 91' lang='lat' dir='ltr'>nobis</span> <span class='ocrx_word' id='word_1_182' title='bbox 1014 2648 1069 2709; x_wconf 93' lang='lat' dir='ltr'>per</span> <span class='ocrx_word' id='word_1_183' title='bbox 1093 2625 1306 2689; x_wconf 81' lang='lat' dir='ltr'>sufficientem</span> <span class='ocrx_word' id='word_1_184' title='bbox 1332 2647 1409 2688; x_wconf 91' lang='lat' dir='ltr'>com·</span> 
     </span>
     <span class='ocr_line' id='line_1_23' title="bbox 155 2734 1411 2822; baseline -0.002 -26"><span class='ocrx_word' id='word_1_185' title='bbox 155 2737 383 2818; x_wconf 90' lang='lat' dir='ltr'>prohacionem</span> <span class='ocrx_word' id='word_1_186' title='bbox 411 2735 441 2794; x_wconf 93' lang='lat' dir='ltr'>in</span> <span class='ocrx_word' id='word_1_187' title='bbox 467 2734 531 2794; x_wconf 92' lang='lat' dir='ltr'>alio</span> <span class='ocrx_word' id='word_1_188' title='bbox 551 2736 683 2794; x_wconf 87' lang='lat' dir='ltr'>katerno</span> <span class='ocrx_word' id='word_1_189' title='bbox 708 2747 817 2796; x_wconf 91' lang='lat' dir='ltr'>nostro</span> <span class='ocrx_word' id='word_1_190' title='bbox 834 2734 976 2813; x_wconf 90' lang='lat' dir='ltr'>judiciali</span> <span class='ocrx_word' id='word_1_191' title='bbox 1003 2736 1167 2822; x_wconf 90' lang='lat' dir='ltr'>communi</span> <span class='ocrx_word' id='word_1_192' title='bbox 1186 2735 1411 2815; x_wconf 83' lang='lat' dir='ltr'>consignatam,</span> 
     </span>
     <span class='ocr_line' id='line_1_24' title="bbox 155 2838 1410 2922; baseline -0.002 -21"><span class='ocrx_word' id='word_1_193' title='bbox 155 2862 209 2922; x_wconf 88' lang='lat' dir='ltr'>per</span> <span class='ocrx_word' id='word_1_194' title='bbox 234 2862 292 2902; x_wconf 91' lang='lat' dir='ltr'>nos</span> <span class='ocrx_word' id='word_1_195' title='bbox 316 2854 477 2917; x_wconf 89' lang='lat' dir='ltr'>statutam,</span> <span class='ocrx_word' id='word_1_196' title='bbox 495 2839 614 2900; x_wconf 88' lang='lat' dir='ltr'>Mathie</span> <span class='ocrx_word' id='word_1_197' title='bbox 638 2838 705 2900; x_wconf 89' lang='lat' dir='ltr'>filio</span> <span class='ocrx_word' id='word_1_198' title='bbox 731 2839 885 2900; x_wconf 88' lang='lat' dir='ltr'>lohannis</span> <span class='ocrx_word' id='word_1_199' title='bbox 910 2861 967 2922; x_wconf 93' lang='lat' dir='ltr'>pro</span> <span class='ocrx_word' id='word_1_200' title='bbox 992 2841 1237 2921; x_wconf 89' lang='lat' dir='ltr'>quatuordecim</span> <span class='ocrx_word' id='word_1_201' title='bbox 1263 2841 1332 2902; x_wconf 87' lang='lat' dir='ltr'>llor.</span> <span class='ocrx_word' id='word_1_202' title='bbox 1349 2840 1410 2901; x_wconf 91' lang='lat' dir='ltr'>auri</span> 
     </span>
     <span class='ocr_line' id='line_1_25' title="bbox 154 2946 742 3028; baseline 0.003 -23"><span class='ocrx_word' id='word_1_203' title='bbox 154 2947 299 3008; x_wconf 88' lang='lat' dir='ltr'>vendidit</span> <span class='ocrx_word' id='word_1_204' title='bbox 324 2959 479 3028; x_wconf 92' lang='lat' dir='ltr'>perpetuo</span> <span class='ocrx_word' id='word_1_205' title='bbox 504 2946 742 3026; x_wconf 86' lang='lat' dir='ltr'>possidendam.</span> 
     </span>
    </p>

    <p class='ocr_par' dir='ltr' id='par_1_5' title="bbox 152 3051 1408 4088">
     <span class='ocr_line' id='line_1_26' title="bbox 261 3051 1408 3114; baseline 0 -2"><span class='ocrx_word' id='word_1_206' title='bbox 261 3053 337 3114; x_wconf 90' lang='lat' dir='ltr'>Item</span> <span class='ocrx_word' id='word_1_207' title='bbox 364 3052 508 3112; x_wconf 78' lang='lat' dir='ltr'>Andreas</span> <span class='ocrx_word' id='word_1_208' title='bbox 540 3065 640 3112; x_wconf 92' lang='lat' dir='ltr'>sartor</span> <span class='ocrx_word' id='word_1_209' title='bbox 673 3051 758 3112; x_wconf 84' lang='lat' dir='ltr'>lilius</span> <span class='ocrx_word' id='word_1_210' title='bbox 790 3053 872 3113; x_wconf 82' lang='lat' dir='ltr'>Petri</span> <span class='ocrx_word' id='word_1_211' title='bbox 899 3054 1044 3113; x_wconf 88' lang='lat' dir='ltr'>vendidit</span> <span class='ocrx_word' id='word_1_212' title='bbox 1077 3053 1173 3113; x_wconf 91' lang='lat' dir='ltr'>aliam</span> <span class='ocrx_word' id='word_1_213' title='bbox 1201 3067 1232 3114; x_wconf 91' lang='lat' dir='ltr'>et</span> <span class='ocrx_word' id='word_1_214' title='bbox 1257 3053 1408 3113; x_wconf 89' lang='lat' dir='ltr'>residuam</span> 
     </span>
     <span class='ocr_line' id='line_1_27' title="bbox 155 3158 1407 3220; baseline -0.001 -1"><span class='ocrx_word' id='word_1_215' title='bbox 155 3160 358 3220; x_wconf 91' lang='lat' dir='ltr'>medietatem</span> <span class='ocrx_word' id='word_1_216' title='bbox 386 3159 501 3219; x_wconf 90' lang='lat' dir='ltr'>domus</span> <span class='ocrx_word' id='word_1_217' title='bbox 526 3158 558 3218; x_wconf 92' lang='lat' dir='ltr'>in</span> <span class='ocrx_word' id='word_1_218' title='bbox 583 3158 665 3218; x_wconf 92' lang='lat' dir='ltr'>dicta</span> <span class='ocrx_word' id='word_1_219' title='bbox 692 3159 817 3218; x_wconf 88' lang='lat' dir='ltr'>civitate</span> <span class='ocrx_word' id='word_1_220' title='bbox 843 3161 925 3219; x_wconf 89' lang='lat' dir='ltr'>inter</span> <span class='ocrx_word' id='word_1_221' title='bbox 949 3159 1064 3219; x_wconf 92' lang='lat' dir='ltr'>domos</span> <span class='ocrx_word' id='word_1_222' title='bbox 1092 3173 1122 3220; x_wconf 90' lang='lat' dir='ltr'>et</span> <span class='ocrx_word' id='word_1_223' title='bbox 1147 3159 1251 3220; x_wconf 89' lang='lat' dir='ltr'>curias</span> <span class='ocrx_word' id='word_1_224' title='bbox 1275 3160 1407 3220; x_wconf 90' lang='lat' dir='ltr'>virorum</span> 
     </span>
     <span class='ocr_line' id='line_1_28' title="bbox 154 3264 1408 3347; baseline -0.001 -22"><span class='ocrx_word' id='word_1_225' title='bbox 154 3267 361 3347; x_wconf 90' lang='lat' dir='ltr'>providorum</span> <span class='ocrx_word' id='word_1_226' title='bbox 389 3265 516 3324; x_wconf 90' lang='lat' dir='ltr'>Thome</span> <span class='ocrx_word' id='word_1_227' title='bbox 542 3265 659 3325; x_wconf 90' lang='lat' dir='ltr'>sutoris</span> <span class='ocrx_word' id='word_1_228' title='bbox 683 3264 835 3325; x_wconf 81' lang='lat' dir='ltr'>Ochwirlr</span> <span class='ocrx_word' id='word_1_229' title='bbox 864 3266 1082 3346; x_wconf 85' lang='lat' dir='ltr'>cognominati</span> <span class='ocrx_word' id='word_1_230' title='bbox 1109 3280 1139 3327; x_wconf 93' lang='lat' dir='ltr'>et</span> <span class='ocrx_word' id='word_1_231' title='bbox 1163 3267 1326 3328; x_wconf 88' lang='lat' dir='ltr'>Valentini</span> <span class='ocrx_word' id='word_1_232' title='bbox 1351 3285 1408 3326; x_wconf 89' lang='lat' dir='ltr'>car·</span> 
     </span>
     <span class='ocr_line' id='line_1_29' title="bbox 153 3370 1408 3447; baseline -0.002 -15"><span class='ocrx_word' id='word_1_233' title='bbox 153 3372 255 3433; x_wconf 85' lang='lat' dir='ltr'>nilicis</span> <span class='ocrx_word' id='word_1_234' title='bbox 279 3392 314 3432; x_wconf 92' lang='lat' dir='ltr'>ac</span> <span class='ocrx_word' id='word_1_235' title='bbox 341 3372 437 3431; x_wconf 89' lang='lat' dir='ltr'>Marci</span> <span class='ocrx_word' id='word_1_236' title='bbox 467 3371 598 3431; x_wconf 88' lang='lat' dir='ltr'>cultoris</span> <span class='ocrx_word' id='word_1_237' title='bbox 622 3370 776 3447; x_wconf 90' lang='lat' dir='ltr'>habitam,</span> <span class='ocrx_word' id='word_1_238' title='bbox 801 3372 939 3432; x_wconf 91' lang='lat' dir='ltr'>mediam</span> <span class='ocrx_word' id='word_1_239' title='bbox 959 3373 1079 3432; x_wconf 91' lang='lat' dir='ltr'>curiam</span> <span class='ocrx_word' id='word_1_240' title='bbox 1099 3372 1129 3432; x_wconf 91' lang='lat' dir='ltr'>in</span> <span class='ocrx_word' id='word_1_241' title='bbox 1154 3392 1188 3433; x_wconf 88' lang='lat' dir='ltr'>se</span> <span class='ocrx_word' id='word_1_242' title='bbox 1213 3373 1408 3447; x_wconf 90' lang='lat' dir='ltr'>continentis,</span> 
     </span>
     <span class='ocr_line' id='line_1_30' title="bbox 153 3475 1407 3554; baseline -0.002 -15"><span class='ocrx_word' id='word_1_243' title='bbox 153 3480 248 3539; x_wconf 92' lang='lat' dir='ltr'>simul</span> <span class='ocrx_word' id='word_1_244' title='bbox 281 3499 353 3539; x_wconf 91' lang='lat' dir='ltr'>cum</span> <span class='ocrx_word' id='word_1_245' title='bbox 388 3478 559 3538; x_wconf 90' lang='lat' dir='ltr'>medietate</span> <span class='ocrx_word' id='word_1_246' title='bbox 591 3475 681 3539; x_wconf 86' lang='lat' dir='ltr'>fundi</span> <span class='ocrx_word' id='word_1_247' title='bbox 722 3493 752 3539; x_wconf 88' lang='lat' dir='ltr'>et</span> <span class='ocrx_word' id='word_1_248' title='bbox 784 3476 1026 3554; x_wconf 90' lang='lat' dir='ltr'>hedificiorum,</span> <span class='ocrx_word' id='word_1_249' title='bbox 1059 3499 1156 3540; x_wconf 88' lang='lat' dir='ltr'>unam</span> <span class='ocrx_word' id='word_1_250' title='bbox 1190 3480 1407 3541; x_wconf 88' lang='lat' dir='ltr'>tantummodo</span> 
     </span>
     <span class='ocr_line' id='line_1_31' title="bbox 153 3584 1406 3665; baseline -0.002 -20"><span class='ocrx_word' id='word_1_251' title='bbox 153 3600 299 3665; x_wconf 87' lang='lat' dir='ltr'>quartam</span> <span class='ocrx_word' id='word_1_252' title='bbox 325 3585 409 3645; x_wconf 88' lang='lat' dir='ltr'>curie</span> <span class='ocrx_word' id='word_1_253' title='bbox 436 3585 466 3643; x_wconf 92' lang='lat' dir='ltr'>in</span> <span class='ocrx_word' id='word_1_254' title='bbox 486 3604 517 3643; x_wconf 91' lang='lat' dir='ltr'>se</span> <span class='ocrx_word' id='word_1_255' title='bbox 543 3585 771 3661; x_wconf 90' lang='lat' dir='ltr'>continentem,</span> <span class='ocrx_word' id='word_1_256' title='bbox 789 3584 925 3665; x_wconf 93' lang='lat' dir='ltr'>provido</span> <span class='ocrx_word' id='word_1_257' title='bbox 950 3585 1018 3645; x_wconf 92' lang='lat' dir='ltr'>viro</span> <span class='ocrx_word' id='word_1_258' title='bbox 1044 3584 1194 3665; x_wconf 86' lang='lat' dir='ltr'>Philippo</span> <span class='ocrx_word' id='word_1_259' title='bbox 1219 3587 1330 3648; x_wconf 90' lang='lat' dir='ltr'>sartori</span> <span class='ocrx_word' id='word_1_260' title='bbox 1348 3584 1406 3646; x_wconf 85' lang='lat' dir='ltr'>filio</span> 
     </span>
     <span class='ocr_line' id='line_1_32' title="bbox 154 3690 1406 3773; baseline -0.002 -22"><span class='ocrx_word' id='word_1_261' title='bbox 154 3693 262 3773; x_wconf 90' lang='lat' dir='ltr'>Woyn</span> <span class='ocrx_word' id='word_1_262' title='bbox 288 3712 346 3772; x_wconf 93' lang='lat' dir='ltr'>pro</span> <span class='ocrx_word' id='word_1_263' title='bbox 371 3705 491 3771; x_wconf 92' lang='lat' dir='ltr'>septem</span> <span class='ocrx_word' id='word_1_264' title='bbox 518 3690 587 3752; x_wconf 87' lang='lat' dir='ltr'>flor.</span> <span class='ocrx_word' id='word_1_265' title='bbox 613 3692 681 3750; x_wconf 88' lang='lat' dir='ltr'>auri</span> <span class='ocrx_word' id='word_1_266' title='bbox 707 3691 852 3750; x_wconf 91' lang='lat' dir='ltr'>vendidit</span> <span class='ocrx_word' id='word_1_267' title='bbox 880 3706 1036 3772; x_wconf 89' lang='lat' dir='ltr'>perpetuo</span> <span class='ocrx_word' id='word_1_268' title='bbox 1054 3692 1303 3773; x_wconf 66' lang='lat' dir='ltr'>possidendam</span> <span class='ocrx_word' id='word_1_269' title='bbox 1327 3693 1406 3754; x_wconf 88' lang='lat' dir='ltr'>cuius</span> 
     </span>
     <span class='ocr_line' id='line_1_33' title="bbox 153 3796 1405 3880; baseline 0.002 -25"><span class='ocrx_word' id='word_1_270' title='bbox 153 3797 268 3857; x_wconf 91' lang='lat' dir='ltr'>domus</span> <span class='ocrx_word' id='word_1_271' title='bbox 286 3798 380 3857; x_wconf 89' lang='lat' dir='ltr'>aliam</span> <span class='ocrx_word' id='word_1_272' title='bbox 399 3797 603 3857; x_wconf 86' lang='lat' dir='ltr'>medietatem</span> <span class='ocrx_word' id='word_1_273' title='bbox 623 3811 739 3858; x_wconf 87' lang='lat' dir='ltr'>rectam</span> <span class='ocrx_word' id='word_1_274' title='bbox 757 3796 904 3857; x_wconf 92' lang='lat' dir='ltr'>similiter</span> <span class='ocrx_word' id='word_1_275' title='bbox 921 3811 951 3857; x_wconf 91' lang='lat' dir='ltr'>et</span> <span class='ocrx_word' id='word_1_276' title='bbox 964 3797 1124 3877; x_wconf 89' lang='lat' dir='ltr'>equalem,</span> <span class='ocrx_word' id='word_1_277' title='bbox 1142 3818 1242 3859; x_wconf 92' lang='lat' dir='ltr'>unam</span> <span class='ocrx_word' id='word_1_278' title='bbox 1260 3814 1405 3880; x_wconf 90' lang='lat' dir='ltr'>quartam,</span> 
     </span>
     <span class='ocr_line' id='line_1_34' title="bbox 154 3902 1406 3984; baseline 0 -23"><span class='ocrx_word' id='word_1_279' title='bbox 154 3902 238 3962; x_wconf 91' lang='lat' dir='ltr'>idem</span> <span class='ocrx_word' id='word_1_280' title='bbox 266 3903 433 3983; x_wconf 81' lang='lat' dir='ltr'>Philippus</span> <span class='ocrx_word' id='word_1_281' title='bbox 458 3903 544 3983; x_wconf 90' lang='lat' dir='ltr'>prius</span> <span class='ocrx_word' id='word_1_282' title='bbox 577 3905 616 3964; x_wconf 91' lang='lat' dir='ltr'>ab</span> <span class='ocrx_word' id='word_1_283' title='bbox 648 3904 762 3964; x_wconf 90' lang='lat' dir='ltr'>eodem</span> <span class='ocrx_word' id='word_1_284' title='bbox 789 3903 917 3964; x_wconf 78' lang='lat' dir='ltr'>Andrea</span> <span class='ocrx_word' id='word_1_285' title='bbox 950 3904 1128 3984; x_wconf 89' lang='lat' dir='ltr'>empcionis</span> <span class='ocrx_word' id='word_1_286' title='bbox 1152 3906 1247 3967; x_wconf 89' lang='lat' dir='ltr'>titulo</span> <span class='ocrx_word' id='word_1_287' title='bbox 1272 3905 1406 3967; x_wconf 87' lang='lat' dir='ltr'>similiter</span> 
     </span>
     <span class='ocr_line' id='line_1_35' title="bbox 152 4009 347 4088; baseline 0.01 -21"><span class='ocrx_word' id='word_1_288' title='bbox 152 4009 347 4088; x_wconf 89' lang='lat' dir='ltr'>possidebat.</span> 
     </span>
    </p>

    <p class='ocr_par' dir='ltr' id='par_1_6' title="bbox 151 4114 1404 4832">
     <span class='ocr_line' id='line_1_36' title="bbox 259 4114 1404 4197; baseline 0.001 -24"><span class='ocrx_word' id='word_1_289' title='bbox 259 4114 335 4175; x_wconf 88' lang='lat' dir='ltr'>Item</span> <span class='ocrx_word' id='word_1_290' title='bbox 359 4128 425 4174; x_wconf 88' lang='lat' dir='ltr'>tota</span> <span class='ocrx_word' id='word_1_291' title='bbox 450 4115 664 4174; x_wconf 90' lang='lat' dir='ltr'>communitas</span> <span class='ocrx_word' id='word_1_292' title='bbox 688 4115 850 4196; x_wconf 91' lang='lat' dir='ltr'>quandam</span> <span class='ocrx_word' id='word_1_293' title='bbox 877 4115 1003 4176; x_wconf 89' lang='lat' dir='ltr'>vineam</span> <span class='ocrx_word' id='word_1_294' title='bbox 1029 4117 1157 4197; x_wconf 88' lang='lat' dir='ltr'>penitus</span> <span class='ocrx_word' id='word_1_295' title='bbox 1181 4117 1364 4179; x_wconf 85' lang='lat' dir='ltr'>inlorestam</span> <span class='ocrx_word' id='word_1_296' title='bbox 1380 4127 1404 4176; x_wconf 87' lang='lat' dir='ltr'>et</span> 
     </span>
     <span class='ocr_line' id='line_1_37' title="bbox 152 4219 1403 4296; baseline 0.002 -19"><span class='ocrx_word' id='word_1_297' title='bbox 152 4219 320 4296; x_wconf 86' lang='lat' dir='ltr'>desertam,</span> <span class='ocrx_word' id='word_1_298' title='bbox 346 4220 617 4295; x_wconf 90' lang='lat' dir='ltr'>condicionalem,</span> <span class='ocrx_word' id='word_1_299' title='bbox 642 4222 672 4281; x_wconf 93' lang='lat' dir='ltr'>in</span> <span class='ocrx_word' id='word_1_300' title='bbox 699 4223 857 4282; x_wconf 90' lang='lat' dir='ltr'>territorio</span> <span class='ocrx_word' id='word_1_301' title='bbox 882 4236 991 4283; x_wconf 91' lang='lat' dir='ltr'>nostro</span> <span class='ocrx_word' id='word_1_302' title='bbox 1017 4223 1233 4286; x_wconf 92' lang='lat' dir='ltr'>condicionali</span> <span class='ocrx_word' id='word_1_303' title='bbox 1262 4226 1342 4285; x_wconf 92' lang='lat' dir='ltr'>inter</span> <span class='ocrx_word' id='word_1_304' title='bbox 1367 4223 1403 4280; x_wconf 89' lang='lat' dir='ltr'>vi·</span> 
     </span>
     <span class='ocr_line' id='line_1_38' title="bbox 152 4326 1402 4410; baseline 0.003 -26"><span class='ocrx_word' id='word_1_305' title='bbox 152 4345 244 4385; x_wconf 90' lang='lat' dir='ltr'>neam</span> <span class='ocrx_word' id='word_1_306' title='bbox 269 4326 416 4386; x_wconf 91' lang='lat' dir='ltr'>similiter</span> <span class='ocrx_word' id='word_1_307' title='bbox 440 4326 697 4387; x_wconf 88' lang='lat' dir='ltr'>condicionalem</span> <span class='ocrx_word' id='word_1_308' title='bbox 733 4341 763 4388; x_wconf 91' lang='lat' dir='ltr'>et</span> <span class='ocrx_word' id='word_1_309' title='bbox 788 4328 944 4388; x_wconf 87' lang='lat' dir='ltr'>desertam</span> <span class='ocrx_word' id='word_1_310' title='bbox 977 4329 1104 4410; x_wconf 94' lang='lat' dir='ltr'>providi</span> <span class='ocrx_word' id='word_1_311' title='bbox 1129 4330 1187 4390; x_wconf 93' lang='lat' dir='ltr'>viri</span> <span class='ocrx_word' id='word_1_312' title='bbox 1216 4331 1300 4392; x_wconf 87' lang='lat' dir='ltr'>Petri</span> <span class='ocrx_word' id='word_1_313' title='bbox 1326 4331 1402 4391; x_wconf 86' lang='lat' dir='ltr'>Hun-</span> 
     </span>
     <span class='ocr_line' id='line_1_39' title="bbox 151 4431 1403 4514; baseline 0.001 -23"><span class='ocrx_word' id='word_1_314' title='bbox 151 4434 216 4510; x_wconf 81' lang='lat' dir='ltr'>gari</span> <span class='ocrx_word' id='word_1_315' title='bbox 242 4431 298 4493; x_wconf 85' lang='lat' dir='ltr'>lilii</span> <span class='ocrx_word' id='word_1_316' title='bbox 322 4433 410 4492; x_wconf 85' lang='lat' dir='ltr'>Pauli</span> <span class='ocrx_word' id='word_1_317' title='bbox 436 4434 699 4512; x_wconf 88' lang='lat' dir='ltr'>aseptemtrione</span> <span class='ocrx_word' id='word_1_318' title='bbox 716 4434 820 4511; x_wconf 92' lang='lat' dir='ltr'>sitam,</span> <span class='ocrx_word' id='word_1_319' title='bbox 846 4447 876 4495; x_wconf 90' lang='lat' dir='ltr'>et</span> <span class='ocrx_word' id='word_1_320' title='bbox 900 4435 1075 4514; x_wconf 83' lang='lat' dir='ltr'>virgultum</span> <span class='ocrx_word' id='word_1_321' title='bbox 1092 4455 1149 4496; x_wconf 90' lang='lat' dir='ltr'>seu</span> <span class='ocrx_word' id='word_1_322' title='bbox 1174 4450 1291 4498; x_wconf 87' lang='lat' dir='ltr'>terram</span> <span class='ocrx_word' id='word_1_323' title='bbox 1310 4451 1403 4497; x_wconf 88' lang='lat' dir='ltr'>nostre</span> 
     </span>
     <span class='ocr_line' id='line_1_40' title="bbox 151 4539 1402 4625; baseline 0.002 -28"><span class='ocrx_word' id='word_1_324' title='bbox 151 4539 364 4599; x_wconf 92' lang='lat' dir='ltr'>communitas</span> <span class='ocrx_word' id='word_1_325' title='bbox 388 4541 544 4599; x_wconf 91' lang='lat' dir='ltr'>desertam</span> <span class='ocrx_word' id='word_1_326' title='bbox 578 4540 823 4600; x_wconf 89' lang='lat' dir='ltr'>ameridionali</span> <span class='ocrx_word' id='word_1_327' title='bbox 848 4555 937 4622; x_wconf 87' lang='lat' dir='ltr'>parte</span> <span class='ocrx_word' id='word_1_328' title='bbox 968 4541 1123 4620; x_wconf 90' lang='lat' dir='ltr'>habitam,</span> <span class='ocrx_word' id='word_1_329' title='bbox 1159 4543 1299 4625; x_wconf 88' lang='lat' dir='ltr'>desuper</span> <span class='ocrx_word' id='word_1_330' title='bbox 1321 4564 1338 4604; x_wconf 87' lang='lat' dir='ltr'>a</span> <span class='ocrx_word' id='word_1_331' title='bbox 1360 4541 1402 4601; x_wconf 89' lang='lat' dir='ltr'>via</span> 
     </span>
     <span class='ocr_line' id='line_1_41' title="bbox 151 4643 1404 4733; baseline 0.005 -31"><span class='ocrx_word' id='word_1_332' title='bbox 151 4644 315 4704; x_wconf 91' lang='lat' dir='ltr'>communi</span> <span class='ocrx_word' id='word_1_333' title='bbox 340 4646 379 4704; x_wconf 94' lang='lat' dir='ltr'>ab</span> <span class='ocrx_word' id='word_1_334' title='bbox 404 4645 570 4706; x_wconf 88' lang='lat' dir='ltr'>occidente</span> <span class='ocrx_word' id='word_1_335' title='bbox 588 4659 618 4705; x_wconf 89' lang='lat' dir='ltr'>et</span> <span class='ocrx_word' id='word_1_336' title='bbox 644 4643 722 4706; x_wconf 89' lang='lat' dir='ltr'>inlra</span> <span class='ocrx_word' id='word_1_337' title='bbox 749 4665 849 4726; x_wconf 92' lang='lat' dir='ltr'>usque</span> <span class='ocrx_word' id='word_1_338' title='bbox 868 4645 1002 4707; x_wconf 90' lang='lat' dir='ltr'>fluvium</span> <span class='ocrx_word' id='word_1_339' title='bbox 1023 4666 1082 4729; x_wconf 92' lang='lat' dir='ltr'>pro</span> <span class='ocrx_word' id='word_1_340' title='bbox 1106 4650 1277 4712; x_wconf 90' lang='lat' dir='ltr'>moledino</span> <span class='ocrx_word' id='word_1_341' title='bbox 1293 4663 1404 4733; x_wconf 88' lang='lat' dir='ltr'>aptum,</span> 
     </span>
     <span class='ocr_line' id='line_1_42' title="bbox 152 4749 1404 4832; baseline 0.006 -25"><span class='ocrx_word' id='word_1_342' title='bbox 152 4749 287 4809; x_wconf 84' lang='lat' dir='ltr'>Pretolra</span> <span class='ocrx_word' id='word_1_343' title='bbox 312 4763 472 4827; x_wconf 84' lang='lat' dir='ltr'>vocatum,</span> <span class='ocrx_word' id='word_1_344' title='bbox 490 4770 562 4811; x_wconf 92' lang='lat' dir='ltr'>cum</span> <span class='ocrx_word' id='word_1_345' title='bbox 581 4751 646 4811; x_wconf 90' lang='lat' dir='ltr'>suis</span> <span class='ocrx_word' id='word_1_346' title='bbox 670 4752 877 4832; x_wconf 89' lang='lat' dir='ltr'>pertinenciis</span> <span class='ocrx_word' id='word_1_347' title='bbox 902 4768 931 4813; x_wconf 89' lang='lat' dir='ltr'>et</span> <span class='ocrx_word' id='word_1_348' title='bbox 949 4753 1093 4814; x_wconf 81' lang='lat' dir='ltr'>metisse</span> <span class='ocrx_word' id='word_1_349' title='bbox 1118 4756 1312 4818; x_wconf 89' lang='lat' dir='ltr'>condicione</span> <span class='ocrx_word' id='word_1_350' title='bbox 1327 4773 1404 4817; x_wconf 79' lang='lat' dir='ltr'>sexa·</span> 
     </span>
    </p>
   </div>
   <div class='ocr_carea' id='block_1_2' title="bbox 0 0 1582 5364">
    <p class='ocr_par' dir='ltr' id='par_1_7' title="bbox 0 0 1582 5364">
     <span class='ocr_line' id='line_1_43' title="bbox 0 0 1582 5364; baseline 0 2"><span class='ocrx_word' id='word_1_351' title='bbox 0 0 1582 5364; x_wconf 95' lang='lat' dir='ltr'> </span> 
     </span>
    </p>
   </div>
  </div>
 </body>
</html>
