3142 5356
681 344 766 400 Anno
791 356 882 419 1434.

194 582 385 631 ...nic-neni,
410 556 571 637 Georgius
587 553 672 616 filius
697 555 788 616 Pauli
813 553 976 617 Charanth
993 554 1128 615 Nicolao
1154 555 1242 617 dicto
1268 557 1335 618 Mik
1352 555 1416 617 filio

172 704 280 735 ...mc
308 694 338 727 ,ιι
368 686 422 745 pcr
445 682 520 725 eum
547 661 724 744 Elyzabeth
749 681 804 722 sue
836 661 974 722 consorti
1006 680 1065 743 pro
1089 663 1230 723 sedecim
1257 662 1416 725 donanti

175 822 199 843 ,.
216 792 297 837 „tort
324 795 371 837 ner
380 786 478 851 petuo
503 767 742 849 possidendam.

239 1016 305 1071 tera
333 995 475 1065 motato
509 986 660 1076 proximo
690 997 768 1060 ante
804 990 926 1061 festum
955 978 1226 1079 (conversionis)
1257 992 1348 1062 nenti

640 1111 735 1184 Pnoli
766 1113 921 1201 apostoli.

657 1278 722 1344 (23.
739 1269 904 1342 januarii).

263 1416 338 1477 lium
370 1422 435 1469 tots
467 1407 681 1468 communitas
713 1408 780 1489 pari
816 1422 846 1470 et
877 1408 1021 1470 unanimi
1054 1408 1220 1470 voluntate
1254 1409 1417 1490 quendam

177 1540 307 1583 nonum
333 1535 388 1579 seu
422 1512 557 1574 fundum
591 1514 696 1574 medie
728 1515 813 1575 curie
846 1528 932 1576 extra
966 1515 1092 1576 Novam
1124 1529 1251 1597 portam
1284 1516 1418 1577 civitatis

167 1652 251 1703 κυικ·
286 1621 451 1689 ecclesiam
483 1619 582 1680 sancti
616 1618 748 1700 Georgii
780 1621 929 1698 martiris,
957 1621 1039 1682 inter
1069 1619 1205 1701 (b)ortos
1236 1635 1269 1682 et
1299 1619 1417 1683 fundos

166 1732 316 1797 uraniosii
335 1725 501 1807 lreniparis
518 1739 548 1786 et
564 1724 739 1786 liberorum
758 1726 895 1787 condam
914 1726 1078 1788 Benedicti
1097 1726 1173 1787 dicti
1192 1726 1417 1789 Benedichech

164 1848 311 1907 sanctum,
335 1833 390 1915 qui
423 1831 559 1892 condam
594 1830 731 1914 Gywani
764 1832 879 1913 judicis
903 1832 1072 1914 prefuisset
1102 1847 1132 1894 et
1156 1851 1215 1913 pro
1239 1853 1307 1894 non
1331 1834 1416 1895 solu·

156 1968 246 2009 ..ono
269 1941 434 2005 deciorum
460 1951 490 1997 et
506 1937 644 1998 aliorum
669 1938 853 2000 debitorum
872 1955 902 2002 et
923 1954 1182 2022 opportunorum
1206 1940 1415 2002 serviciorum

156 2048 374 2115 .onirrrutrium
399 2062 495 2124 super
520 2043 620 2124 ipsam
646 2046 911 2107 communitatem
936 2046 993 2107 rite
1018 2046 1121 2107 extitit
1144 2044 1328 2124 devolutus,
1345 2066 1416 2108 curn

155 2162 304 2223 sionibus
337 2151 401 2211 suis
434 2149 625 2211 utilitatibus
656 2165 687 2210 et
719 2152 924 2230 pertinenciis
950 2151 1116 2229 universis,
1147 2152 1206 2212 sub
1231 2152 1302 2213 eius
1332 2154 1416 2234 prio·

158 2282 245 2327 ιιιιυιι
269 2258 349 2321 teris
382 2270 413 2316 et
437 2256 576 2336 antiquis
607 2256 700 2317 metis
725 2257 818 2319 Petro
850 2257 946 2336 judici
979 2256 1046 2318 filio
1074 2257 1165 2318 Pauli
1197 2277 1257 2338 pro
1290 2259 1417 2321 duobus

156 2380 222 2437 ilco.
248 2365 316 2429 auri
341 2361 487 2423 vendidit
509 2376 663 2443 perpetuo
692 2363 933 2443 possidendum.

260 2472 335 2535 item
367 2468 469 2529 eciam
503 2469 718 2529 communitas
750 2471 913 2549 quendam
946 2470 1082 2533 fundum
1115 2491 1253 2533 vacuum
1278 2472 1415 2533 condam

156 2590 237 2647 turn
265 2574 417 2639 liulinich
442 2574 524 2634 inter
541 2574 656 2635 domos
681 2589 711 2635 et
736 2573 854 2637 fundos
872 2576 969 2637 Blasii
987 2576 1165 2639 Zlicltarich
1191 2591 1222 2639 et
1239 2576 1417 2641 Clementis

154 2684 283 2751 „ultoris
307 2682 338 2741 in
364 2681 435 2741 vico
452 2678 686 2760 lutifignlorum
709 2681 867 2762 habitum,
884 2703 981 2745 unam
998 2685 1148 2747 videlicet
1164 2698 1312 2766 quartam
1331 2687 1416 2747 curie

155 2816 186 2853 ιιι
210 2814 243 2855 so
268 2787 497 2862 continentem,
514 2786 661 2847 similiter
679 2807 736 2867 pro
759 2807 824 2849 non
849 2789 1016 2851 solucione
1040 2790 1206 2853 daciorum
1230 2806 1262 2853 et
1278 2791 1414 2853 aliorum

153 2898 336 2967 „leniturum
361 2906 392 2952 et
416 2907 672 2973 opportunorum
705 2894 914 2956 serviciorum
946 2897 1168 2959 communium
1201 2916 1299 2979 super
1329 2917 1414 2959 com·

154 3002 339 3069 inuisitatem
374 2997 574 3076 devolutum,
607 2998 779 3061 Dominico
813 3000 898 3062 dicto
932 3001 1032 3063 Hrezt
1064 3001 1130 3063 filio
1155 3002 1246 3064 Pauli
1272 3002 1416 3064 vendidit

154 3122 306 3193 pqrpetno
331 3103 561 3186 possidendum
587 3104 846 3167 contradiccione
879 3108 1099 3188 quorumlibet
1123 3127 1187 3169 non
1213 3110 1371 3172 obstante.

258 3213 334 3273 ltem
360 3210 564 3271 medietatem
598 3210 762 3271 cuiusdam
796 3212 922 3291 domus,
955 3212 1047 3274 fundi
1071 3228 1101 3274 et
1132 3212 1357 3275 hedificiorum
1383 3216 1412 3275 in

153 3326 236 3389 dicta
261 3317 387 3379 civitate
405 3316 486 3376 inter
508 3316 623 3376 domos
640 3329 670 3376 et
687 3315 804 3378 fundos
822 3318 948 3379 discreti
965 3319 1024 3379 viri
1042 3318 1165 3380 domini
1183 3319 1276 3381 Pauli
1295 3321 1412 3402 presbi-

156 3430 212 3493 teri
238 3423 365 3507 plebani
391 3423 523 3483 ecclesie
548 3437 653 3482 nostre
690 3423 881 3504 parochialis
912 3426 996 3486 beati
1021 3425 1120 3487 Marci
1145 3426 1354 3507 ewangeliste
1384 3443 1413 3488 et

156 3529 313 3599 l·'r·ancisci
340 3529 445 3588 claudi
479 3529 597 3605 habite,
630 3548 728 3589 unam
759 3530 906 3590 videlicet
938 3544 1083 3610 quartam
1118 3531 1204 3592 curie
1229 3532 1262 3592 in
1287 3552 1320 3593 ae
1344 3533 1414 3593 reti·

154 3654 293 3712 steritem,
319 3635 505 3716 porcionem
539 3634 687 3695 videlicet
714 3635 842 3716 Mathye
875 3636 914 3697 de
941 3635 1084 3714 Raboch,
1115 3655 1211 3717 super
1235 3638 1413 3699 communi·

153 3762 248 3813 tutem
274 3760 412 3822 pronon
431 3741 596 3801 solucione
619 3740 783 3800 daciorum
803 3757 832 3801 et
849 3742 986 3802 aliorum
1005 3741 1188 3803 debitorum
1206 3756 1237 3804 et
1261 3757 1414 3827 opportu-

155 3867 267 3915 norum
293 3846 500 3907 serviciorum
527 3847 749 3907 communium
774 3847 974 3924 devolutum,
997 3848 1120 3909 Briccio
1145 3847 1244 3928 judici
1269 3870 1330 3933 pro
1347 3870 1413 3933 per-

152 3954 318 4021 solucione
343 3952 506 4011 daciorum
533 3965 563 4011 et
587 3952 724 4012 aliorum
742 3952 923 4013 debitorum
955 3953 1163 4015 serviciorum
1188 3957 1410 4017 communium

154 4060 297 4125 vendidit
321 4073 475 4139 perpetuo
501 4058 738 4139 possidendam.

260 4165 336 4225 ltem
362 4165 576 4226 communitas
593 4165 692 4225 eciam
712 4165 869 4244 quosdam
889 4166 970 4226 duos
988 4166 1106 4228 londos
1124 4167 1290 4228 Benedicti
1309 4168 1413 4229 Bedelr

152 4273 227 4337 dicti
255 4270 389 4352 Blasych
414 4285 444 4332 et
468 4272 644 4332 liberorum
678 4271 814 4331 condam
842 4271 976 4353 Georgii
1002 4272 1136 4354 Blasych
1162 4274 1194 4333 in
1220 4275 1294 4335 vico
1319 4275 1413 4356 ipsius

152 4378 288 4444 civitatis
305 4378 452 4437 exteriori
471 4375 704 4457 lutiligulorum
720 4378 801 4438 inter
819 4377 933 4437 domos
953 4393 983 4439 et
1001 4379 1117 4440 luridos
1130 4379 1209 4462 Elye
1227 4396 1258 4440 et
1276 4381 1412 4457 Andree,

152 4488 191 4550 ab
209 4504 272 4545 una
289 4498 388 4564 parte,
406 4486 445 4544 ab
459 4484 520 4545 alia
546 4504 621 4545 vero
636 4485 786 4568 Symonis
804 4485 843 4545 de
863 4484 1020 4546 Grathsan
1035 4486 1172 4563 habitos,
1190 4486 1271 4548 duas
1288 4502 1412 4569 quartas

152 4590 238 4655 curie
264 4589 294 4650 in
320 4610 352 4651 se
378 4590 559 4666 retinentes,
585 4610 642 4671 pro
667 4590 766 4651 daciis
790 4606 820 4651 et
844 4591 914 4651 aliis
939 4591 1056 4652 debitis
1080 4605 1110 4652 et
1134 4595 1328 4672 opportunis
1351 4613 1411 4655 ser·

152 4697 242 4761 viciis
277 4697 393 4778 quibus
424 4716 518 4777 super
550 4699 814 4758 communitatem
848 4699 1028 4776 devolutos,
1061 4699 1186 4760 Briccio
1222 4699 1321 4777 judici
1346 4699 1410 4761 filio

28 4782 318 5016 mei
342 4802 486 4864 vendidit
508 4816 663 4884 perpetuo
688 4804 910 4884 possidendos.
