3142 5356
147 699 314 761 cuiusdam
346 697 498 777 diffamie,
530 697 668 780 qualiter
699 697 783 759 dicta
816 696 917 757 Elena
950 693 1070 778 prefate
1095 694 1272 756 Katherine
1303 706 1382 755 corz

147 806 283 869 testibus
306 805 386 867 inibi
411 804 592 868 constitutis
623 803 771 865 dixisset:
803 821 902 884 quare
926 802 1058 863 minaris
1082 800 1173 879 mihi,
1197 799 1357 883 numquid

149 913 227 975 mihi
252 913 295 974 its
318 912 366 974 vis
398 911 473 974 dare
505 924 619 994 potum
651 910 743 972 sicuti
776 910 862 971 luce
894 909 1011 970 marito
1035 927 1119 972 meo.
1153 907 1305 969 Tandem
1328 905 1382 967 di·

150 1020 326 1083 Katherina
351 1041 388 1081 ex
414 1020 548 1082 adverso
565 1018 671 1081 eidem
696 1017 793 1080 dixit:
818 1017 964 1079 mentiris
979 1031 1025 1095 tu,
1042 1032 1150 1079 tamen
1174 1030 1209 1078 tu
1234 1015 1304 1078 sola
1320 1030 1382 1098 pr:

149 1127 226 1188 mihi
253 1126 359 1188 dixisti
385 1126 417 1188 in
442 1126 541 1188 domo
565 1139 630 1203 tua,
655 1125 747 1186 sicuti
777 1123 937 1185 Busanich
969 1123 1067 1200 dixit3
1091 1122 1216 1184 domini
1241 1121 1336 1202 jurati
1359 1137 1382 1180 ε

149 1232 343 1314 judicarunt,
376 1231 463 1314 quod
488 1229 609 1314 prefata
639 1230 740 1292 Elena
765 1230 880 1291 debeat
906 1229 946 1291 sd
980 1230 1120 1311 primum
1143 1228 1302 1310 judicium
1333 1227 1382 1288 db

151 1339 326 1401 Kstherine
352 1337 412 1399 hoc
430 1338 652 1419 comprobare,
677 1337 808 1418 quodsi
827 1336 998 1418 nequierit,
1021 1350 1137 1399 extunc
1160 1334 1248 1396 idem
1274 1352 1382 1396 mane¹

150 1448 181 1508 in
207 1446 281 1506 vivo
314 1445 486 1526 homagio;
517 1444 648 1505 tandem
681 1443 856 1504 Katherina
889 1443 1005 1505 eodem
1038 1443 1138 1504 modo
1168 1440 1302 1502 debebit
1334 1439 1382 1501 dit

150 1552 253 1615 Eleue
277 1550 424 1612 similiter
448 1551 638 1633 approbare,
655 1550 680 1610 si
699 1550 871 1631 nequierit,
892 1562 1007 1611 extunc
1020 1547 1164 1610 manebit
1187 1546 1275 1608 idem
1293 1545 1325 1607 in
1343 1543 1382 1604 vir

151 1657 323 1739 homagi03
347 1656 509 1718 sentencia
534 1675 610 1718 vero
636 1657 667 1717 in
693 1669 856 1738 posterum
882 1655 1006 1718 dicetur
1030 1655 1085 1716 eis.

257 1781 371 1842 Testes
384 1780 530 1863 producti
545 1799 604 1862 pro
614 1793 702 1862 parte
713 1780 813 1841 Elene
832 1780 939 1842 uxoris
950 1779 1083 1860 Georgii
1097 1776 1271 1840 carnificis:
1289 1777 1382 1839 PrImt

152 1888 242 1950 testis
264 1885 448 1948 Anthonius
472 1886 602 1968 sellipar
618 1885 719 1947 lassus
739 1901 785 1948 est
809 1886 947 1967 qualiter
973 1906 989 1947 a
1014 1887 1098 1947 Luca
1131 1883 1269 1946 condam
1296 1883 1382 1946 marit

150 1991 272 2075 prefate
291 1991 402 2070 Elene,
427 1992 460 2053 in
484 1992 621 2054 articulo
637 2012 696 2054 suo
722 1992 811 2071 dixit,
829 1992 998 2074 quomodo
1017 1992 1128 2072 aliquo
1145 2005 1293 2072 tempore
1310 1989 1382 2052 suisa

152 2099 184 2160 in
210 2099 309 2160 dorno
334 2098 410 2159 dicti
437 2097 586 2178 Gregorii
612 2118 685 2160 cum
702 2099 774 2160 aliis
796 2099 999 2178 constitutus,
1024 2099 1068 2159 ibi
1086 2096 1252 2179 quoddam
1277 2110 1382 2159 mustu

151 2205 293 2284 bibisset,
319 2218 349 2267 et
382 2219 453 2287 post
485 2205 572 2267 illam
607 2205 718 2267 horam
750 2205 833 2288 cepit
865 2204 1030 2266 infirmari.
1061 2240 1105 2251 -
1138 2203 1308 2266 Secundus
1332 2217 1382 2265 tes

153 2311 392 2396 Lachnowycza
418 2325 541 2387 vocata,
565 2308 645 2373 lassa
671 2326 728 2389 est,
753 2311 889 2393 qualiter
913 2311 1036 2374 sdicto
1062 2311 1148 2372 Luca
1173 2309 1361 2390 audivisset,

152 2418 237 2479 idem
260 2417 401 2496 dixisset,
425 2438 458 2478 se
483 2418 659 2499 aliquando
677 2419 785 2479 bibere
803 2438 875 2478 cum
894 2418 965 2478 aliis
982 2417 1140 2479 consociis
1157 2416 1189 2478 in
1215 2416 1317 2478 domo
1341 2416 1382 2478 dir

153 2523 313 2605 Gregorii,
339 2524 381 2585 ibi
415 2540 584 2605 postquam
619 2524 750 2585 bibisset
782 2544 856 2586 mox
893 2523 977 2605 cepit
1008 2523 1147 2585 eundem
1182 2522 1355 2584 corrodere

152 2645 262 2692 ventre
294 2644 324 2692 et
357 2631 455 2692 exivit
485 2651 501 2690 e
538 2631 637 2691 domo
670 2646 700 2692 et
731 2632 814 2712 cepit
849 2631 1006 2694 vomitare
1041 2644 1072 2693 et
1095 2630 1217 2692 evomit
1254 2630 1382 2712 quanda

154 2737 365 2819 quantitatem
390 2736 430 2798 de
455 2757 577 2799 cruore.
602 2773 645 2782 —
673 2737 809 2798 Tercius
840 2738 928 2799 testis
953 2737 1137 2798 Anthonius
1168 2750 1272 2798 sartor
1296 2735 1382 2816 jurat

153 2842 254 2904 lassus
278 2857 335 2920 est,
360 2843 448 2924 quod
473 2843 649 2925 aliquando
675 2842 785 2905 luisset
817 2844 1008 2905 constitutus
1040 2863 1112 2905 cum
1139 2841 1309 2904 Anthonio
1333 2843 1380 2905 sel

154 2969 232 3030 paro
258 2950 290 3009 in
315 2949 414 3010 domo
449 2949 524 3012 dicti
559 2951 655 3027 Luce,
687 2964 764 3010 tunc
796 2948 937 3032 prelatus
969 2949 1153 3011 Anthonius
1185 2948 1271 3030 cepit
1297 2948 1382 3011 dictu

154 3055 275 3116 Lucam
294 3055 490 3136 interrogare
509 3055 548 3117 de
566 3074 708 3137 quonam
727 3070 895 3137 egrotaret,
912 3070 988 3119 tunc
1005 3056 1109 3118 dictus
1127 3055 1229 3116 Lucas
1243 3055 1382 3138 respond

153 3175 325 3245 postquam
348 3162 447 3224 semel
465 3163 497 3223 in
522 3162 621 3224 domo
645 3163 720 3223 dicti
740 3163 888 3245 Gregorii
906 3163 1072 3246 quoddam
1090 3175 1233 3225 mustum
1251 3161 1332 3242 bibi,
1349 3181 1382 3245 p<

154 3267 242 3329 illam
267 3267 381 3330 horam
405 3268 474 3351 cepi
499 3269 649 3350 egrotari.

759 3481 814 3548 21.

260 3641 352 3703 Feria
378 3657 463 3704 sexta
490 3645 635 3725 proxima
653 3657 725 3725 post
742 3644 781 3704 ad
799 3643 935 3704 Vincula
954 3643 1048 3706 Petri.
1076 3643 1208 3704 Domini
1226 3643 1322 3725 jurati
1342 3644 1382 3706 int

155 3748 330 3809 Martinum
357 3749 567 3829 presbiterum
593 3749 694 3810 filium
722 3750 858 3810 condam
889 3749 1050 3810 Dorothee
1077 3750 1189 3832 Doylra
1215 3762 1251 3812 ut
1273 3769 1368 3812 reum

155 3853 321 3914 honestam
348 3855 517 3917 mulierem
550 3860 676 3916 Annam
712 3857 788 3918 Bela
822 3871 856 3917 ut
880 3871 1031 3934 actorem,
1057 3856 1088 3916 in
1121 3876 1215 3917 causa
1248 3869 1382 3919 testame

155 3959 244 4038 taria,
270 3961 358 4041 quod
391 3974 619 4023 testamentum
653 3982 729 4023 vero
762 3964 844 4023 dicta
879 3963 1041 4023 Dorothea
1073 3963 1190 4024 dicitur
1221 3960 1347 4042 fecisse,
1379 3988 1382 4022 r

155 4064 376 4143 decreverunt,
402 4080 436 4127 ut
460 4067 612 4128 dominus
630 4069 786 4129 Martinus
807 4069 963 4150 presbiter
981 4068 1065 4129 filius
1089 4069 1230 4151 predicte
1255 4068 1382 4131 Doroth

156 4170 267 4254 Doyka
293 4185 439 4234 teneatur
463 4171 583 4255 prelate
616 4178 707 4235 Anne
741 4176 811 4236 bela
844 4176 930 4256 juxta
953 4189 1180 4237 testamentum
1212 4189 1246 4237 et
1276 4176 1382 4239 testim

156 4277 245 4337 nium
263 4279 392 4342 verbale
410 4278 528 4341 lactum
547 4281 714 4341 dimidiam
733 4297 855 4363 partem
875 4282 991 4343 domus
1008 4296 1039 4342 et
1062 4281 1287 4343 clenodiorum
1305 4283 1382 4345 dom

156 4382 231 4445 dare
255 4403 291 4444 ac
314 4385 456 4446 tunicam
489 4386 652 4447 venditam
686 4388 817 4448 reddere
847 4389 897 4448 vel
930 4389 1072 4449 valorem
1098 4389 1177 4467 eius,
1200 4387 1382 4470 lardiquer

157 4489 290 4550 midiam
316 4506 457 4571 partem;
483 4491 590 4553 debita
615 4512 703 4571 vero,
721 4513 783 4574 que
807 4509 879 4555 ante
897 4495 1110 4576 adopcionem
1128 4501 1221 4556 Anne
1247 4495 1319 4556 bela
1338 4495 1382 4557 dic

157 4593 320 4657 Dorothea
353 4612 527 4680 acceperat,
560 4599 711 4660 videlicet
745 4599 826 4659 duos
859 4599 939 4678 flor,
971 4615 1117 4662 teneatur
1147 4601 1235 4662 solus
1268 4600 1382 4663 domin

157 4702 314 4763 Martinus
338 4704 474 4785 solvere,
499 4704 645 4767 debiturn
670 4726 746 4767 vcro
773 4707 866 4767 unius
890 4707 959 4769 flor.
993 4721 1024 4770 ct
1048 4707 1176 4788 triginta
1201 4708 1382 4771 denarioru

155 4821 220 4870 tarn
254 4809 407 4871 dominus
438 4831 535 4893 quarn
566 4812 649 4874 dicta
681 4816 776 4875 Anna
807 4827 976 4876 teneantur
1007 4815 1181 4893 exsolvere,
1206 4827 1237 4877 et
1260 4813 1323 4877 hoc
1347 4815 1381 4877 id

157 4915 231 4997 quia
257 4915 340 4978 dicta
364 4920 458 4979 Anna
483 4918 515 4980 in
541 4917 624 4981 dicta
648 4920 785 5001 pecunia
810 4934 931 5003 partem
958 4920 1128 4984 habuisset.
