3142 5356
698 313 785 368 Anno
807 326 897 390 143¹·

166 526 367 601 retinentem,
392 523 488 584 simul
517 542 589 584 cum
608 521 780 584 medietate
804 522 913 583 celarii
939 522 971 582 in
996 521 1112 582 eodem
1141 520 1245 584 fundo
1271 523 1433 586 existentis

165 645 196 692 et
219 631 291 693 aliis
315 631 380 692 suis
404 628 597 692 utilitatibus
621 643 651 690 et
672 628 877 711 pertinenciis
895 628 1052 690 universis
1077 627 1171 690 Petro
1190 629 1353 712 Hungaro
1369 629 1434 693 filio

166 738 257 799 Pauli
284 757 341 819 pro
367 756 484 798 novem
517 735 587 798 flor.
621 736 688 796 auri
721 734 868 796 vendidit
899 749 1056 816 perpetuo
1088 735 1335 817 possidendam,
1370 738 1437 819 qui·

165 844 297 925 quidem
322 845 433 905 Petrus
458 842 633 922 Hungarus
656 841 753 902 aliam
779 841 996 919 medietatem,
1022 855 1144 922 partem
1170 842 1325 905 videlicet
1349 858 1435 904 ante·

165 951 293 1028 riorem,
307 951 453 1011 similiter
467 969 564 1010 unam
581 963 727 1030 quartam
740 947 864 1029 pridem
880 948 1053 1008 literatorie
1069 947 1248 1011 dinoscitur
1262 951 1436 1032 possidere.

271 1059 348 1120 ltem
373 1057 524 1118 dominus
558 1056 703 1138 Mathyas
737 1055 892 1137 presbiter
924 1055 1157 1136 prebendarius
1188 1055 1279 1119 chori
1304 1059 1436 1120 ecclesie

165 1166 266 1226 sancti
293 1163 446 1246 Stephani
472 1163 555 1244 regis
579 1160 664 1222 filius
685 1161 837 1244 Symonis
865 1158 1033 1239 carnificis,
1058 1176 1210 1242 protunc
1234 1179 1347 1226 noster
1363 1184 1436 1226 con-

166 1272 254 1350 civis,
279 1270 434 1331 directam
460 1283 491 1330 et
515 1268 663 1349 equalem
686 1267 891 1329 medietatem
916 1266 1084 1327 cuiusdam
1102 1267 1230 1348 domus,
1256 1267 1363 1349 fundi,
1388 1291 1435 1332 ce·

166 1378 235 1438 larii
261 1375 460 1437 subterranei
486 1389 516 1434 et
540 1372 762 1435 hedificiorum
782 1373 812 1433 in
838 1373 910 1433 vico
934 1386 1044 1434 nostro
1062 1374 1211 1436 exteriori
1230 1375 1436 1437 Theutlroni·

164 1485 223 1545 cali
250 1484 331 1544 inter
356 1483 471 1543 domos
501 1482 644 1542 virorum
668 1480 878 1562 providorum
897 1480 1027 1542 Thome
1048 1481 1166 1542 sutoris
1189 1479 1248 1543 filii
1275 1482 1436 1564 Gregorii,

164 1593 204 1652 ab
229 1610 291 1650 una
317 1603 404 1670 parte
430 1602 459 1649 et
484 1601 571 1670 parte
596 1588 636 1647 ab
661 1586 761 1648 altera
787 1585 916 1647 Martini
949 1587 1104 1668 sagiparis
1127 1585 1186 1648 filii
1212 1588 1356 1668 Nicolai,
1381 1609 1436 1651 no-

165 1711 303 1757 strorum
330 1695 512 1757 concivium
548 1693 656 1755 habite
686 1707 716 1754 et
749 1693 922 1770 existentis,
955 1693 1161 1754 medietatem
1187 1708 1302 1776 utputa
1336 1696 1436 1777 ipsius

165 1802 282 1863 domus
306 1803 401 1862 simul
427 1821 499 1862 curn
526 1801 697 1861 medietate
715 1799 824 1859 celarii
841 1800 1052 1876 subterranei,
1076 1796 1235 1881 fundique
1260 1821 1297 1862 ac
1322 1801 1436 1864 hedifi-

165 1910 300 1986 ciorum,
325 1929 341 1968 a
367 1923 454 1989 parte
478 1907 599 1969 scilicet
624 1906 707 1966 dicte
732 1905 849 1965 domus
867 1905 966 1987 ipsius
988 1905 1117 1967 Martini
1142 1906 1298 1988 sagiparis
1315 1907 1436 1986 habita,

163 2035 260 2076 unam
287 2030 432 2096 quartam
458 2013 544 2075 curie
571 2014 601 2073 in
628 2032 661 2073 se
686 2012 887 2088 retinentem,
912 2031 984 2072 cum
1018 2012 1083 2073 suis
1107 2013 1316 2094 pertinenciis
1343 2015 1437 2076 Petro

164 2119 232 2182 filio
259 2121 424 2182 Michaelis
447 2121 510 2201 jam
537 2138 621 2179 novo
655 2117 780 2178 concivi
814 2131 934 2195 nostro,
959 2117 1083 2178 sororio
1115 2117 1268 2179 videlicet
1292 2138 1354 2180 suo
1380 2120 1436 2182 do·

165 2227 252 2287 navit
275 2241 431 2308 perpetuo
456 2224 695 2307 possidendam.

270 2331 348 2394 ltem
373 2332 522 2412 magister
551 2331 696 2391 Thomas
720 2330 864 2390 literatus
893 2328 977 2390 filius
1001 2330 1075 2411 lsipi
1099 2328 1159 2391 filii
1181 2330 1316 2414 Stoyan,
1335 2352 1436 2415 quen-

164 2438 237 2499 dam
272 2439 425 2517 (h)ortum
457 2457 550 2498 suum
587 2438 618 2496 in
651 2436 805 2496 suburbio
839 2435 975 2497 civitatis
1010 2434 1131 2518 prefate
1165 2439 1279 2498 subtus
1304 2457 1436 2501 murum

164 2545 309 2606 eiusdem
328 2545 473 2621 civitatis,
493 2546 573 2604 inter
591 2543 727 2625 (h)ortos
744 2541 919 2603 liberorum
938 2543 1075 2603 condam
1101 2543 1188 2604 Petri
1213 2545 1338 2625 magni,
1357 2546 1436 2608 olim

164 2650 281 2732 judicis
314 2651 410 2711 nostri
436 2649 492 2710 filii
527 2649 686 2729 Gregorii,
720 2664 750 2710 et
782 2650 958 2710 liberorum
990 2649 1128 2710 condam
1153 2648 1293 2733 Gywani
1318 2651 1437 2731 judicis

163 2757 321 2834 habitum,
346 2777 417 2817 curn
443 2757 508 2816 suis
525 2756 730 2837 pertinenciis
754 2755 921 2817 Anthonio
950 2754 1090 2816 carnifici
1107 2754 1175 2816 filio
1201 2755 1361 2819 Johannis
1379 2758 1436 2820 filii

163 2864 299 2945 Mytlini
326 2863 565 2943 consangvineo
599 2862 687 2923 dedit
719 2877 749 2922 et
773 2862 971 2922 condonavit
1003 2876 1160 2944 perpetuo
1185 2863 1435 2944 possidendum.

270 2970 347 3030 ltem
362 2970 436 3050 quia
455 2969 610 3030 medietas
628 2968 793 3030 cuiusdam
812 2968 939 3047 domus,
957 2968 1060 3048 fundi,
1077 2970 1252 3051 celariique
1271 2985 1303 3032 et
1321 2971 1436 3034 hedifi-

165 3077 288 3137 ciorum
311 3075 344 3135 in
367 3076 454 3136 dicta
480 3076 607 3137 civitate
625 3076 708 3135 inter
725 3074 840 3135 domos
864 3089 895 3134 et
920 3075 1023 3137 curias
1039 3078 1141 3158 probe
1165 3077 1312 3138 mulieris
1331 3078 1434 3140 Elena

165 3196 276 3244 vocate
308 3181 372 3242 filie
397 3180 481 3243 Petri
512 3180 614 3259 febri,
651 3181 759 3241 relicte
792 3181 930 3242 condam
963 3183 1118 3244 lobannis
1147 3183 1313 3262 institoris,
1349 3205 1436 3247 nunc

161 3308 238 3349 vero
264 3289 420 3349 consortis
438 3289 517 3370 Elye
542 3286 682 3365 sartoris,
698 3301 730 3346 et
753 3287 932 3348 liberorum
945 3285 1059 3370 prefati
1084 3289 1239 3351 Johannis
1264 3290 1436 3372 institoris,

162 3396 201 3455 ab
226 3415 289 3456 una
314 3409 413 3476 parte,
439 3397 478 3455 ab
503 3395 602 3454 altera
635 3413 710 3454 vero
735 3393 825 3454 Pauli
858 3390 916 3454 filii
940 3394 1040 3456 Marci
1064 3394 1284 3458 Cheruowich
1324 3396 1435 3459 habite

162 3516 192 3563 et
217 3503 388 3580 existentis,
414 3521 511 3563 unam
536 3501 686 3562 videlicet
703 3515 848 3583 quartam
874 3515 905 3562 et
930 3521 1026 3563 unam
1052 3522 1125 3564 curn
1149 3502 1256 3565 media
1279 3518 1433 3567 octavam

161 3591 248 3651 curie
274 3591 305 3651 in
331 3611 362 3651 se
381 3591 559 3668 continens,
584 3610 656 3651 cum
681 3591 747 3651 suis
763 3590 981 3672 pertinenciis,
1005 3611 1061 3673 per
1086 3592 1220 3654 Elenam
1246 3608 1433 3656 consortem

161 3697 317 3758 Demetrii
335 3696 392 3758 filii
411 3697 493 3758 lvvan
513 3712 558 3758 est
576 3696 712 3773 donata3
730 3709 761 3758 et
785 3697 860 3778 quia
877 3698 939 3758 alia
957 3698 1113 3759 medietas
1136 3698 1281 3760 eiusdem
1302 3698 1435 3778 domus,

161 3801 264 3880 fundi,
289 3805 396 3864 celarii
421 3819 451 3864 et
476 3802 699 3864 hedificiorum
724 3804 834 3885 porcio
852 3804 973 3865 scilicet
997 3818 1028 3867 et
1045 3805 1135 3867 Pauli
1157 3804 1213 3866 filii
1232 3805 1332 3867 Marci
1355 3808 1434 3869 dicti

162 3910 387 3993 Chernowych
413 3924 443 3970 et
468 3910 630 3971 Valentini
664 3908 721 3971 filii
753 3931 789 3972 ac
815 3911 939 3992 Agathe
973 3926 1003 3972 et
1028 3911 1129 3973 Elene
1163 3911 1302 3974 filiarum
1327 3913 1433 3996 ipsius

163 4016 265 4095 Pauli,
297 4036 395 4077 unam
428 4017 638 4078 consimiliter
670 4033 816 4097 quartam
851 4034 882 4080 et
915 4037 1012 4079 unam
1037 4037 1110 4080 curn
1143 4018 1249 4080 media
1281 4033 1433 4083 octavam

161 4123 248 4184 curie
274 4123 306 4183 in
332 4142 364 4183 se
391 4124 569 4200 continens,
602 4143 658 4205 per
690 4124 821 4185 eoadem
848 4124 984 4185 Paulum
1013 4139 1044 4186 et
1068 4125 1172 4188 dictos
1203 4145 1322 4207 pueros
1354 4148 1434 4192 suos

161 4230 219 4311 ipsi
247 4229 412 4291 Demetrio
444 4244 491 4290 est
522 4230 650 4291 vendita
680 4250 738 4311 pro
771 4245 854 4292 certa
887 4231 1097 4313 pecuniarum
1130 4231 1322 4312 quantitate,
1356 4235 1434 4298 ideo

160 4336 228 4418 ipsa
253 4336 360 4397 totalis
378 4337 503 4413 domus,
530 4336 658 4413 fundus,
677 4337 830 4398 celarium
849 4352 879 4399 et
896 4336 1044 4399 hedificia
1069 4339 1102 4400 in
1126 4352 1195 4401 toto
1219 4354 1283 4400 tres
1300 4357 1435 4422 quartas

160 4443 246 4504 curie
272 4457 302 4504 et
327 4462 424 4504 unam
442 4457 586 4503 octavam
613 4444 643 4503 in
662 4464 694 4505 se
714 4445 893 4522 continens,
919 4464 992 4506 cum
1009 4446 1074 4507 suis
1090 4447 1298 4528 pertinenciis
1327 4469 1434 4513 anno·

160 4563 225 4610 tato
240 4548 405 4611 Demetrio
423 4569 458 4610 ac
475 4569 531 4630 per
548 4570 621 4610 eum
638 4551 703 4610 suis
719 4550 891 4612 heredibus
908 4566 954 4614 est
971 4553 1214 4635 privilegialiter
1226 4570 1433 4637 perpetuata.

267 4655 344 4717 Item
369 4656 494 4717 discreti
522 4657 579 4716 viri
599 4656 749 4717 dominus
767 4658 885 4719 Paulus
902 4673 933 4721 et
950 4659 1101 4721 dominus
1118 4659 1282 4724 lohannes
1305 4666 1435 4746 presbi-

159 4761 217 4823 teri
242 4761 372 4845 plebani
398 4763 529 4825 ecclesie
547 4763 738 4846 parochialis
763 4764 846 4825 beati
865 4765 964 4829 Marci
986 4765 1204 4848 ewangeliste,
1223 4767 1305 4834 duas
1322 4785 1436 4856 partes
