3142 5356
632 273 719 330 Anno
741 284 831 349 1391.
1325 288 1362 349 55

202 487 280 548 Item
306 485 404 545 lakus
428 482 506 544 emit
537 481 701 564 quandam
727 482 853 543 vineam
878 502 895 543 a
920 480 1050 542 Andrea
1075 494 1196 558 sutore,
1219 494 1364 561 tempore

75 584 253 666 judicatus
277 589 353 652 dicti
379 588 548 652 Iohannis.

199 696 280 759 ltetn
305 694 451 757 Thomas
476 695 554 756 emit
579 713 681 755 unum
714 692 851 754 fundum
876 714 893 754 a
919 693 1049 755 Thomu
1077 693 1214 755 condam
1241 693 1364 754 decano

68 797 120 865 in
148 805 225 865 vico
249 804 357 864 lutoso
382 821 438 863 seu
465 801 735 877 Teutonicorum‚
760 815 905 881 tempore
923 799 1082 878 judicatus
1106 799 1181 860 dicti
1200 798 1364 860 Iohannis.

199 909 279 970 Item
305 907 468 969 lohannes
500 905 683 987 cingulator
715 905 804 967 dedit
827 905 1037 966 medietatem
1072 903 1163 965 fundi
1188 905 1237 965 sui
1263 904 1363 966 Bene·

66 1013 182 1078 dicto
207 1014 317 1095 generi
343 1028 374 1075 et
398 1018 492 1075 Anne
516 1010 581 1074 filie
606 1013 681 1089 suis,
703 1025 848 1093 tempore
874 1010 1032 1089 judicatus
1056 1011 1132 1073 dicti
1157 1011 1320 1073 Iohannis.

203 1120 282 1183 Item
317 1120 510 1181 Valentinus
542 1118 667 1180 Berend
691 1118 768 1178 emit
800 1138 817 1178 a
843 1117 989 1180 Iohanne
1022 1117 1127 1197 judice
1152 1118 1310 1179 moderno
1335 1132 1365 1179 et

67 1227 264 1290 Anthonio
297 1226 421 1288 Jursich
446 1241 477 1286 et
509 1225 685 1286 Benedicto
720 1224 873 1285 Scornich
906 1224 1134 1285 commissariis
1159 1223 1364 1285 medietatem

65 1334 219 1415 (hlorti,
243 1333 299 1414 qui
325 1330 385 1394 fuit
410 1331 545 1408 MarenI,
569 1344 716 1412 tempore
741 1330 900 1410 judicatus
924 1330 998 1391 dicti
1026 1329 1191 1392 Iohannis.

202 1439 280 1500 Item
306 1438 418 1499 Petrus
442 1437 547 1498 dictus
569 1436 696 1498 Nobilis
721 1437 798 1496 emit
821 1435 984 1516 quandam
1003 1450 1119 1496 terram
1144 1456 1160 1496 a
1187 1434 1364 1514 Anthonio,

70 1556 241 1626 tempore
267 1543 427 1623 judicatus
451 1541 527 1604 ditti
554 1541 720 1603 Iohannis.

204 1650 283 1712 Item
309 1649 455 1710 Thomas
479 1647 565 1709 filius
590 1648 680 1708 Marlr
715 1648 792 1709 emit
816 1648 980 1728 quandam
1013 1648 1203 1730 particulam
1229 1648 1364 1709 vineea

79 1763 190 1819 Anna
216 1756 325 1817 reIIcta
351 1754 517 1836 Stephani,
542 1767 687 1835 tempore
717 1753 876 1833 judicatus
900 1753 976 1815 dicti
1002 1753 1167 1817 Iohannis.

204 1863 282 1923 Item
318 1861 413 1923 luech
449 1859 533 1922 filins
570 1860 725 1922 Iohannis
757 1859 832 1922 iecit
863 1860 1089 1921 concambium
1123 1879 1195 1921 cum
1228 1860 1364 1921 Nicolao

90 1969 241 2033 Glesnak
265 1968 298 2028 in
323 1966 432 2029 lundis
456 1968 611 2048 ipsorum,
636 1981 781 2048 tempore
806 1966 964 2047 judicatus
988 1966 1064 2028 dicti
1090 1966 1256 2028 Iohannis.

204 2074 281 2136 Item
307 2073 430 2155 Symon
455 2071 540 2134 lilius
565 2073 693 2134 Radnik
725 2073 803 2133 emit
827 2092 928 2133 unum
960 2069 1096 2135 fundum
1122 2092 1139 2132 a
1164 2071 1300 2134 Nicolao
1324 2072 1364 2134 de

97 2181 221 2263 Selphi,
246 2193 393 2262 tempore
417 2178 577 2261 judicatus
600 2179 676 2241 dicti
702 2179 868 2242 Iohannis.

204 2286 283 2347 Item
309 2286 386 2368 Myk
409 2284 495 2347 filius
520 2285 608 2347 Gerd
633 2286 710 2346 emit
735 2305 836 2346 unum
861 2283 997 2346 fundum
1024 2305 1040 2346 a
1067 2284 1221 2346 Zwethko
1246 2299 1277 2346 et
1302 2284 1363 2346 Ge-

98 2392 194 2471 drud‚
217 2405 363 2474 tempore
388 2391 547 2472 judicatus
573 2392 649 2453 dicti
674 2392 840 2454 Iohannis.

204 2498 280 2560 Item
295 2498 428 2581 Crispus
446 2499 602 2579 obligavit
617 2498 754 2560 lohanni
772 2497 839 2559 lilio
854 2497 932 2560 Wllr
946 2497 1144 2559 sthacionem
1158 2516 1248 2559 suam
1262 2516 1364 2578 usque

99 2605 246 2666 Natalem
272 2604 395 2666 domini
421 2624 506 2666 nunc
531 2618 702 2666 venturum
720 2605 773 2682 ita,
798 2604 887 2685 quod
911 2604 937 2664 si
963 2604 1030 2685 ipse
1048 2603 1182 2684 Crispus
1205 2602 1363 2664 redimere

99 2710 199 2792 ipsam
225 2710 401 2772 stacionem
427 2729 491 2771 non
517 2710 625 2788 vellet,
661 2725 776 2772 extunc
801 2711 868 2792 ipse
894 2709 1056 2771 lohannes
1086 2710 1169 2791 (eam
1194 2711 1363 2792 occupare)

100 2818 209 2898 possit,
241 2830 387 2897 tempore
411 2814 571 2895 judicatus
595 2817 671 2878 dicti
697 2816 862 2879 Iohannis.

207 2923 285 2985 ltem
310 2922 399 3003 quod
424 2922 499 3003 quia
525 2922 643 2984 Paulus
668 2923 699 2984 id
724 2923 948 3004 comprobavit
976 2922 1063 3002 quod
1089 2922 1288 3003 Dragozlaus
1304 2922 1364 2983 sibi

103 3048 200 3090 unam
225 3029 353 3089 vineam
372 3028 501 3109 legavit,
527 3030 600 3090 ideo
625 3049 683 3089 nos
701 3030 801 3111 ipsam
820 3030 946 3091 vineam
972 3028 1077 3090 eidem
1097 3029 1198 3090 Paulo
1225 3027 1363 3090 carnifici

109 3134 336 3215 relinquimus,
359 3147 504 3215 tempore
530 3134 687 3215 judicatus
712 3135 786 3195 dicti
812 3134 977 3197 Iohannis.

206 3241 282 3301 Item
310 3240 430 3302 Paulek
456 3239 595 3301 carnifex
620 3241 697 3302 emit
715 3261 811 3302 unam
843 3242 969 3302 vineam
995 3261 1011 3300 a
1037 3239 1194 3319 Matheus,
1218 3254 1362 3322 tempore

100 3346 257 3427 judicatus
281 3347 357 3408 dicti
383 3347 547 3408 Iohannis.

204 3453 281 3514 Item
307 3453 455 3514 Vrbanus
480 3455 557 3515 emit
576 3473 675 3514 unum
697 3453 832 3515 fundum
858 3476 875 3515 a
902 3455 1076 3516 Benedicto
1096 3455 1204 3516 Priore
1229 3468 1259 3515 et
1287 3476 1362 3516 con·

102 3573 197 3620 ventu
222 3559 351 3620 claustri
384 3560 475 3620 beate
509 3560 650 3640 VirgInis
682 3561 805 3620 ordInis
829 3562 928 3622 sancti
961 3561 1050 3621 Pauli
1077 3561 1171 3642 primi
1197 3561 1362 3640 heremite,

100 3679 243 3746 tempore
267 3664 427 3745 judicatus
452 3665 528 3725 dicti
554 3664 718 3728 Iohannis.

204 3771 280 3832 ltem
315 3772 456 3833 BrIccius
488 3772 565 3832 emit
597 3791 693 3833 unam
727 3773 913 3853 particulam
947 3774 1038 3834 vinee
1078 3795 1095 3834 a
1128 3779 1221 3834 Anna
1253 3775 1361 3836 relicta

103 3877 208 3955 Blasii,
232 3891 378 3959 tempore
403 3878 563 3958 judicatus
587 3878 743 3939 Iohannis
767 3879 913 3960 predicti,

205 3983 284 4045 ltem
308 3985 395 4064 quod
422 3985 496 4065 quia
521 3988 614 4045 Anna
639 3986 749 4046 relicta
775 3985 928 4067 Stephani
960 3987 990 4046 id
1016 3988 1248 4068 comprobavit,
1273 3989 1361 4069 quod

100 4091 157 4151 sibi
182 4090 288 4151 dictus
312 4091 474 4171 quandam
510 4091 634 4152 vineam
670 4093 797 4173 legavit,
830 4093 903 4153 ideo
928 4114 987 4154 nos
1018 4094 1118 4175 ipsam
1143 4095 1269 4154 vineam
1302 4095 1361 4154 sibi

101 4197 312 4277 relinquimus
336 4197 576 4278 possidendam,
601 4212 746 4278 tempore
772 4198 932 4278 judicatus
957 4199 1111 4260 Iohannis
1135 4200 1279 4282 predicti.

205 4303 282 4364 Item
309 4304 455 4385 Mathyas
479 4318 581 4364 sartor
599 4305 675 4364 emit
700 4324 799 4365 unum
818 4302 953 4366 fundum
972 4326 989 4366 a
1007 4306 1101 4384 Rosa,
1119 4320 1263 4388 tempore
1280 4306 1361 4388 judi·

100 4424 187 4470 catus
210 4410 344 4492 predicti
370 4410 534 4473 Iohannis.

205 4515 282 4577 Item
302 4516 458 4578 Martinus
475 4515 571 4578 frater
589 4517 726 4578 condam
741 4518 837 4578 Blasii
855 4518 1072 4579 archidiaconi
1089 4518 1244 4599 obligavit
1260 4539 1360 4580 unum

100 4621 235 4684 fundum
261 4642 334 4684 cum
359 4623 435 4683 turri
462 4624 594 4684 domine
620 4623 795 4685 KatherIne
813 4624 920 4688 relicte
946 4625 1027 4687 Petri
1053 4625 1091 4691 de
1115 4624 1361 4695 Hrasthouicha,

99 4743 245 4814 tempore
270 4728 428 4804 iudicatus
452 4729 528 4795 dicti
554 4728 717 4798 Iohannis.
