<?xml version="1.0" encoding="UTF-8"?>
<!DOCTYPE html PUBLIC "-//W3C//DTD XHTML 1.0 Transitional//EN"
    "http://www.w3.org/TR/xhtml1/DTD/xhtml1-transitional.dtd">
<html xmlns="http://www.w3.org/1999/xhtml" xml:lang="en" lang="en">
 <head>
  <title>
</title>
<meta http-equiv="Content-Type" content="text/html;charset=utf-8" />
  <meta name='ocr-system' content='tesseract 3.04.00' />
  <meta name='ocr-capabilities' content='ocr_page ocr_carea ocr_par ocr_line ocrx_word'/>
</head>
<body>
  <div class='ocr_page' id='page_1' title='image "./monumentahistor17laszgoog_0089.png"; bbox 0 0 3142 5356; ppageno 0'>
   <div class='ocr_carea' id='block_1_1' title="bbox 176 747 1464 2536">
    <p class='ocr_par' dir='ltr' id='par_1_1' title="bbox 176 747 1464 2536">
     <span class='ocr_line' id='line_1_1' title="bbox 298 747 1459 830; baseline 0.001 -20"><span class='ocrx_word' id='word_1_1' title='bbox 298 750 374 810; x_wconf 88' lang='lat' dir='ltr'>ltem</span> <span class='ocrx_word' id='word_1_2' title='bbox 399 752 533 811; x_wconf 90' lang='lat' dir='ltr'>sabbato</span> <span class='ocrx_word' id='word_1_3' title='bbox 558 749 705 830; x_wconf 89' lang='lat' dir='ltr'>proximo</span> <span class='ocrx_word' id='word_1_4' title='bbox 730 762 802 830; x_wconf 93' lang='lat' dir='ltr'>post</span> <span class='ocrx_word' id='word_1_5' title='bbox 826 747 940 810; x_wconf 81' lang='lat' dir='ltr'>festum</span> <span class='ocrx_word' id='word_1_6' title='bbox 957 749 1174 812; x_wconf 87' lang='lat' dir='ltr'>Exaltacionis</span> <span class='ocrx_word' id='word_1_7' title='bbox 1198 765 1306 812; x_wconf 88' lang='lat' dir='ltr'>sancte</span> <span class='ocrx_word' id='word_1_8' title='bbox 1331 750 1459 827; x_wconf 86' lang='lat' dir='ltr'><strong>Crucis,</strong></span> 
     </span>
     <span class='ocr_line' id='line_1_2' title="bbox 192 838 1463 939; baseline 0.002 -23"><span class='ocrx_word' id='word_1_9' title='bbox 192 876 285 917; x_wconf 87' lang='lat' dir='ltr'>causa</span> <span class='ocrx_word' id='word_1_10' title='bbox 312 857 394 918; x_wconf 92' lang='lat' dir='ltr'>inter</span> <span class='ocrx_word' id='word_1_11' title='bbox 419 857 590 939; x_wconf 88' lang='lat' dir='ltr'>providum</span> <span class='ocrx_word' id='word_1_12' title='bbox 617 856 821 916; x_wconf 87' lang='lat' dir='ltr'>Domkonem</span> <span class='ocrx_word' id='word_1_13' title='bbox 848 855 1019 938; x_wconf 83' lang='lat' dir='ltr'>Perowycz</span> <span class='ocrx_word' id='word_1_14' title='bbox 1036 870 1072 919; x_wconf 91' lang='lat' dir='ltr'>ut</span> <span class='ocrx_word' id='word_1_15' title='bbox 1096 871 1248 935; x_wconf 88' lang='lat' dir='ltr'>actorem,</span> <span class='ocrx_word' id='word_1_16' title='bbox 1273 859 1314 919; x_wconf 90' lang='lat' dir='ltr'>ab</span> <span class='ocrx_word' id='word_1_17' title='bbox 1338 878 1414 936; x_wconf 88' lang='lat' dir='ltr'>una,</span> <span class='ocrx_word' id='word_1_18' title='bbox 1432 838 1463 919; x_wconf 84' lang='lat' dir='ltr'>et</span> 
     </span>
     <span class='ocr_line' id='line_1_3' title="bbox 192 961 1462 1046; baseline 0.003 -25"><span class='ocrx_word' id='word_1_19' title='bbox 192 961 359 1024; x_wconf 90' lang='lat' dir='ltr'>dominam</span> <span class='ocrx_word' id='word_1_20' title='bbox 385 967 511 1023; x_wconf 83' lang='lat' dir='ltr'>Annam</span> <span class='ocrx_word' id='word_1_21' title='bbox 539 962 682 1022; x_wconf 86' lang='lat' dir='ltr'>relictam</span> <span class='ocrx_word' id='word_1_22' title='bbox 707 961 843 1022; x_wconf 88' lang='lat' dir='ltr'>condam</span> <span class='ocrx_word' id='word_1_23' title='bbox 866 962 1021 1023; x_wconf 89' lang='lat' dir='ltr'>Johannis</span> <span class='ocrx_word' id='word_1_24' title='bbox 1038 962 1248 1046; x_wconf 87' lang='lat' dir='ltr'>Soldinarycz</span> <span class='ocrx_word' id='word_1_25' title='bbox 1273 977 1308 1025; x_wconf 91' lang='lat' dir='ltr'>ut</span> <span class='ocrx_word' id='word_1_26' title='bbox 1332 965 1364 1025; x_wconf 92' lang='lat' dir='ltr'>in</span> <span class='ocrx_word' id='word_1_27' title='bbox 1384 984 1462 1026; x_wconf 88' lang='lat' dir='ltr'>cau·</span> 
     </span>
     <span class='ocr_line' id='line_1_4' title="bbox 193 1068 1457 1151; baseline 0.002 -23"><span class='ocrx_word' id='word_1_28' title='bbox 193 1088 260 1129; x_wconf 88' lang='lat' dir='ltr'>sam</span> <span class='ocrx_word' id='word_1_29' title='bbox 288 1083 463 1146; x_wconf 77' lang='lat' dir='ltr'>attractam,</span> <span class='ocrx_word' id='word_1_30' title='bbox 489 1084 575 1151; x_wconf 90' lang='lat' dir='ltr'>parte</span> <span class='ocrx_word' id='word_1_31' title='bbox 599 1089 635 1128; x_wconf 85' lang='lat' dir='ltr'>ex</span> <span class='ocrx_word' id='word_1_32' title='bbox 660 1069 768 1146; x_wconf 85' lang='lat' dir='ltr'>altera,</span> <span class='ocrx_word' id='word_1_33' title='bbox 795 1068 922 1129; x_wconf 87' lang='lat' dir='ltr'>racione</span> <span class='ocrx_word' id='word_1_34' title='bbox 944 1083 974 1130; x_wconf 90' lang='lat' dir='ltr'>et</span> <span class='ocrx_word' id='word_1_35' title='bbox 997 1083 1144 1150; x_wconf 84' lang='lat' dir='ltr'>pretextu</span> <span class='ocrx_word' id='word_1_36' title='bbox 1169 1070 1336 1131; x_wconf 90' lang='lat' dir='ltr'>cuiusdam</span> <span class='ocrx_word' id='word_1_37' title='bbox 1362 1091 1457 1132; x_wconf 88' lang='lat' dir='ltr'>cena·</span> 
     </span>
     <span class='ocr_line' id='line_1_5' title="bbox 193 1175 1464 1258; baseline 0.002 -21"><span class='ocrx_word' id='word_1_38' title='bbox 193 1175 257 1237; x_wconf 91' lang='lat' dir='ltr'>culi</span> <span class='ocrx_word' id='word_1_39' title='bbox 273 1176 358 1256; x_wconf 85' lang='lat' dir='ltr'>wlgo</span> <span class='ocrx_word' id='word_1_40' title='bbox 383 1175 651 1255; x_wconf 28' lang='lat' dir='ltr'>jerchelrdicrum,</span> <span class='ocrx_word' id='word_1_41' title='bbox 676 1176 763 1256; x_wconf 92' lang='lat' dir='ltr'>quod</span> <span class='ocrx_word' id='word_1_42' title='bbox 789 1175 979 1256; x_wconf 91' lang='lat' dir='ltr'>dispositum</span> <span class='ocrx_word' id='word_1_43' title='bbox 998 1189 1064 1236; x_wconf 90' lang='lat' dir='ltr'>erat</span> <span class='ocrx_word' id='word_1_44' title='bbox 1080 1189 1224 1258; x_wconf 91' lang='lat' dir='ltr'>tempore</span> <span class='ocrx_word' id='word_1_45' title='bbox 1250 1177 1389 1239; x_wconf 89' lang='lat' dir='ltr'>condam</span> <span class='ocrx_word' id='word_1_46' title='bbox 1409 1198 1464 1239; x_wconf 89' lang='lat' dir='ltr'>co·</span> 
     </span>
     <span class='ocr_line' id='line_1_6' title="bbox 193 1282 1463 1364; baseline 0.002 -20"><span class='ocrx_word' id='word_1_47' title='bbox 193 1284 280 1344; x_wconf 90' lang='lat' dir='ltr'>mitis</span> <span class='ocrx_word' id='word_1_48' title='bbox 306 1283 390 1345; x_wconf 81' lang='lat' dir='ltr'>Cilic</span> <span class='ocrx_word' id='word_1_49' title='bbox 422 1303 478 1364; x_wconf 91' lang='lat' dir='ltr'>per</span> <span class='ocrx_word' id='word_1_50' title='bbox 507 1283 679 1364; x_wconf 85' lang='lat' dir='ltr'>quemdam</span> <span class='ocrx_word' id='word_1_51' title='bbox 714 1282 884 1343; x_wconf 88' lang='lat' dir='ltr'>Siboldum</span> <span class='ocrx_word' id='word_1_52' title='bbox 918 1282 995 1343; x_wconf 91' lang='lat' dir='ltr'>olim</span> <span class='ocrx_word' id='word_1_53' title='bbox 1023 1297 1232 1364; x_wconf 88' lang='lat' dir='ltr'>capetaneum</span> <span class='ocrx_word' id='word_1_54' title='bbox 1266 1284 1362 1346; x_wconf 88' lang='lat' dir='ltr'>huius</span> <span class='ocrx_word' id='word_1_55' title='bbox 1386 1286 1463 1347; x_wconf 86' lang='lat' dir='ltr'>civi-</span> 
     </span>
     <span class='ocr_line' id='line_1_7' title="bbox 191 1388 1461 1471; baseline 0.002 -21"><span class='ocrx_word' id='word_1_56' title='bbox 191 1391 264 1451; x_wconf 84' lang='lat' dir='ltr'>tatis</span> <span class='ocrx_word' id='word_1_57' title='bbox 289 1404 397 1452; x_wconf 90' lang='lat' dir='ltr'>contra</span> <span class='ocrx_word' id='word_1_58' title='bbox 423 1390 687 1451; x_wconf 90' lang='lat' dir='ltr'>consvetudinem</span> <span class='ocrx_word' id='word_1_59' title='bbox 714 1388 849 1450; x_wconf 88' lang='lat' dir='ltr'>civitatis</span> <span class='ocrx_word' id='word_1_60' title='bbox 878 1402 908 1450; x_wconf 91' lang='lat' dir='ltr'>et</span> <span class='ocrx_word' id='word_1_61' title='bbox 925 1403 1156 1450; x_wconf 85' lang='lat' dir='ltr'>nocumentum</span> <span class='ocrx_word' id='word_1_62' title='bbox 1181 1391 1322 1471; x_wconf 82' lang='lat' dir='ltr'>predicte</span> <span class='ocrx_word' id='word_1_63' title='bbox 1341 1392 1461 1453; x_wconf 89' lang='lat' dir='ltr'>domus</span> 
     </span>
     <span class='ocr_line' id='line_1_8' title="bbox 176 1494 1459 1579; baseline 0.002 -22"><span class='ocrx_word' id='word_1_64' title='bbox 176 1497 373 1558; x_wconf 77' lang='lat' dir='ltr'>&#39;Domkonis</span> <span class='ocrx_word' id='word_1_65' title='bbox 389 1497 572 1579; x_wconf 82' lang='lat' dir='ltr'>Perowycz,</span> <span class='ocrx_word' id='word_1_66' title='bbox 596 1511 627 1557; x_wconf 90' lang='lat' dir='ltr'>et</span> <span class='ocrx_word' id='word_1_67' title='bbox 643 1496 718 1577; x_wconf 89' lang='lat' dir='ltr'>quia</span> <span class='ocrx_word' id='word_1_68' title='bbox 736 1495 835 1556; x_wconf 91' lang='lat' dir='ltr'>eciam</span> <span class='ocrx_word' id='word_1_69' title='bbox 855 1494 933 1576; x_wconf 85' lang='lat' dir='ltr'>(per)</span> <span class='ocrx_word' id='word_1_70' title='bbox 952 1495 1191 1576; x_wconf 84' lang='lat' dir='ltr'>predecessores</span> <span class='ocrx_word' id='word_1_71' title='bbox 1208 1497 1307 1578; x_wconf 89' lang='lat' dir='ltr'>ipsius</span> <span class='ocrx_word' id='word_1_72' title='bbox 1332 1497 1459 1559; x_wconf 90' lang='lat' dir='ltr'>domini</span> 
     </span>
     <span class='ocr_line' id='line_1_9' title="bbox 177 1601 1460 1687; baseline 0.001 -23"><span class='ocrx_word' id='word_1_73' title='bbox 177 1603 374 1664; x_wconf 62' lang='lat' dir='ltr'>‘Domkonis</span> <span class='ocrx_word' id='word_1_74' title='bbox 388 1604 557 1687; x_wconf 82' lang='lat' dir='ltr'>Perowycz</span> <span class='ocrx_word' id='word_1_75' title='bbox 579 1601 638 1664; x_wconf 87' lang='lat' dir='ltr'>fuit</span> <span class='ocrx_word' id='word_1_76' title='bbox 656 1602 827 1663; x_wconf 91' lang='lat' dir='ltr'>inhibitum</span> <span class='ocrx_word' id='word_1_77' title='bbox 846 1617 876 1662; x_wconf 89' lang='lat' dir='ltr'>et</span> <span class='ocrx_word' id='word_1_78' title='bbox 894 1601 1126 1662; x_wconf 87' lang='lat' dir='ltr'>contradictum</span> <span class='ocrx_word' id='word_1_79' title='bbox 1144 1617 1239 1685; x_wconf 89' lang='lat' dir='ltr'>prout</span> <span class='ocrx_word' id='word_1_80' title='bbox 1264 1601 1324 1664; x_wconf 93' lang='lat' dir='ltr'>hoc</span> <span class='ocrx_word' id='word_1_81' title='bbox 1349 1623 1460 1665; x_wconf 90' lang='lat' dir='ltr'>coram</span> 
     </span>
     <span class='ocr_line' id='line_1_10' title="bbox 192 1707 1457 1791; baseline 0.002 -21"><span class='ocrx_word' id='word_1_82' title='bbox 192 1710 286 1770; x_wconf 92' lang='lat' dir='ltr'>nobis</span> <span class='ocrx_word' id='word_1_83' title='bbox 310 1711 394 1770; x_wconf 89' lang='lat' dir='ltr'>clare</span> <span class='ocrx_word' id='word_1_84' title='bbox 408 1710 630 1791; x_wconf 88' lang='lat' dir='ltr'>comprobavit</span> <span class='ocrx_word' id='word_1_85' title='bbox 647 1710 723 1769; x_wconf 91' lang='lat' dir='ltr'>dum</span> <span class='ocrx_word' id='word_1_86' title='bbox 742 1707 971 1771; x_wconf 87' lang='lat' dir='ltr'>bedificabatur</span> <span class='ocrx_word' id='word_1_87' title='bbox 988 1708 1074 1770; x_wconf 90' lang='lat' dir='ltr'>idem</span> <span class='ocrx_word' id='word_1_88' title='bbox 1092 1710 1292 1787; x_wconf 88' lang='lat' dir='ltr'>cenaculum,</span> <span class='ocrx_word' id='word_1_89' title='bbox 1311 1711 1457 1772; x_wconf 89' lang='lat' dir='ltr'>seniores</span> 
     </span>
     <span class='ocr_line' id='line_1_11' title="bbox 194 1814 1462 1899; baseline 0.002 -23"><span class='ocrx_word' id='word_1_90' title='bbox 194 1815 315 1892; x_wconf 78' lang='lat' dir='ltr'>iudices</span> <span class='ocrx_word' id='word_1_91' title='bbox 346 1816 622 1895; x_wconf 80' lang='lat' dir='ltr'>adjudicaverunt,</span> <span class='ocrx_word' id='word_1_92' title='bbox 654 1836 690 1876; x_wconf 88' lang='lat' dir='ltr'>ex</span> <span class='ocrx_word' id='word_1_93' title='bbox 716 1834 781 1895; x_wconf 89' lang='lat' dir='ltr'>quo</span> <span class='ocrx_word' id='word_1_94' title='bbox 812 1815 852 1875; x_wconf 90' lang='lat' dir='ltr'>de</span> <span class='ocrx_word' id='word_1_95' title='bbox 884 1814 998 1876; x_wconf 90' lang='lat' dir='ltr'>eodem</span> <span class='ocrx_word' id='word_1_96' title='bbox 1031 1815 1185 1876; x_wconf 89' lang='lat' dir='ltr'>cenaculo</span> <span class='ocrx_word' id='word_1_97' title='bbox 1218 1815 1319 1878; x_wconf 86' lang='lat' dir='ltr'>videri</span> <span class='ocrx_word' id='word_1_98' title='bbox 1353 1832 1462 1899; x_wconf 87' lang='lat' dir='ltr'>potest</span> 
     </span>
     <span class='ocr_line' id='line_1_12' title="bbox 195 1921 1464 2005; baseline 0.002 -23"><span class='ocrx_word' id='word_1_99' title='bbox 195 1923 286 2003; x_wconf 88' lang='lat' dir='ltr'>quasi</span> <span class='ocrx_word' id='word_1_100' title='bbox 312 1942 367 2003; x_wconf 89' lang='lat' dir='ltr'>per</span> <span class='ocrx_word' id='word_1_101' title='bbox 393 1922 546 2000; x_wconf 88' lang='lat' dir='ltr'>majorem</span> <span class='ocrx_word' id='word_1_102' title='bbox 581 1935 702 2004; x_wconf 86' lang='lat' dir='ltr'>partem</span> <span class='ocrx_word' id='word_1_103' title='bbox 736 1921 851 1982; x_wconf 88' lang='lat' dir='ltr'>domus</span> <span class='ocrx_word' id='word_1_104' title='bbox 884 1921 981 2001; x_wconf 88' lang='lat' dir='ltr'>ipsius</span> <span class='ocrx_word' id='word_1_105' title='bbox 1014 1921 1193 1982; x_wconf 89' lang='lat' dir='ltr'>Domkonis</span> <span class='ocrx_word' id='word_1_106' title='bbox 1218 1922 1404 2005; x_wconf 86' lang='lat' dir='ltr'>Perowycz‚</span> <span class='ocrx_word' id='word_1_107' title='bbox 1431 1940 1464 1986; x_wconf 89' lang='lat' dir='ltr'>et</span> 
     </span>
     <span class='ocr_line' id='line_1_13' title="bbox 192 2027 1464 2113; baseline 0.003 -25"><span class='ocrx_word' id='word_1_108' title='bbox 192 2028 280 2109; x_wconf 90' lang='lat' dir='ltr'>quod</span> <span class='ocrx_word' id='word_1_109' title='bbox 315 2029 415 2089; x_wconf 90' lang='lat' dir='ltr'>eciam</span> <span class='ocrx_word' id='word_1_110' title='bbox 449 2030 621 2090; x_wconf 86' lang='lat' dir='ltr'>obumbrat</span> <span class='ocrx_word' id='word_1_111' title='bbox 653 2027 761 2089; x_wconf 92' lang='lat' dir='ltr'>videre</span> <span class='ocrx_word' id='word_1_112' title='bbox 793 2027 832 2087; x_wconf 91' lang='lat' dir='ltr'>de</span> <span class='ocrx_word' id='word_1_113' title='bbox 865 2028 1006 2109; x_wconf 90' lang='lat' dir='ltr'>predicta</span> <span class='ocrx_word' id='word_1_114' title='bbox 1039 2028 1137 2088; x_wconf 90' lang='lat' dir='ltr'>domo</span> <span class='ocrx_word' id='word_1_115' title='bbox 1162 2029 1261 2110; x_wconf 89' lang='lat' dir='ltr'>ipsius</span> <span class='ocrx_word' id='word_1_116' title='bbox 1287 2029 1464 2113; x_wconf 85' lang='lat' dir='ltr'>Perowycz</span> 
     </span>
     <span class='ocr_line' id='line_1_14' title="bbox 192 2133 1463 2217; baseline 0.002 -23"><span class='ocrx_word' id='word_1_117' title='bbox 192 2153 249 2216; x_wconf 88' lang='lat' dir='ltr'>per</span> <span class='ocrx_word' id='word_1_118' title='bbox 272 2135 412 2216; x_wconf 83' lang='lat' dir='ltr'>plateam</span> <span class='ocrx_word' id='word_1_119' title='bbox 445 2136 592 2214; x_wconf 86' lang='lat' dir='ltr'>civitatis,</span> <span class='ocrx_word' id='word_1_120' title='bbox 625 2150 755 2217; x_wconf 90' lang='lat' dir='ltr'>propter</span> <span class='ocrx_word' id='word_1_121' title='bbox 787 2133 846 2194; x_wconf 92' lang='lat' dir='ltr'>hoc</span> <span class='ocrx_word' id='word_1_122' title='bbox 880 2133 965 2193; x_wconf 91' lang='lat' dir='ltr'>idem</span> <span class='ocrx_word' id='word_1_123' title='bbox 988 2133 1177 2194; x_wconf 85' lang='lat' dir='ltr'>cenaculum</span> <span class='ocrx_word' id='word_1_124' title='bbox 1210 2135 1309 2214; x_wconf 84' lang='lat' dir='ltr'>vulgo</span> <span class='ocrx_word' id='word_1_125' title='bbox 1342 2135 1463 2216; x_wconf 88' lang='lat' dir='ltr'>jarchel</span> 
     </span>
     <span class='ocr_line' id='line_1_15' title="bbox 192 2239 1460 2321; baseline 0.001 -20"><span class='ocrx_word' id='word_1_126' title='bbox 192 2260 294 2321; x_wconf 90' lang='lat' dir='ltr'>usque</span> <span class='ocrx_word' id='word_1_127' title='bbox 319 2241 561 2321; x_wconf 91' lang='lat' dir='ltr'>quindecimum</span> <span class='ocrx_word' id='word_1_128' title='bbox 588 2243 673 2302; x_wconf 92' lang='lat' dir='ltr'>diem</span> <span class='ocrx_word' id='word_1_129' title='bbox 700 2241 793 2302; x_wconf 90' lang='lat' dir='ltr'>debet</span> <span class='ocrx_word' id='word_1_130' title='bbox 815 2240 952 2321; x_wconf 91' lang='lat' dir='ltr'>deponi;</span> <span class='ocrx_word' id='word_1_131' title='bbox 978 2239 1017 2300; x_wconf 91' lang='lat' dir='ltr'>de</span> <span class='ocrx_word' id='word_1_132' title='bbox 1042 2259 1105 2320; x_wconf 88' lang='lat' dir='ltr'>qua</span> <span class='ocrx_word' id='word_1_133' title='bbox 1130 2239 1375 2320; x_wconf 86' lang='lat' dir='ltr'>adjudicacione</span> <span class='ocrx_word' id='word_1_134' title='bbox 1401 2242 1460 2303; x_wconf 94' lang='lat' dir='ltr'>do-</span> 
     </span>
     <span class='ocr_line' id='line_1_16' title="bbox 192 2347 1460 2431; baseline 0.002 -24"><span class='ocrx_word' id='word_1_135' title='bbox 192 2347 280 2408; x_wconf 91' lang='lat' dir='ltr'>mina</span> <span class='ocrx_word' id='word_1_136' title='bbox 304 2352 398 2408; x_wconf 84' lang='lat' dir='ltr'>Anna</span> <span class='ocrx_word' id='word_1_137' title='bbox 416 2349 525 2409; x_wconf 90' lang='lat' dir='ltr'>relicta</span> <span class='ocrx_word' id='word_1_138' title='bbox 544 2349 700 2409; x_wconf 91' lang='lat' dir='ltr'>Johannis</span> <span class='ocrx_word' id='word_1_139' title='bbox 717 2347 935 2430; x_wconf 84' lang='lat' dir='ltr'>Soldynarycz</span> <span class='ocrx_word' id='word_1_140' title='bbox 954 2367 1017 2406; x_wconf 91' lang='lat' dir='ltr'>non</span> <span class='ocrx_word' id='word_1_141' title='bbox 1036 2360 1184 2407; x_wconf 87' lang='lat' dir='ltr'>contenta</span> <span class='ocrx_word' id='word_1_142' title='bbox 1210 2366 1337 2408; x_wconf 87' lang='lat' dir='ltr'>causam</span> <span class='ocrx_word' id='word_1_143' title='bbox 1357 2349 1460 2431; x_wconf 88' lang='lat' dir='ltr'>ipsam</span> 
     </span>
     <span class='ocr_line' id='line_1_17' title="bbox 177 2454 944 2536; baseline 0 -20"><span class='ocrx_word' id='word_1_144' title='bbox 177 2454 366 2536; x_wconf 75' lang='lat' dir='ltr'>‚appellavit</span> <span class='ocrx_word' id='word_1_145' title='bbox 389 2455 428 2516; x_wconf 90' lang='lat' dir='ltr'>ad</span> <span class='ocrx_word' id='word_1_146' title='bbox 455 2456 642 2536; x_wconf 85' lang='lat' dir='ltr'>magistrum</span> <span class='ocrx_word' id='word_1_147' title='bbox 667 2455 944 2516; x_wconf 77' lang='lat' dir='ltr'>thaivernicorum.</span> 
     </span>
    </p>
   </div>
   <div class='ocr_carea' id='block_1_2' title="bbox 272 2673 1368 2872">
    <p class='ocr_par' dir='ltr' id='par_1_2' title="bbox 272 2673 1368 2872">
     <span class='ocr_line' id='line_1_18' title="bbox 272 2673 1368 2764; baseline 0.004 -19"><span class='ocrx_word' id='word_1_148' title='bbox 272 2673 368 2746; x_wconf 84' lang='lat' dir='ltr'>Faria</span> <span class='ocrx_word' id='word_1_149' title='bbox 398 2688 495 2746; x_wconf 83' lang='lat' dir='ltr'>sexta</span> <span class='ocrx_word' id='word_1_150' title='bbox 524 2679 678 2764; x_wconf 86' lang='lat' dir='ltr'>proxima</span> <span class='ocrx_word' id='word_1_151' title='bbox 708 2684 786 2747; x_wconf 81' lang='lat' dir='ltr'>ante</span> <span class='ocrx_word' id='word_1_152' title='bbox 813 2677 934 2747; x_wconf 81' lang='lat' dir='ltr'>festum</span> <span class='ocrx_word' id='word_1_153' title='bbox 964 2678 1140 2749; x_wconf 82' lang='lat' dir='ltr'>beatorum</span> <span class='ocrx_word' id='word_1_154' title='bbox 1169 2676 1305 2749; x_wconf 82' lang='lat' dir='ltr'>Fabiani</span> <span class='ocrx_word' id='word_1_155' title='bbox 1337 2690 1368 2750; x_wconf 92' lang='lat' dir='ltr'>et</span> 
     </span>
     <span class='ocr_line' id='line_1_19' title="bbox 615 2799 1025 2872; baseline 0.005 -2"><span class='ocrx_word' id='word_1_156' title='bbox 615 2799 803 2871; x_wconf 82' lang='lat' dir='ltr'>Sebastiani</span> <span class='ocrx_word' id='word_1_157' title='bbox 833 2805 1025 2872; x_wconf 82' lang='lat' dir='ltr'>martirum.</span> 
     </span>
    </p>
   </div>
   <div class='ocr_carea' id='block_1_3' title="bbox 598 2952 1062 3033">
    <p class='ocr_par' dir='ltr' id='par_1_3' title="bbox 598 2952 1062 3033">
     <span class='ocr_line' id='line_1_20' title="bbox 598 2952 1062 3033; baseline 0.009 -22"><span class='ocrx_word' id='word_1_158' title='bbox 598 2952 664 3033; x_wconf 79' lang='lat'><em>(19.</em></span> <span class='ocrx_word' id='word_1_159' title='bbox 681 2957 832 3030; x_wconf 67' lang='lat' dir='ltr'>januarii,</span> <span class='ocrx_word' id='word_1_160' title='bbox 854 2976 924 3018; x_wconf 81' lang='lat' dir='ltr'>ann.</span> <span class='ocrx_word' id='word_1_161' title='bbox 950 2953 1062 3033; x_wconf 61' lang='lat'><em>1487).</em></span> 
     </span>
    </p>
   </div>
   <div class='ocr_carea' id='block_1_4' title="bbox 180 3093 1458 5078">
    <p class='ocr_par' dir='ltr' id='par_1_4' title="bbox 192 3093 1458 4330">
     <span class='ocr_line' id='line_1_21' title="bbox 299 3093 1458 3178; baseline 0.003 -24"><span class='ocrx_word' id='word_1_162' title='bbox 299 3093 404 3154; x_wconf 89' lang='lat' dir='ltr'>Causa</span> <span class='ocrx_word' id='word_1_163' title='bbox 436 3095 518 3155; x_wconf 88' lang='lat' dir='ltr'>inter</span> <span class='ocrx_word' id='word_1_164' title='bbox 549 3096 653 3155; x_wconf 86' lang='lat' dir='ltr'>Eliam</span> <span class='ocrx_word' id='word_1_165' title='bbox 685 3109 946 3176; x_wconf 87' lang='lat' dir='ltr'>campanatorem</span> <span class='ocrx_word' id='word_1_166' title='bbox 978 3110 1009 3157; x_wconf 89' lang='lat' dir='ltr'>et</span> <span class='ocrx_word' id='word_1_167' title='bbox 1041 3096 1122 3158; x_wconf 91' lang='lat' dir='ltr'>inter</span> <span class='ocrx_word' id='word_1_168' title='bbox 1147 3095 1325 3178; x_wconf 80' lang='lat' dir='ltr'>Georgium</span> <span class='ocrx_word' id='word_1_169' title='bbox 1351 3097 1458 3158; x_wconf 87' lang='lat' dir='ltr'>Kene-</span> 
     </span>
     <span class='ocr_line' id='line_1_22' title="bbox 193 3201 1457 3282; baseline 0.003 -22"><span class='ocrx_word' id='word_1_170' title='bbox 193 3202 324 3281; x_wconf 87' lang='lat' dir='ltr'>kowycz</span> <span class='ocrx_word' id='word_1_171' title='bbox 349 3214 380 3261; x_wconf 89' lang='lat' dir='ltr'>et</span> <span class='ocrx_word' id='word_1_172' title='bbox 405 3201 597 3262; x_wconf 88' lang='lat' dir='ltr'>Michaelem</span> <span class='ocrx_word' id='word_1_173' title='bbox 615 3202 721 3282; x_wconf 82' lang='lat' dir='ltr'>Orzag</span> <span class='ocrx_word' id='word_1_174' title='bbox 746 3217 776 3263; x_wconf 93' lang='lat' dir='ltr'>et</span> <span class='ocrx_word' id='word_1_175' title='bbox 798 3203 938 3263; x_wconf 80' lang='lat' dir='ltr'>blasium</span> <span class='ocrx_word' id='word_1_176' title='bbox 957 3204 1159 3264; x_wconf 89' lang='lat' dir='ltr'>Nekerschen</span> <span class='ocrx_word' id='word_1_177' title='bbox 1185 3217 1215 3264; x_wconf 90' lang='lat' dir='ltr'>et</span> <span class='ocrx_word' id='word_1_178' title='bbox 1240 3204 1457 3264; x_wconf 87' lang='lat' dir='ltr'>Laurencium</span> 
     </span>
     <span class='ocr_line' id='line_1_23' title="bbox 195 3307 1456 3390; baseline 0.003 -23"><span class='ocrx_word' id='word_1_179' title='bbox 195 3307 298 3390; x_wconf 88' lang='lat' dir='ltr'>Spacy</span> <span class='ocrx_word' id='word_1_180' title='bbox 323 3308 452 3368; x_wconf 90' lang='lat' dir='ltr'>racione</span> <span class='ocrx_word' id='word_1_181' title='bbox 487 3310 581 3369; x_wconf 91' lang='lat' dir='ltr'>rebus</span> <span class='ocrx_word' id='word_1_182' title='bbox 613 3309 733 3370; x_wconf 89' lang='lat' dir='ltr'>scilicet</span> <span class='ocrx_word' id='word_1_183' title='bbox 765 3309 923 3370; x_wconf 88' lang='lat' dir='ltr'>naranche</span> <span class='ocrx_word' id='word_1_184' title='bbox 956 3329 1012 3390; x_wconf 88' lang='lat' dir='ltr'>per</span> <span class='ocrx_word' id='word_1_185' title='bbox 1045 3310 1130 3390; x_wconf 89' lang='lat' dir='ltr'>ipsos</span> <span class='ocrx_word' id='word_1_186' title='bbox 1161 3309 1335 3370; x_wconf 88' lang='lat' dir='ltr'>conductas</span> <span class='ocrx_word' id='word_1_187' title='bbox 1360 3323 1390 3371; x_wconf 91' lang='lat' dir='ltr'>et</span> <span class='ocrx_word' id='word_1_188' title='bbox 1423 3311 1456 3371; x_wconf 94' lang='lat' dir='ltr'>in</span> 
     </span>
     <span class='ocr_line' id='line_1_24' title="bbox 193 3413 1455 3497; baseline 0.004 -25"><span class='ocrx_word' id='word_1_189' title='bbox 193 3413 338 3473; x_wconf 90' lang='lat' dir='ltr'>curribus</span> <span class='ocrx_word' id='word_1_190' title='bbox 357 3414 498 3495; x_wconf 88' lang='lat' dir='ltr'>ipsorum</span> <span class='ocrx_word' id='word_1_191' title='bbox 518 3435 574 3496; x_wconf 90' lang='lat' dir='ltr'>per</span> <span class='ocrx_word' id='word_1_192' title='bbox 590 3436 706 3496; x_wconf 87' lang='lat' dir='ltr'>aquam</span> <span class='ocrx_word' id='word_1_193' title='bbox 725 3416 880 3493; x_wconf 88' lang='lat' dir='ltr'>madidas,</span> <span class='ocrx_word' id='word_1_194' title='bbox 896 3416 989 3496; x_wconf 85' lang='lat' dir='ltr'>jurati</span> <span class='ocrx_word' id='word_1_195' title='bbox 1013 3417 1056 3477; x_wconf 91' lang='lat' dir='ltr'>sic</span> <span class='ocrx_word' id='word_1_196' title='bbox 1074 3415 1347 3495; x_wconf 79' lang='lat' dir='ltr'>dejudicaverunt,</span> <span class='ocrx_word' id='word_1_197' title='bbox 1365 3417 1455 3497; x_wconf 91' lang='lat' dir='ltr'>quod</span> 
     </span>
     <span class='ocr_line' id='line_1_25' title="bbox 194 3520 1458 3604; baseline 0.003 -25"><span class='ocrx_word' id='word_1_198' title='bbox 194 3520 261 3601; x_wconf 92' lang='lat' dir='ltr'>ipse</span> <span class='ocrx_word' id='word_1_199' title='bbox 286 3520 373 3580; x_wconf 90' lang='lat' dir='ltr'>Elias</span> <span class='ocrx_word' id='word_1_200' title='bbox 397 3520 493 3582; x_wconf 90' lang='lat' dir='ltr'>debet</span> <span class='ocrx_word' id='word_1_201' title='bbox 510 3521 724 3601; x_wconf 85' lang='lat' dir='ltr'>juramentum</span> <span class='ocrx_word' id='word_1_202' title='bbox 747 3522 906 3603; x_wconf 87' lang='lat' dir='ltr'>deponere</span> <span class='ocrx_word' id='word_1_203' title='bbox 925 3542 1020 3604; x_wconf 90' lang='lat' dir='ltr'>super</span> <span class='ocrx_word' id='word_1_204' title='bbox 1037 3522 1096 3582; x_wconf 91' lang='lat' dir='ltr'>boc</span> <span class='ocrx_word' id='word_1_205' title='bbox 1121 3543 1217 3604; x_wconf 91' lang='lat' dir='ltr'>super</span> <span class='ocrx_word' id='word_1_206' title='bbox 1233 3523 1331 3583; x_wconf 89' lang='lat' dir='ltr'>altare</span> <span class='ocrx_word' id='word_1_207' title='bbox 1348 3536 1458 3583; x_wconf 87' lang='lat' dir='ltr'>sancte</span> 
     </span>
     <span class='ocr_line' id='line_1_26' title="bbox 194 3624 1457 3690; baseline 0.002 -4"><span class='ocrx_word' id='word_1_208' title='bbox 194 3624 307 3686; x_wconf 89' lang='lat' dir='ltr'>Crucis</span> <span class='ocrx_word' id='word_1_209' title='bbox 332 3627 362 3686; x_wconf 91' lang='lat' dir='ltr'>in</span> <span class='ocrx_word' id='word_1_210' title='bbox 389 3628 522 3688; x_wconf 88' lang='lat' dir='ltr'>ecclesia</span> <span class='ocrx_word' id='word_1_211' title='bbox 547 3636 653 3690; x_wconf 82' lang='lat' dir='ltr'>nostra</span> <span class='ocrx_word' id='word_1_212' title='bbox 684 3634 783 3690; x_wconf 90' lang='lat' dir='ltr'>sancti</span> <span class='ocrx_word' id='word_1_213' title='bbox 810 3629 906 3688; x_wconf 88' lang='lat' dir='ltr'>Marci</span> <span class='ocrx_word' id='word_1_214' title='bbox 941 3629 981 3689; x_wconf 91' lang='lat' dir='ltr'>ita</span> <span class='ocrx_word' id='word_1_215' title='bbox 1012 3643 1117 3689; x_wconf 89' lang='lat' dir='ltr'>tamen</span> <span class='ocrx_word' id='word_1_216' title='bbox 1150 3629 1231 3690; x_wconf 90' lang='lat' dir='ltr'>sicut</span> <span class='ocrx_word' id='word_1_217' title='bbox 1255 3644 1301 3690; x_wconf 92' lang='lat' dir='ltr'>est</span> <span class='ocrx_word' id='word_1_218' title='bbox 1325 3648 1457 3690; x_wconf 84' lang='lat' dir='ltr'>consve-</span> 
     </span>
     <span class='ocr_line' id='line_1_27' title="bbox 192 3732 1457 3815; baseline 0.003 -24"><span class='ocrx_word' id='word_1_219' title='bbox 192 3732 283 3810; x_wconf 90' lang='lat' dir='ltr'>tud0‚</span> <span class='ocrx_word' id='word_1_220' title='bbox 308 3734 395 3814; x_wconf 88' lang='lat' dir='ltr'>quod</span> <span class='ocrx_word' id='word_1_221' title='bbox 423 3735 476 3795; x_wconf 89' lang='lat' dir='ltr'>ille</span> <span class='ocrx_word' id='word_1_222' title='bbox 500 3748 572 3795; x_wconf 89' lang='lat' dir='ltr'>sunt</span> <span class='ocrx_word' id='word_1_223' title='bbox 605 3734 762 3795; x_wconf 88' lang='lat' dir='ltr'>naranche</span> <span class='ocrx_word' id='word_1_224' title='bbox 787 3734 851 3815; x_wconf 91' lang='lat' dir='ltr'>pile</span> <span class='ocrx_word' id='word_1_225' title='bbox 884 3734 922 3794; x_wconf 93' lang='lat' dir='ltr'>de</span> <span class='ocrx_word' id='word_1_226' title='bbox 953 3735 1007 3795; x_wconf 91' lang='lat' dir='ltr'>illa</span> <span class='ocrx_word' id='word_1_227' title='bbox 1040 3734 1240 3795; x_wconf 87' lang='lat' dir='ltr'>madiacione</span> <span class='ocrx_word' id='word_1_228' title='bbox 1267 3735 1354 3815; x_wconf 92' lang='lat' dir='ltr'>quod</span> <span class='ocrx_word' id='word_1_229' title='bbox 1388 3733 1457 3795; x_wconf 86' lang='lat' dir='ltr'>fue·</span> 
     </span>
     <span class='ocr_line' id='line_1_28' title="bbox 193 3840 1456 3922; baseline 0.003 -24"><span class='ocrx_word' id='word_1_230' title='bbox 193 3854 265 3898; x_wconf 89' lang='lat' dir='ltr'>runt</span> <span class='ocrx_word' id='word_1_231' title='bbox 291 3840 451 3902; x_wconf 79' lang='lat' dir='ltr'>madidata</span> <span class='ocrx_word' id='word_1_232' title='bbox 471 3842 501 3900; x_wconf 95' lang='lat' dir='ltr'>in</span> <span class='ocrx_word' id='word_1_233' title='bbox 527 3841 671 3901; x_wconf 90' lang='lat' dir='ltr'>curribus</span> <span class='ocrx_word' id='word_1_234' title='bbox 689 3841 842 3922; x_wconf 89' lang='lat' dir='ltr'>ipsorum,</span> <span class='ocrx_word' id='word_1_235' title='bbox 867 3855 897 3900; x_wconf 89' lang='lat' dir='ltr'>et</span> <span class='ocrx_word' id='word_1_236' title='bbox 920 3841 1022 3900; x_wconf 88' lang='lat' dir='ltr'>eciam</span> <span class='ocrx_word' id='word_1_237' title='bbox 1047 3840 1141 3900; x_wconf 88' lang='lat' dir='ltr'>debet</span> <span class='ocrx_word' id='word_1_238' title='bbox 1166 3841 1269 3917; x_wconf 80' lang='lat' dir='ltr'>jurare</span> <span class='ocrx_word' id='word_1_239' title='bbox 1298 3855 1456 3920; x_wconf 86' lang='lat' dir='ltr'>quantum</span> 
     </span>
     <span class='ocr_line' id='line_1_29' title="bbox 193 3945 1453 4029; baseline 0.003 -25"><span class='ocrx_word' id='word_1_240' title='bbox 193 3945 369 4026; x_wconf 89' lang='lat' dir='ltr'>dampnum</span> <span class='ocrx_word' id='word_1_241' title='bbox 395 3968 504 4028; x_wconf 89' lang='lat' dir='ltr'>passus</span> <span class='ocrx_word' id='word_1_242' title='bbox 529 3962 574 4007; x_wconf 90' lang='lat' dir='ltr'>est</span> <span class='ocrx_word' id='word_1_243' title='bbox 599 3948 630 4008; x_wconf 93' lang='lat' dir='ltr'>in</span> <span class='ocrx_word' id='word_1_244' title='bbox 656 3948 732 4029; x_wconf 88' lang='lat' dir='ltr'>ipsis</span> <span class='ocrx_word' id='word_1_245' title='bbox 756 3947 945 4013; x_wconf 81' lang='lat' dir='ltr'>naranchiis,</span> <span class='ocrx_word' id='word_1_246' title='bbox 976 3961 1006 4006; x_wconf 90' lang='lat' dir='ltr'>et</span> <span class='ocrx_word' id='word_1_247' title='bbox 1031 3947 1090 4006; x_wconf 90' lang='lat' dir='ltr'>hoc</span> <span class='ocrx_word' id='word_1_248' title='bbox 1115 3946 1330 4025; x_wconf 81' lang='lat' dir='ltr'>juramentum</span> <span class='ocrx_word' id='word_1_249' title='bbox 1356 3947 1453 4009; x_wconf 88' lang='lat' dir='ltr'>debet</span> 
     </span>
     <span class='ocr_line' id='line_1_30' title="bbox 192 4051 1451 4135; baseline 0.003 -24"><span class='ocrx_word' id='word_1_250' title='bbox 192 4052 310 4132; x_wconf 85' lang='lat' dir='ltr'>deponi</span> <span class='ocrx_word' id='word_1_251' title='bbox 336 4052 413 4114; x_wconf 87' lang='lat' dir='ltr'>feria</span> <span class='ocrx_word' id='word_1_252' title='bbox 445 4068 530 4114; x_wconf 80' lang='lat' dir='ltr'>sexta</span> <span class='ocrx_word' id='word_1_253' title='bbox 556 4057 699 4135; x_wconf 86' lang='lat' dir='ltr'>proxima</span> <span class='ocrx_word' id='word_1_254' title='bbox 732 4068 804 4135; x_wconf 91' lang='lat' dir='ltr'>post</span> <span class='ocrx_word' id='word_1_255' title='bbox 834 4051 949 4114; x_wconf 87' lang='lat' dir='ltr'>festum</span> <span class='ocrx_word' id='word_1_256' title='bbox 977 4055 1058 4113; x_wconf 89' lang='lat' dir='ltr'>beati</span> <span class='ocrx_word' id='word_1_257' title='bbox 1087 4054 1175 4114; x_wconf 85' lang='lat' dir='ltr'>Pauli</span> <span class='ocrx_word' id='word_1_258' title='bbox 1201 4054 1451 4130; x_wconf 88' lang='lat' dir='ltr'>Conversionis;</span> 
     </span>
     <span class='ocr_line' id='line_1_31' title="bbox 193 4159 1456 4242; baseline 0.001 -22"><span class='ocrx_word' id='word_1_259' title='bbox 193 4159 372 4238; x_wconf 81' lang='lat' dir='ltr'>juramento</span> <span class='ocrx_word' id='word_1_260' title='bbox 416 4160 585 4242; x_wconf 86' lang='lat' dir='ltr'>deposito,</span> <span class='ocrx_word' id='word_1_261' title='bbox 624 4163 682 4242; x_wconf 91' lang='lat' dir='ltr'>ipsi</span> <span class='ocrx_word' id='word_1_262' title='bbox 718 4161 836 4221; x_wconf 89' lang='lat' dir='ltr'>debent</span> <span class='ocrx_word' id='word_1_263' title='bbox 880 4161 938 4219; x_wconf 88' lang='lat' dir='ltr'>sibi</span> <span class='ocrx_word' id='word_1_264' title='bbox 983 4160 1124 4235; x_wconf 87' lang='lat' dir='ltr'>solvere;</span> <span class='ocrx_word' id='word_1_265' title='bbox 1165 4161 1367 4241; x_wconf 88' lang='lat' dir='ltr'>appellarunt</span> <span class='ocrx_word' id='word_1_266' title='bbox 1414 4162 1456 4221; x_wconf 89' lang='lat' dir='ltr'>ad</span> 
     </span>
     <span class='ocr_line' id='line_1_32' title="bbox 192 4268 345 4330; baseline 0.007 -2"><span class='ocrx_word' id='word_1_267' title='bbox 192 4268 345 4330; x_wconf 89' lang='lat' dir='ltr'>seniores.</span> 
     </span>
    </p>

    <p class='ocr_par' dir='ltr' id='par_1_5' title="bbox 180 4372 1455 5078">
     <span class='ocr_line' id='line_1_33' title="bbox 298 4372 1452 4452; baseline 0.001 -20"><span class='ocrx_word' id='word_1_268' title='bbox 298 4374 376 4435; x_wconf 86' lang='lat' dir='ltr'>item</span> <span class='ocrx_word' id='word_1_269' title='bbox 402 4374 514 4434; x_wconf 88' lang='lat' dir='ltr'>eadem</span> <span class='ocrx_word' id='word_1_270' title='bbox 540 4374 590 4434; x_wconf 88' lang='lat' dir='ltr'>die</span> <span class='ocrx_word' id='word_1_271' title='bbox 616 4394 709 4434; x_wconf 87' lang='lat' dir='ltr'>causa</span> <span class='ocrx_word' id='word_1_272' title='bbox 736 4374 817 4433; x_wconf 90' lang='lat' dir='ltr'>inter</span> <span class='ocrx_word' id='word_1_273' title='bbox 838 4372 1016 4452; x_wconf 91' lang='lat' dir='ltr'>predictum</span> <span class='ocrx_word' id='word_1_274' title='bbox 1044 4373 1147 4432; x_wconf 87' lang='lat' dir='ltr'>Eliam</span> <span class='ocrx_word' id='word_1_275' title='bbox 1173 4387 1203 4432; x_wconf 90' lang='lat' dir='ltr'>et</span> <span class='ocrx_word' id='word_1_276' title='bbox 1229 4373 1357 4433; x_wconf 85' lang='lat' dir='ltr'>Petrum</span> <span class='ocrx_word' id='word_1_277' title='bbox 1384 4372 1452 4433; x_wconf 89' lang='lat' dir='ltr'>Lah</span> 
     </span>
     <span class='ocr_line' id='line_1_34' title="bbox 180 4478 1455 4562; baseline 0.001 -24"><span class='ocrx_word' id='word_1_278' title='bbox 180 4481 312 4540; x_wconf 51' lang='lat' dir='ltr'>rdictum</span> <span class='ocrx_word' id='word_1_279' title='bbox 338 4481 466 4543; x_wconf 90' lang='lat' dir='ltr'>racione</span> <span class='ocrx_word' id='word_1_280' title='bbox 492 4482 704 4562; x_wconf 88' lang='lat' dir='ltr'>predictarum</span> <span class='ocrx_word' id='word_1_281' title='bbox 731 4498 836 4540; x_wconf 92' lang='lat' dir='ltr'>rerum</span> <span class='ocrx_word' id='word_1_282' title='bbox 863 4478 900 4537; x_wconf 93' lang='lat' dir='ltr'>de</span> <span class='ocrx_word' id='word_1_283' title='bbox 924 4479 1019 4538; x_wconf 88' lang='lat' dir='ltr'>simili</span> <span class='ocrx_word' id='word_1_284' title='bbox 1045 4479 1196 4559; x_wconf 87' lang='lat' dir='ltr'>dampno,</span> <span class='ocrx_word' id='word_1_285' title='bbox 1212 4478 1303 4556; x_wconf 86' lang='lat' dir='ltr'>jurati</span> <span class='ocrx_word' id='word_1_286' title='bbox 1329 4478 1455 4559; x_wconf 79' lang='lat' dir='ltr'>adjudi-</span> 
     </span>
     <span class='ocr_line' id='line_1_35' title="bbox 182 4575 1454 4668; baseline -0.001 -21"><span class='ocrx_word' id='word_1_287' title='bbox 182 4575 353 4663; x_wconf 82' lang='lat' dir='ltr'>caverunt,</span> <span class='ocrx_word' id='word_1_288' title='bbox 380 4589 467 4668; x_wconf 92' lang='lat' dir='ltr'>quod</span> <span class='ocrx_word' id='word_1_289' title='bbox 494 4588 602 4648; x_wconf 83' lang='lat' dir='ltr'>Petrus</span> <span class='ocrx_word' id='word_1_290' title='bbox 628 4587 693 4646; x_wconf 90' lang='lat' dir='ltr'>Lab</span> <span class='ocrx_word' id='word_1_291' title='bbox 723 4587 826 4646; x_wconf 90' lang='lat' dir='ltr'>dictus</span> <span class='ocrx_word' id='word_1_292' title='bbox 851 4585 945 4645; x_wconf 89' lang='lat' dir='ltr'>debet</span> <span class='ocrx_word' id='word_1_293' title='bbox 978 4586 1080 4662; x_wconf 88' lang='lat' dir='ltr'>jurare</span> <span class='ocrx_word' id='word_1_294' title='bbox 1106 4605 1201 4665; x_wconf 90' lang='lat' dir='ltr'>super</span> <span class='ocrx_word' id='word_1_295' title='bbox 1224 4586 1321 4644; x_wconf 91' lang='lat' dir='ltr'>altare</span> <span class='ocrx_word' id='word_1_296' title='bbox 1346 4599 1454 4646; x_wconf 90' lang='lat' dir='ltr'>sancte</span> 
     </span>
     <span class='ocr_line' id='line_1_36' title="bbox 192 4689 1455 4775; baseline -0.001 -21"><span class='ocrx_word' id='word_1_297' title='bbox 192 4692 318 4771; x_wconf 78' lang='lat' dir='ltr'>Crucis,¹</span> <span class='ocrx_word' id='word_1_298' title='bbox 342 4694 429 4774; x_wconf 91' lang='lat' dir='ltr'>quod</span> <span class='ocrx_word' id='word_1_299' title='bbox 455 4694 522 4775; x_wconf 90' lang='lat' dir='ltr'>ipse</span> <span class='ocrx_word' id='word_1_300' title='bbox 547 4713 583 4752; x_wconf 87' lang='lat' dir='ltr'>ex</span> <span class='ocrx_word' id='word_1_301' title='bbox 616 4693 670 4753; x_wconf 89' lang='lat' dir='ltr'>illa</span> <span class='ocrx_word' id='word_1_302' title='bbox 695 4705 783 4775; x_wconf 87' lang='lat' dir='ltr'>parte</span> <span class='ocrx_word' id='word_1_303' title='bbox 816 4692 901 4751; x_wconf 87' lang='lat' dir='ltr'>Zaue</span> <span class='ocrx_word' id='word_1_304' title='bbox 936 4691 1060 4750; x_wconf 92' lang='lat' dir='ltr'>nullum</span> <span class='ocrx_word' id='word_1_305' title='bbox 1095 4691 1270 4772; x_wconf 91' lang='lat' dir='ltr'>dampnum</span> <span class='ocrx_word' id='word_1_306' title='bbox 1297 4689 1372 4753; x_wconf 87' lang='lat' dir='ltr'>lecit</span> <span class='ocrx_word' id='word_1_307' title='bbox 1396 4712 1455 4773; x_wconf 92' lang='lat' dir='ltr'>pro</span> 
     </span>
     <span class='ocr_line' id='line_1_37' title="bbox 182 4797 1455 4879; baseline 0.002 -21"><span class='ocrx_word' id='word_1_308' title='bbox 182 4799 267 4859; x_wconf 76' lang='lat' dir='ltr'>⁷Elia</span> <span class='ocrx_word' id='word_1_309' title='bbox 290 4800 321 4858; x_wconf 96' lang='lat' dir='ltr'>in</span> <span class='ocrx_word' id='word_1_310' title='bbox 347 4819 440 4860; x_wconf 90' lang='lat' dir='ltr'>curro</span> <span class='ocrx_word' id='word_1_311' title='bbox 465 4819 524 4859; x_wconf 87' lang='lat' dir='ltr'>suo</span> <span class='ocrx_word' id='word_1_312' title='bbox 547 4799 579 4859; x_wconf 92' lang='lat' dir='ltr'>in</span> <span class='ocrx_word' id='word_1_313' title='bbox 605 4801 698 4860; x_wconf 77' lang='lat' dir='ltr'>rebus</span> <span class='ocrx_word' id='word_1_314' title='bbox 730 4800 813 4873; x_wconf 90' lang='lat' dir='ltr'>suis;</span> <span class='ocrx_word' id='word_1_315' title='bbox 846 4798 870 4856; x_wconf 90' lang='lat' dir='ltr'>si</span> <span class='ocrx_word' id='word_1_316' title='bbox 897 4797 1023 4873; x_wconf 80' lang='lat' dir='ltr'>jurabit,</span> <span class='ocrx_word' id='word_1_317' title='bbox 1048 4817 1113 4857; x_wconf 92' lang='lat' dir='ltr'>non</span> <span class='ocrx_word' id='word_1_318' title='bbox 1146 4798 1305 4858; x_wconf 90' lang='lat' dir='ltr'>tenebitur</span> <span class='ocrx_word' id='word_1_319' title='bbox 1330 4798 1455 4879; x_wconf 88' lang='lat' dir='ltr'>aliquid</span> 
     </span>
     <span class='ocr_line' id='line_1_38' title="bbox 192 4902 1452 4985; baseline -0.001 -18"><span class='ocrx_word' id='word_1_320' title='bbox 192 4906 251 4967; x_wconf 89' lang='lat' dir='ltr'>sibi</span> <span class='ocrx_word' id='word_1_321' title='bbox 276 4906 411 4982; x_wconf 89' lang='lat' dir='ltr'>solvere,</span> <span class='ocrx_word' id='word_1_322' title='bbox 427 4906 583 4972; x_wconf 73' lang='lat' dir='ltr'>{similiter</span> <span class='ocrx_word' id='word_1_323' title='bbox 609 4904 684 4972; x_wconf 80' lang='lat' dir='ltr'>seria</span> <span class='ocrx_word' id='word_1_324' title='bbox 717 4919 803 4966; x_wconf 81' lang='lat' dir='ltr'>sexta</span> <span class='ocrx_word' id='word_1_325' title='bbox 830 4903 973 4985; x_wconf 78' lang='lat' dir='ltr'>proxima</span> <span class='ocrx_word' id='word_1_326' title='bbox 1007 4919 1079 4984; x_wconf 88' lang='lat' dir='ltr'>post</span> <span class='ocrx_word' id='word_1_327' title='bbox 1103 4902 1217 4965; x_wconf 86' lang='lat' dir='ltr'>festum</span> <span class='ocrx_word' id='word_1_328' title='bbox 1251 4904 1335 4965; x_wconf 89' lang='lat' dir='ltr'>beati</span> <span class='ocrx_word' id='word_1_329' title='bbox 1360 4905 1452 4966; x_wconf 86' lang='lat' dir='ltr'>Pauli</span> 
     </span>
     <span class='ocr_line' id='line_1_39' title="bbox 193 5011 434 5078; baseline 0.004 -5"><span class='ocrx_word' id='word_1_330' title='bbox 193 5011 434 5078; x_wconf 67' lang='lat' dir='ltr'>Conversionis.</span> 
     </span>
    </p>
   </div>
   <div class='ocr_carea' id='block_1_5' title="bbox 0 0 1576 5356">
    <p class='ocr_par' dir='ltr' id='par_1_6' title="bbox 0 0 1576 5356">
     <span class='ocr_line' id='line_1_40' title="bbox 0 0 1576 5356; baseline 0 0"><span class='ocrx_word' id='word_1_331' title='bbox 0 0 1576 5356; x_wconf 95' lang='lat' dir='ltr'> </span> 
     </span>
    </p>
   </div>
  </div>
 </body>
</html>
