3142 5356
152 443 212 505 106
532 440 734 518 Anno1495.
759 473 800 484 -
824 453 875 517 14.
899 443 1026 514 augusti.

152 656 326 718 Katherina
354 667 463 716 contra
488 651 643 735 prefatam
670 651 836 712 dominam
863 655 990 712 Annam
1009 670 1099 712 suam
1124 653 1350 715 innocencium
1374 653 1419 714 vi·

148 763 273 845 gesimo
298 776 413 844 quarto
432 780 464 821 se
482 759 649 820 nobilibus
673 771 704 819 et
723 758 872 819 civilibus
896 778 968 819 cum
987 758 1181 820 dominabus
1197 758 1341 823 honestis
1356 760 1422 822 suis

148 871 301 932 videlicet
324 867 592 948 conjuratricibus
625 885 801 947 expurgare
836 865 978 943 deberet,
1003 865 1091 947 quod
1123 867 1148 927 si
1173 864 1277 928 facere
1302 882 1421 950 posset,

148 990 264 1040 extunc
288 976 392 1038 dictus
411 974 535 1056 Gaspar
552 972 741 1052 homagium
760 972 859 1054 ipsius
875 972 1000 1034 solvere
1018 972 1160 1050 deberet,
1177 994 1214 1034 ex
1239 993 1306 1055 quo
1324 975 1421 1057 preli·

148 1085 259 1145 batum
286 1083 454 1143 Albertum
473 1081 636 1141 literatum
661 1079 692 1139 io
716 1098 853 1160 persona
871 1079 1029 1140 consortis
1052 1098 1107 1140 sue
1126 1080 1158 1140 in
1183 1079 1303 1157 judicio
1321 1082 1422 1164 capti·

147 1210 223 1251 vare
249 1202 280 1250 et
304 1188 439 1250 detineri
473 1201 569 1268 atque
594 1186 634 1246 ad
667 1184 903 1246 fideiussoriam
935 1186 1122 1248 caucionem
1153 1188 1266 1268 viginti
1300 1188 1421 1249 civium

148 1296 266 1357 dimitti
292 1294 430 1369 fecerat;
455 1308 562 1354 tamen
581 1293 675 1354 ambe
700 1305 805 1373 partes
830 1291 900 1372 ipso
918 1291 1038 1367 judicio
1056 1291 1215 1354 dictorum
1233 1307 1420 1355 nostrorum

149 1402 291 1482 judicum
318 1401 482 1462 seniorum
509 1419 572 1459 non
598 1412 747 1460 contente
766 1417 893 1457 causam
913 1399 1014 1479 ipsam
1040 1417 1147 1459 coram
1172 1400 1326 1479 magistro
1351 1399 1421 1462 tha·

148 1508 361 1569 wernicorum
388 1506 473 1587 juxta
501 1506 666 1586 antiquam
695 1503 961 1565 consvetudinem
988 1504 1082 1565 huius
1115 1506 1252 1566 civitatis
1275 1507 1421 1588 appella·

149 1629 270 1689 verant,
296 1614 530 1695 quamquidem
559 1631 687 1672 causam
714 1611 948 1671 illustrissimus
972 1611 1125 1671 dominus
1150 1612 1313 1674 Johannes
1338 1613 1421 1676 Cor·

152 1721 248 1783 uinus
273 1719 442 1801 Oppauie,
476 1717 714 1800 Lipthouieque
747 1716 830 1794 dux,
863 1736 1010 1778 necnon
1044 1737 1215 1799 regnorum
1242 1719 1422 1800 Dalmacie,

149 1826 283 1889 Croacie
309 1841 369 1888 erc.
394 1827 507 1902 banus,
531 1825 683 1885 dominus
708 1823 858 1885 videlicet
887 1839 994 1886 noster
1017 1826 1283 1905 graciosissimus,
1308 1847 1418 1891 coram

149 1946 290 2013 pretacto
315 1932 469 2011 magistro
493 1931 763 1991 rhawernicorum
790 1931 1004 1992 transmittere
1030 1933 1197 2011 recusavit,
1221 1933 1276 1994 sed
1302 1935 1342 1994 ad
1370 1935 1418 1996 in·

149 2039 301 2099 stanciam
329 2038 405 2098 dicti
431 2037 582 2119 Gasparis
611 2056 666 2118 per
694 2056 769 2097 suos
793 2035 915 2115 judices
943 2037 1108 2118 delegatos
1131 2039 1171 2099 ad
1197 2038 1229 2099 id
1248 2039 1421 2121 deputatos

149 2145 189 2206 de
214 2164 300 2207 novo
326 2144 480 2223 revidere,
506 2143 756 2224 adjudicareque
789 2159 819 2204 et
851 2142 988 2204 finaliter
1012 2144 1126 2205 discuti
1153 2145 1333 2222 commisir;
1361 2148 1418 2228 qui

148 2251 278 2312 tandem
305 2252 409 2333 ipsum
442 2250 657 2330 juramentum
693 2251 777 2312 dicte
810 2249 941 2311 domine
975 2250 1148 2312 Katherine
1174 2251 1290 2314 eodem
1316 2253 1419 2316 modo

150 2372 246 2439 prout
270 2378 325 2438 per
342 2357 464 2437 judices
488 2357 631 2417 seniores
648 2356 743 2416 huius
756 2357 893 2418 civitatis
910 2370 1112 2437 compertum
1129 2355 1233 2419 fuerat
1256 2358 1420 2437 readjudi-

150 2478 257 2526 cantes
283 2462 522 2541 confirmarunt,
547 2483 613 2543 quo
648 2461 732 2523 facto
764 2461 886 2544 prelata
918 2462 1049 2522 domina
1082 2483 1214 2524 consors
1239 2465 1338 2545 ipsius
1364 2466 1420 2527 Al-

151 2571 231 2633 berti
257 2570 372 2631 literati
405 2583 477 2631 ante
510 2589 582 2629 suas
613 2569 840 2649 conjuratrices
878 2569 909 2629 in
943 2569 1076 2630 ecclesia
1109 2569 1284 2651 parochiali
1317 2573 1421 2634 sancti

150 2677 248 2739 Marci
274 2676 313 2737 ad
337 2676 436 2736 altare
461 2689 569 2737 sancte
594 2675 719 2752 Crucis,
744 2676 798 2736 ubi
817 2674 902 2751 juxta
932 2676 1196 2737 consuetudinem
1222 2677 1317 2738 huius
1341 2680 1419 2740 civi·

148 2783 220 2844 tatis
245 2782 422 2863 juramenta
455 2782 538 2863 exigi
571 2783 686 2859 solent,
719 2781 874 2842 accedens
905 2796 936 2842 et
967 2802 1135 2863 apponens
1167 2803 1299 2845 manum
1324 2805 1419 2848 suam

149 2889 365 2969 juramentum
391 2888 540 2970 deposuit
565 2908 637 2949 cum
663 2889 928 2967 conjuratricibus
958 2889 1023 2948 suis
1055 2891 1232 2951 successive
1256 2910 1319 2951 una
1345 2906 1421 2972 post

148 2996 279 3057 alteram
307 3014 407 3075 usque
432 2995 472 3055 ad
497 3014 651 3076 personas
676 2995 788 3075 viginti
806 3008 869 3055 tres
893 3009 988 3075 prout
1012 2994 1230 3075 adjudicatum
1256 2995 1360 3059 fuerat
1386 2999 1420 3060 in

149 3102 392 3183 adjudicacione
418 3121 510 3161 cause
536 3102 590 3162 ubi
616 3102 654 3162 de
680 3103 779 3161 verbo
804 3101 843 3160 ad
869 3103 1001 3162 verbum
1023 3101 1185 3164 lormalia
1210 3104 1306 3165 verba
1332 3105 1419 3181 jura·

149 3208 247 3270 menti
273 3207 489 3286 continentur,
521 3207 699 3288 eodemque
731 3207 958 3287 conjuratrices
990 3209 1126 3269 eandem
1159 3226 1420 3291 expurgaverunt

150 3315 263 3376 eodem
290 3314 389 3375 modo
414 3329 443 3375 et
469 3315 500 3375 in
525 3315 640 3377 eodem
659 3316 731 3376 loco
750 3316 837 3396 quod
857 3317 923 3397 ipsa
952 3316 1084 3376 domina
1110 3316 1283 3378 Katherina
1302 3337 1417 3380 verum

148 3436 179 3485 et
195 3422 314 3503 justum
333 3423 470 3504 prestitit
487 3422 716 3500 juramentum,
734 3442 800 3502 quo
819 3422 901 3484 lacto
919 3421 1061 3505 prelatus
1086 3422 1210 3505 Gaspar
1236 3424 1418 3509 Kysewych

147 3549 203 3612 per
227 3529 397 3611 providum
424 3530 600 3612 Symonem
625 3543 780 3590 sartorem
805 3530 906 3590 civem
932 3531 1054 3590 scilicet
1079 3544 1109 3591 et
1134 3531 1290 3591 decanum
1320 3530 1418 3593 huius

149 3636 296 3713 civitatis,
307 3635 386 3716 (qui)
400 3635 531 3696 materie
546 3635 665 3696 scilicet
679 3636 778 3716 ipsius
789 3637 960 3713 juramenti
973 3637 1192 3713 ministrasset,
1203 3637 1419 3717 interrogatus

147 3755 254 3803 utrum
280 3761 374 3820 super
400 3741 585 3802 huiusmodi
611 3741 812 3819 juramentali
839 3743 1045 3823 deposicione
1072 3758 1153 3804 esset
1177 3757 1347 3804 contentus
1365 3746 1417 3806 vel

148 3868 224 3926 non,
249 3849 305 3928 qui
328 3848 526 3929 respondens
543 3848 623 3908 dixit
640 3867 672 3907 se
697 3863 884 3909 contentum
903 3870 969 3910 esse
995 3865 1024 3910 et
1049 3850 1148 3910 nichil
1172 3850 1244 3931 plus
1262 3865 1418 3930 protunc

147 3955 238 4037 loqui
265 3955 363 4031 velle;
388 3957 496 4036 sicque
522 3954 643 4036 prelata
668 3955 797 4016 domina
825 3956 998 4016 Katherina
1024 3979 1056 4018 se
1082 3957 1269 4038 expurgavit
1293 3972 1325 4019 et
1349 3958 1417 4020 dic·

147 4075 234 4123 tante
259 4061 335 4141 juris
359 4061 497 4141 equitate
523 4062 643 4142 judicio
667 4075 698 4121 et
722 4063 766 4122 rei
791 4062 928 4141 judicate
953 4062 1112 4125 satisfecit.

267 4297 364 4371 Feria
393 4308 490 4370 sexta
520 4304 551 4370 in
581 4300 697 4387 vigilia
728 4299 979 4390 assumptionis
1010 4304 1105 4372 beate
1135 4301 1289 4391 virginis.

668 4456 730 4533 (14.
755 4458 892 4531 augusti).

254 4593 360 4655 Causa
386 4594 468 4655 inter
493 4596 649 4657 Jacobum
675 4596 814 4676 judicem
833 4610 862 4656 et
886 4597 1051 4657 dominam
1078 4599 1194 4658 Nesam
1213 4598 1342 4659 racione
1360 4599 1416 4660 de·

148 4699 216 4776 biti,
241 4700 356 4762 citacio
381 4701 495 4783 prima.

254 4805 358 4868 Causa
393 4808 475 4869 inter
509 4809 722 4871 Laurentium
757 4810 886 4891 Sporar,
919 4810 1059 4872 lwauum
1095 4813 1273 4874 institorem
1304 4826 1335 4874 et
1366 4833 1416 4877 re·

147 4911 255 4974 lictum
283 4913 434 4975 Jeliczam
458 4916 586 4977 racione
619 4917 852 4997 quinquaginta
886 4918 1030 5000 quinque
1062 4918 1150 4994 flor.;
1183 4939 1265 5002 quos
1289 4919 1349 5004 ipsi
1374 4921 1418 4985 ad
