3142 5356
230 355 293 417 294
759 332 962 412 Anno1436.

229 547 366 609 civitatis
390 546 509 630 prefate
535 547 617 607 inter
641 545 769 606 vineam
793 545 940 607 similiter
970 546 1105 607 liberam
1131 545 1264 608 Fabiani
1292 548 1441 629 cultoris,
1466 551 1502 611 ab

231 674 292 715 una
318 666 417 736 parte,
441 654 481 715 ab
514 652 613 714 altera
638 670 714 713 vero
745 665 834 734 parte
867 652 948 712 inter
973 651 1100 713 vineam
1135 652 1402 716 condicionalem
1427 655 1497 719 Cle·

231 760 347 821 mentis
371 759 505 820 cultoris
537 757 644 819 habita
676 771 707 818 et
731 757 878 835 existens,
911 756 1049 839 desuper
1071 778 1088 819 a
1112 759 1163 819 via
1188 760 1359 821 communi
1386 780 1497 842 magna

230 879 262 927 et
286 863 367 926 infra
400 884 502 946 usque
533 864 628 925 aliam
663 863 746 924 viam
779 882 929 944 magnam
960 878 991 925 et
1021 883 1228 926 communem
1253 883 1287 926 se
1313 867 1498 945 extendens,

230 992 303 1033 cum
327 972 392 1032 suis
416 971 621 1054 pertinenciis
649 969 753 1030 eidem
772 969 880 1031 Blasio
905 969 1020 1031 cultori
1038 969 1138 1031 literis
1156 971 1272 1032 nostris
1289 972 1387 1032 novis
1403 973 1497 1054 priri-

230 1077 402 1158 legialibus
426 1090 472 1138 est
497 1075 682 1138 confirmata
709 1089 864 1158 perpetuo
888 1076 1093 1158 possidenda.

337 1183 416 1244 ltem
441 1182 572 1243 domina
598 1181 696 1242 Lucia
729 1179 794 1242 filia
819 1181 957 1243 condam
983 1182 1136 1265 Symonis
1168 1182 1244 1244 dicti
1270 1181 1497 1267 Cheperuycb‚

231 1308 315 1349 nunc
340 1307 470 1348 consors
487 1287 642 1368 legittima
662 1286 791 1368 Mathye
808 1286 924 1349 literati
942 1286 999 1349 lilii
1018 1289 1128 1350 iacobi
1154 1288 1194 1350 de
1216 1288 1379 1368 Klokoch‚
1398 1291 1497 1372 quod·

230 1393 304 1454 dam
331 1391 428 1454 fenile
452 1412 544 1454 suum
571 1393 602 1453 in
629 1411 743 1474 campo
775 1393 912 1455 civitatis
936 1394 1077 1475 predicte
1101 1394 1184 1456 inter
1208 1392 1306 1456 fenile
1324 1396 1498 1478 Raphaelis

230 1497 287 1560 filii
314 1497 468 1559 Johunnis
492 1499 591 1576 Bozo‚
617 1499 655 1558 ab
680 1498 859 1578 occidente,
884 1513 915 1560 et
938 1500 1020 1561 inter
1043 1499 1110 1560 vias
1134 1519 1336 1581 communes,
1361 1521 1493 1564 unama

229 1605 458 1686 septemtrione
476 1619 506 1664 et
530 1604 626 1665 aliam
652 1606 691 1665 ab
709 1604 831 1666 oriente
853 1606 940 1684 sitas,
965 1624 1024 1666 nec
1041 1625 1106 1667 non
1124 1606 1206 1668 inter
1231 1605 1349 1669 dumos
1366 1609 1496 1691 spineos

229 1730 286 1772 seu
318 1711 426 1772 locum
458 1710 580 1793 Zygeth
614 1723 721 1773 nostre
754 1711 994 1774 communitatis
1025 1732 1043 1773 a
1075 1711 1255 1774 meridione
1280 1712 1440 1793 habitum,
1464 1735 1498 1776 ac

231 1815 370 1897 quedam
395 1817 474 1877 silva
500 1817 531 1877 in
557 1816 699 1898 quodam
717 1830 827 1880 monte
853 1832 883 1878 et
906 1817 1067 1879 territorio
1084 1817 1222 1879 civitatis
1246 1819 1390 1901 predicte
1416 1821 1496 1883 inter

229 1922 343 1984 silvam
376 1922 551 1985 liberorum
585 1925 722 1984 condam
747 1923 876 1985 Andree
908 1924 999 1986 aliter
1033 1924 1238 1986 Anderkonis
1266 1925 1343 1988 dicti
1369 1948 1387 1989 a
1411 1943 1497 2010 parte

231 2029 485 2110 septemtrionali
509 2049 545 2091 ac
564 2030 646 2090 inter
662 2029 776 2091 silvum
794 2030 970 2092 liberorum
989 2030 1125 2092 condam
1152 2030 1238 2093 Galli
1256 2033 1345 2094 surdi
1371 2048 1402 2095 et
1418 2034 1497 2096 inter

231 2136 358 2196 vineam
384 2151 414 2196 et
438 2136 549 2197 silvam
577 2137 788 2198 consimiliter
812 2138 987 2199 liberorum
1010 2137 1126 2199 Bleslto
1151 2138 1283 2200 cultoris
1308 2139 1427 2218 habita,
1444 2142 1496 2202 de-

232 2262 327 2324 super
351 2263 368 2303 a
395 2242 444 2303 via
477 2243 641 2304 communi
674 2241 755 2304 infra
788 2263 889 2325 usque
925 2243 1059 2306 fluvium
1094 2244 1303 2308 Kuhinscbak
1335 2263 1495 2325 vocatum,

232 2349 396 2411 mediante
421 2350 471 2410 via
496 2350 634 2411 curruali
659 2363 690 2412 et
706 2350 844 2412 semitali
868 2370 900 2411 se
918 2351 1103 2430 extendens,
1129 2352 1258 2435 Mathye
1283 2354 1405 2416 Farkss
1427 2354 1491 2417 filio

232 2455 339 2536 Egidii
365 2474 422 2537 pro
447 2456 640 2537 quibusdam
665 2457 731 2518 suis
754 2458 1010 2539 possessionibus
1042 2458 1074 2518 in
1098 2457 1240 2540 predicta
1266 2460 1418 2522 Klokoch
1442 2461 1492 2522 lta·

231 2561 305 2622 bitis
328 2580 385 2642 per
416 2562 550 2623 modum
575 2563 825 2645 permutacionis
849 2563 938 2625 dedit
961 2578 1116 2646 perpetuo
1140 2564 1387 2646 possidendum.

257 2801 339 2873 ltem
369 2804 401 2872 in
430 2803 516 2874 festo
547 2800 802 2875 Purificacionis
831 2805 976 2893 gloriose
1005 2823 1135 2892 semper
1164 2801 1308 2892 virginis
1339 2797 1455 2876 llarie.

738 2971 781 3032 (2.
797 2956 975 3034 februaris).

338 3096 414 3156 ltem
441 3097 596 3158 medietas
614 3097 780 3158 cuiusdam
806 3097 933 3175 domus,
955 3095 1057 3175 fundi,
1083 3096 1189 3158 celatii
1215 3110 1247 3159 et
1270 3094 1492 3159 hedificiorum

232 3203 263 3262 in
283 3202 354 3263 vico
372 3201 472 3284 ipsius
486 3202 622 3263 civitatis
639 3203 787 3264 exteriori
804 3223 860 3264 seu
878 3203 981 3285 platea
999 3201 1264 3281 Theuthonicali,
1278 3201 1361 3263 inter
1380 3201 1493 3264 fundos

231 3322 261 3369 et
285 3307 401 3368 domos
425 3308 587 3369 Valentini
614 3309 745 3371 cultoris
776 3307 833 3370 filii
860 3308 993 3390 Georgii
1023 3306 1198 3370 Grabatich
1231 3321 1262 3370 et
1286 3307 1373 3370 Petri
1400 3309 1492 3370 Daui·

230 3415 342 3475 dowcz
367 3413 484 3493 habite,
510 3434 607 3475 unam
632 3435 704 3476 cum
729 3414 835 3475 media
860 3428 1006 3476 octavam
1024 3428 1054 3476 et
1079 3413 1285 3476 medietatem
1312 3414 1420 3476 medie
1444 3434 1492 3476 oc·

229 3535 299 3580 tave
318 3520 349 3580 in
368 3539 400 3580 se
419 3520 596 3598 continens,
614 3541 687 3581 cum
704 3521 769 3581 suis
798 3521 1004 3603 pertinenciis
1029 3520 1129 3581 Elene
1146 3520 1256 3581 relicte
1273 3533 1304 3581 et
1321 3519 1491 3582 Valentino

228 3626 295 3687 filio
327 3647 363 3687 ac
389 3626 587 3707 Margarethe
613 3625 676 3688 filie
709 3627 846 3688 condam
873 3626 1011 3688 Emerici
1045 3625 1101 3688 filii
1127 3626 1209 3688 Petri
1244 3624 1301 3686 filii
1327 3625 1490 3688 Benedicti

229 3732 429 3794 Dauidowch
454 3753 510 3814 per
533 3731 745 3796 sufficientem
772 3734 914 3816 ipsorum
932 3731 1216 3794 confirmacionem
1241 3745 1287 3792 est
1311 3732 1492 3814 privilegia·

227 3839 299 3899 liter
323 3837 520 3901 confirmata.

335 3946 410 4006 ltem
438 3945 583 4030 Mathyas
607 3960 708 4007 sartor
725 3944 809 4007 filius
828 3945 968 4028 Mathye,
987 3946 1112 4027 pridem
1136 3944 1268 4026 juratus,
1284 3945 1490 4026 concisisque

228 4066 344 4124 noster,
372 4053 403 4112 in
428 4073 482 4113 sua
509 4067 539 4113 et
565 4053 653 4113 Pauli
672 4050 728 4114 lilii
754 4074 789 4113 ac
811 4052 985 4114 Katherine
1002 4052 1093 4113 aliter
1110 4051 1242 4113 Vericza
1266 4066 1381 4113 vocate
1414 4071 1490 4113 onus

228 4174 258 4220 et
282 4179 454 4240 gravamen
473 4160 661 4221 eorumdem
687 4161 717 4220 in
735 4180 768 4221 se
794 4160 897 4242 ipsum
923 4158 1128 4236 assumendo,
1152 4178 1188 4220 ac
1211 4158 1312 4239 probe
1338 4158 1485 4220 mulieres

227 4265 401 4327 Katherina
427 4266 518 4327 aliter
543 4265 705 4348 Kathycza
734 4265 817 4327 dicta
849 4265 913 4327 filia
938 4264 1076 4327 condam
1102 4263 1225 4347 Gaspar
1259 4263 1377 4325 literati
1416 4283 1488 4326 coo·

227 4392 295 4432 sors
319 4373 474 4452 legittima
510 4373 593 4433 Luce
620 4372 734 4434 Croaci
767 4370 823 4433 filii
851 4372 947 4433 Blasii
980 4372 1056 4433 dicti
1084 4371 1172 4450 Wllt,
1204 4391 1240 4432 ac
1265 4371 1408 4432 Barbara
1432 4370 1491 4432 filia

227 4480 325 4560 ipsius
350 4477 472 4560 Gaspar
497 4479 611 4540 literati
646 4498 777 4540 consors
805 4478 962 4560 legittima
981 4477 1114 4559 Georgii
1131 4477 1279 4539 similiter
1304 4475 1423 4539 Croaci
1439 4474 1492 4537 filii

228 4586 326 4666 ipsius
365 4586 460 4646 Blasii
485 4583 574 4662 wll,
608 4585 770 4666 quandam
803 4601 917 4646 terram
957 4585 1099 4666 ipsorum
1132 4582 1286 4644 arabilem
1321 4583 1354 4644 in
1380 4601 1492 4665 campo

228 4693 363 4753 civitatis
389 4692 527 4773 predicte
560 4712 659 4773 prope
683 4693 792 4752 locum
825 4693 972 4774 patibuli,
1006 4693 1087 4752 inter
1119 4705 1217 4752 terras
1240 4690 1357 4752 Vrsule
1383 4692 1491 4753 relicte

226 4798 378 4880 Stephani
404 4798 497 4878 jurati
535 4818 569 4859 ac
595 4798 757 4879 quendam
786 4799 954 4880 antiquum
989 4812 1129 4858 meatum
1154 4795 1242 4858 fluvii
1269 4795 1486 4882 Kulrynschalr
