3142 5356
538 483 626 542 Anno
649 495 743 558 1492.
768 515 811 524 —
829 496 884 558 30.
909 483 1018 543 murtr'i.

259 693 329 755 ltem
356 713 456 776 parvo
480 706 625 776 tempore
654 694 798 774 elampso
831 691 953 754 iuratus
978 708 1024 754 est
1056 694 1087 753 in
1112 695 1184 756 vico
1209 711 1355 759 sutorum
1381 699 1411 760 in

168 793 253 860 domo
274 801 443 862 Laurencii
469 800 562 882 Spaci
589 800 668 861 duas
695 799 819 860 tunicas
850 800 1025 862 muliebres
1050 814 1081 862 et
1112 803 1243 864 terciam
1268 805 1412 867 eiusdem

167 898 314 968 laurencii
339 922 370 968 et
395 907 475 969 alias
493 923 594 968 certas
618 906 824 984 mercantias,
843 906 955 988 pileos,
977 908 1098 986 bursas,
1116 909 1264 971 cultellos
1288 925 1318 972 et
1335 911 1413 972 alias

162 1015 341 1075 mercantias
365 1028 397 1075 et
421 1013 482 1075 hoc
507 1027 610 1075 totum
628 1013 840 1095 perseipsum
859 1011 959 1074 fassus
985 1027 1032 1074 est
1056 1012 1177 1075 fecisse.
1204 1014 1281 1076 Item
1300 1017 1410 1078 eadem

160 1108 203 1172 die
235 1117 316 1197 jurati
341 1121 478 1182 civitatis
510 1119 776 1201 adjudicaverunt
807 1139 865 1202 pro
899 1120 1085 1182 huiusmodi
1120 1120 1283 1184 lurticinio
1317 1124 1413 1186 debet

156 1225 297 1301 suspendi
321 1226 353 1287 in
377 1226 525 1308 patibulo
550 1226 696 1289 civitatis.

310 1461 405 1537 Faria
434 1473 533 1538 sexta
562 1473 639 1537 ante
668 1463 867 1538 dominicam
895 1465 1014 1540 Letare
1041 1466 1264 1556 Jnernsaten.

669 1623 734 1695 (30.
758 1621 880 1693 neartir).

260 1756 328 1820 Item
354 1778 435 1820 uxor
460 1757 628 1820 Michaelis
653 1757 831 1840 Oprasnicz
853 1758 941 1820 dedit
958 1778 1056 1820 unam
1079 1759 1120 1820 ad
1137 1759 1234 1822 fidem
1259 1781 1317 1842 pro
1335 1762 1411 1823 Mis-

160 1856 279 1925 couicza
301 1885 401 1927 unom
426 1865 518 1947 pusel
550 1864 651 1926 flavea
679 1864 743 1926 filia
776 1885 874 1926 uxore
900 1865 1012 1944 Misek,
1046 1866 1183 1928 Michael
1216 1867 1410 1949 interogavit

162 1955 211 2018 ubi
239 1965 324 2033 iecisti
344 1973 383 2034 de
403 1973 491 2054 quod
509 1972 680 2033 vendidisti
706 1971 758 2033 fila
777 1972 889 2052 flavea,
913 1973 979 2054 ipsa
998 1972 1077 2033 dixit
1094 1973 1168 2034 dedi
1192 1993 1290 2035 uxore
1308 1974 1410 2037 Misek

163 2059 196 2118 ld
221 2069 313 2141 fidem.
339 2079 454 2140 Statim
472 2079 560 2140 misit
583 2079 733 2140 ancillam
753 2078 793 2139 ad
812 2079 913 2160 ipsam
931 2078 1019 2160 quod
1044 2079 1193 2156 solverat,
1218 2080 1285 2160 ipsa
1310 2080 1410 2142 dixit:

163 2163 237 2235 “luc
257 2185 388 2263 solvam,
414 2184 493 2246 nolo
506 2185 599 2245 salire
617 2205 676 2266 pro
694 2185 804 2246 debito
822 2186 892 2263 istu,
918 2185 992 2266 quia
1009 2205 1079 2245 som
1104 2199 1168 2246 tam
1186 2187 1270 2247 bona
1296 2187 1408 2248 civissa

163 2266 237 2340 εἰειΠ
257 2304 283 2352 et
304 2292 382 2373 ipsa.
410 2291 500 2353 Uxor
524 2290 691 2352 Michaelis
715 2291 796 2352 vidit
819 2292 921 2373 ipsam
938 2291 1136 2369 transiendo,
1173 2292 1315 2353 obviavit
1339 2312 1409 2354 eam

160 2369 285 2482 licendo
307 2416 406 2478 quare
431 2417 498 2458 non
529 2397 633 2458 solves
662 2397 772 2477 michi,
804 2397 994 2479 inceperunt
1026 2397 1205 2479 vituperare
1239 2399 1270 2458 in
1295 2398 1409 2474 simul;

158 2493 307 2588 JP⁸⁸fecit
331 2523 459 2564 crucem
484 2523 556 2564 cum
583 2504 702 2584 digitis,
727 2524 799 2564 ecce
832 2519 865 2565 tu
898 2503 994 2565 michi
1020 2504 1103 2564 male
1128 2504 1245 2583 solves,
1283 2518 1313 2566 et
1338 2518 1411 2586 post

156 2596 242 2662 ¹⁸1³OE
271 2608 489 2691 litigacionem
515 2610 547 2671 in
580 2612 665 2672 bona
699 2611 866 2672 volontate
899 2611 989 2672 dedit
1020 2611 1079 2671 sibi
1113 2631 1210 2672 uxore
1245 2611 1410 2672 Michaelis

154 2701 247 2800 lnam
269 2717 415 2795 azimam,
439 2716 507 2798 ipsa
531 2717 637 2778 statim
663 2716 757 2797 fregit
774 2717 812 2777 ad
839 2717 918 2778 duas
943 2730 1047 2799 partes
1064 2717 1213 2796 azimam,
1239 2717 1328 2780 dedit
1352 2738 1409 2779 an·

151 2793 222 2868 “¹¹0
247 2823 395 2900 mediam,
419 2823 527 2883 statim
559 2836 728 2904 postquam
762 2823 903 2884 comedit
927 2823 981 2884 illa
1013 2825 1150 2884 azimam
1176 2823 1255 2884 dixit
1278 2824 1409 2886 domine

148 2913 221 2974 ⁸⁰‘2
246 2944 414 3010 postquam
440 2929 567 2991 comedi
592 2931 685 2991 istam
718 2931 855 2991 azimam
880 2931 1018 2992 maxime
1043 2931 1132 3007 sicio,
1157 2930 1236 2992 dixit
1259 2931 1409 2992 domina:

147 3018 206 3081 ‘80
230 3034 376 3097 similiter
401 3036 540 3097 maxime
564 3036 642 3098 sicio
667 3037 749 3097 sicut
781 3037 863 3116 ignis
888 3037 920 3096 in
950 3056 1000 3097 me
1032 3036 1123 3100 ardit.
1150 3037 1218 3118 lpsa
1244 3057 1324 3098 uxor
1349 3037 1409 3098 Mi·

147 3104 266 3200 chaelis
288 3142 367 3203 dixit
390 3143 460 3203 viro
492 3162 550 3204 suo
575 3143 607 3203 in
632 3143 747 3204 ultimo
779 3145 895 3203 verbo:
928 3144 968 3203 ab
1000 3143 1054 3203 illa
1080 3144 1282 3204 Moscouicza
1309 3145 1408 3205 timeo

148 3229 235 3300 q¹¹0d
261 3248 325 3330 ipsa
351 3248 430 3330 quid
455 3248 552 3310 michi
577 3248 659 3312 fecit.

255 3354 328 3416 ltem
355 3356 468 3416 Petrus
491 3369 593 3417 sartor
618 3356 703 3416 misit
721 3375 848 3416 servum
870 3375 962 3416 suom
988 3357 1027 3417 ad
1052 3354 1156 3417 forum
1175 3357 1264 3438 quod
1289 3371 1409 3419 emeret

149 3444 256 3520 rapam
280 3463 459 3540 trivienem,
483 3463 616 3524 triviens
640 3462 770 3523 ambula
795 3463 835 3523 ad
864 3461 967 3524 forom
994 3463 1125 3543 quando
1150 3464 1296 3524 terciario
1321 3465 1409 3524 venit

151 3538 185 3599 ad
207 3552 313 3630 forom
337 3582 410 3630 ante
436 3569 686 3630 Moscouicisom
718 3588 844 3629 caseum
864 3569 964 3650 ipsam
982 3581 1129 3646 stantem,
1156 3569 1221 3650 ipsa
1246 3569 1342 3630 dixit:
1360 3570 1408 3631 vis

152 3657 272 3735 ca⁸001u
296 3695 413 3753 emere,
440 3675 505 3756 ipse
523 3675 619 3736 dixit:
646 3676 723 3736 nolo
743 3676 818 3756 quia
844 3695 907 3736 non
935 3674 1029 3736 habio
1048 3676 1207 3753 denarios,
1226 3677 1292 3757 ipsa
1310 3677 1406 3739 dixit:

153 3759 291 3861 afelitias,
315 3796 348 3842 tu
373 3781 471 3842 michi
497 3782 578 3843 bene
603 3782 718 3859 solves,
744 3783 811 3863 ipsa
835 3782 939 3842 tenuit
969 3782 1073 3863 ipsum
1098 3802 1153 3863 per
1177 3783 1317 3843 tunicam
1344 3782 1406 3844 lor·

153 3862 226 3951 ¹¹¹²&
254 3906 323 3948 vere
348 3901 382 3948 tu
408 3887 507 3949 debes
524 3907 630 3949 emere
656 3888 694 3947 de
714 3888 773 3948 isto
798 3908 902 3966 caseo,
928 3889 994 3970 ipse
1013 3888 1124 3949 habuit
1150 3909 1248 3950 unum
1273 3889 1405 3951 obolem

152 3974 317 4075 etfltcepit
341 3994 380 4055 de
421 3995 482 4056 isto
515 4014 607 4056 caseo
639 4009 670 4056 et
694 3994 834 4055 comedit
866 3993 991 4071 oculte,
1023 3995 1128 4056 statim
1161 4008 1329 4077 postquam
1355 4015 1407 4056 co·

153 4081 246 4159 medit
269 4100 360 4163 illum
383 4120 511 4162 caseum
536 4099 636 4162 lactus
660 4114 707 4162 est
735 4101 923 4182 scapiossus,
948 4101 1054 4162 statim
1087 4102 1216 4162 intravit
1242 4102 1405 4179 balneum,

155 4169 246 4265 lmus
269 4222 313 4270 est
338 4208 422 4268 miro
448 4207 547 4269 modo
565 4207 693 4268 inflatus
711 4221 741 4268 et
758 4207 885 4286 debilis,
910 4207 997 4268 venit
1025 4221 1126 4267 mater
1141 4228 1197 4268 sua
1223 4222 1253 4268 et
1278 4208 1408 4269 intravit

157 4284 187 4347 td
209 4314 433 4377 consistoriom
458 4327 531 4375 aute
555 4313 696 4394 judicem
721 4328 750 4375 et
768 4315 935 4376 clamavit:
961 4334 1032 4375 ecce
1058 4313 1189 4374 domine
1214 4313 1310 4394 judex
1327 4313 1406 4395 quid

162 4387 263 4478 lartum
286 4433 332 4481 est
356 4418 435 4497 filio,
471 4420 550 4481 dixit
581 4420 679 4481 sarvis
708 4420 761 4481 ille
795 4435 965 4502 postquam
998 4420 1122 4481 comedi
1149 4440 1276 4481 cascum
1303 4420 1406 4497 illurn,

166 4514 234 4578 lmus
254 4544 357 4607 pereo,
383 4527 491 4588 nescio
517 4541 562 4590 est
587 4527 627 4589 de
653 4528 709 4588 illo
735 4548 826 4589 caseo
852 4529 902 4590 vel
927 4548 1002 4590 non.

253 4631 325 4695 ltem
350 4633 446 4714 judex
472 4654 543 4696 cum
570 4634 681 4714 juratis
706 4635 792 4716 quod
819 4637 1011 4696 audiverunt
1040 4633 1157 4695 lamam
1182 4634 1220 4694 de
1246 4634 1304 4695 ista
1329 4634 1405 4695 Mis·

174 4731 285 4818 couicza,
309 4739 455 4802 lecerunt
478 4760 549 4802 eam
574 4742 735 4822 captivare
760 4757 790 4802 et
822 4742 1001 4821 interogare
1034 4741 1211 4802 secundom
1236 4754 1405 4801 consuetu·

174 4832 255 4904 ‹llnem
278 4845 425 4926 civitatis,
449 4846 515 4928 ipsa
542 4846 736 4908 Miscouicza
763 4846 859 4908 nichil
886 4846 965 4908 lassa
984 4860 1030 4908 est
1054 4847 1092 4906 de
1119 4847 1178 4907 isto
1204 4846 1290 4906 malo
1308 4843 1403 4925 lactu,

169 4962 224 5012 cota
244 4948 301 5017 hoc
320 4952 473 5019 liberavit
496 4967 592 5038 caput
615 4973 719 5018 suom.
