3142 5356
690 360 776 418 Anno
798 374 887 438 1431·
1356 377 1414 421 arr

155 466 304 475 ...—--—-—
309 465 684 474 ——.-—----——

151 593 171 634 a
196 572 327 655 Mathya
359 572 486 635 literato
518 570 613 634 fratre
646 572 745 655 ipsius
777 572 953 634 Theodrici
984 571 1160 634 literatorie
1192 571 1419 633 dinoscebatur

151 679 329 761 possidere,
353 700 411 762 pro
435 679 648 760 quadraginta
664 678 735 742 flor.
760 679 829 740 auri
846 678 991 740 vendidit
1004 694 1161 761 perpetuo
1179 678 1418 761 possidendam.

260 786 338 847 Item
363 787 563 868 Augustinus
587 784 727 848 carnifex
752 785 857 848 dictus
887 787 996 848 Kusne
1021 784 1105 847 filius
1129 786 1231 865 Pauli,
1256 785 1419 868 quandam

152 893 282 959 vineam
307 912 397 955 suam
422 892 455 957 in
480 893 643 954 territorio
660 893 798 955 civitatis
815 893 897 955 inter
921 893 1031 954 vineas
1048 891 1181 974 Georgii
1205 891 1261 954 filii
1287 892 1418 976 Mathye

151 999 336 1065 stationarii
361 1013 392 1061 et
416 999 591 1061 liberorum
616 999 753 1061 condam
772 999 925 1081 Stephani
955 999 1114 1062 tributarii
1139 998 1280 1061 habitam
1306 1013 1337 1061 et
1354 1000 1420 1061 exi·

150 1121 299 1187 stentem,
332 1108 470 1189 desuper
502 1127 519 1167 a
553 1107 604 1168 via
636 1108 801 1169 communi
833 1104 913 1169 inira
940 1127 1042 1188 usque
1075 1120 1216 1168 meatum
1241 1127 1324 1189 aque
1348 1108 1419 1190 plu-

151 1215 245 1276 vialis
268 1235 303 1281 se
321 1213 559 1293 extendentem,
583 1213 712 1275 Andree
728 1212 797 1275 filio
815 1214 911 1275 Blasii
936 1213 976 1275 de
993 1213 1215 1275 Wllromerich
1230 1233 1288 1295 pro
1305 1213 1417 1275 decem

151 1335 185 1382 et
208 1335 282 1382 octo
307 1320 376 1387 flor.
402 1320 548 1381 vendidit
572 1335 728 1402 perpetuo
756 1319 996 1402 possidendam.

260 1427 338 1489 ltem
364 1426 539 1509 Elyzabeth
565 1427 674 1489 relicta
690 1427 828 1488 condam
847 1427 925 1511 Elye
950 1426 1078 1487 sartoris
1095 1425 1152 1487 filii
1178 1425 1313 1505 Gerdos,
1332 1445 1417 1488 nunc

149 1553 284 1595 consors
317 1534 401 1596 Petri
431 1530 489 1594 filii
522 1532 672 1615 Philippi,
698 1533 859 1615 quandam
884 1533 1016 1595 totalem
1042 1532 1176 1593 domum
1205 1551 1294 1593 suam
1318 1531 1414 1593 simul

152 1659 225 1700 cum
245 1637 346 1701 fundo
364 1652 394 1701 et
411 1636 578 1717 hedificiis,
596 1639 678 1700 inter
695 1639 829 1701 domum
848 1639 945 1700 Blasii
963 1637 1108 1720 pellificis
1125 1639 1155 1699 in
1177 1639 1246 1700 vico
1264 1637 1412 1700 exteriori

152 1760 299 1807 sutorum
324 1746 411 1828 juxta
436 1766 563 1810 murum
591 1760 622 1807 et
645 1760 769 1828 portam
796 1746 956 1828 lapideam
981 1746 1117 1807 civitatis
1140 1745 1293 1824 habitam,
1316 1765 1413 1807 unam

149 1866 298 1933 quartam
323 1867 353 1914 et
376 1865 523 1915 octavam
539 1852 625 1912 curie
651 1852 683 1912 in
708 1871 740 1912 se
773 1853 1003 1930 continentem,
1026 1872 1098 1912 cum
1119 1852 1184 1913 suis
1208 1851 1413 1933 pertinenciis

151 1957 278 2040 prefato
303 1959 397 2020 Petro
421 1959 537 2019 marito
561 1978 619 2021 suo
651 1957 807 2019 moderno
833 1959 966 2019 donavit
996 1973 1151 2040 perpetuo
1176 1956 1415 2040 possidendam,

154 2065 197 2126 ita
221 2080 339 2144 tamen,
365 2064 454 2146 quod
486 2063 627 2146 prefatus
652 2065 763 2126 Petrus
787 2078 841 2126 aut
866 2065 914 2125 sui
946 2064 1080 2126 heredes
1103 2066 1154 2126 vel
1178 2083 1377 2126 successores
1400 2084 1417 2125 a

152 2192 247 2234 muro
271 2173 408 2234 civitatis
432 2186 505 2233 octo
530 2171 657 2235 brachia
684 2170 784 2233 ferrea
803 2172 834 2232 in
860 2172 1027 2233 latitudine
1054 2191 1111 2254 pro
1135 2172 1243 2252 spacio
1268 2191 1324 2233 seu
1349 2190 1415 2232 am·

154 2281 223 2341 bitu
250 2279 336 2340 nulla
362 2276 509 2340 hedificia
535 2278 613 2339 inibi
640 2277 859 2359 recuperando
885 2292 938 2338 aut
967 2278 1202 2359 quoquomodo
1227 2277 1416 2361 occupando

151 2386 383 2447 inviolabiliter
406 2405 531 2446 servare
555 2387 749 2447 tenebuntur
774 2398 804 2445 et
829 2384 928 2447 illese.

259 2491 338 2554 item
364 2491 540 2572 Gregorius
556 2488 641 2552 filius
661 2491 755 2569 Petri,
788 2492 929 2552 concivis
946 2504 1064 2569 noster,
1081 2491 1241 2552 residuam
1266 2510 1323 2552 seu
1341 2489 1418 2551 fina-

151 2599 217 2660 lem
244 2613 365 2680 partem
393 2598 560 2659 cuiusdam
587 2596 677 2658 fundi
707 2597 786 2659 olim
811 2597 914 2675 vacui,
939 2598 1073 2658 nuncin
1094 2596 1247 2677 (h)ortum
1272 2596 1417 2658 conversi

150 2719 183 2766 et
208 2705 338 2784 redacti,
355 2717 442 2766 extra
459 2705 585 2766 Novam
611 2716 736 2786 portam
754 2704 889 2766 civitatis
912 2702 1033 2785 prefate
1051 2704 1132 2764 inter
1156 2703 1255 2764 alium
1280 2701 1418 2765 fundum

149 2831 208 2873 seu
240 2811 392 2894 (h)ortum
426 2831 520 2873 suum
545 2831 561 2872 a
586 2825 674 2893 parte
707 2811 870 2892 aquilonis
907 2830 962 2871 seu
994 2810 1232 2892 septemtrionis
1255 2809 1417 2872 mediante

149 2918 291 3001 quadam
315 2939 412 3001 parva
444 2918 525 2979 valle
557 2917 713 2996 habiturn,
743 2931 773 2978 et
806 2917 888 2980 inter
912 2916 1065 2999 (h)ortum
1097 2937 1153 2978 seu
1178 2915 1315 2978 fundum
1337 2916 1416 2978 libe·

149 3044 260 3087 rorum
286 3024 423 3086 condam
442 3022 580 3108 Gywani
597 3022 712 3104 judicis
736 3043 752 3084 a
774 3037 863 3105 parte
881 3023 1085 3085 meridionali
1103 3043 1159 3106 per
1176 3037 1295 3085 metam
1312 3022 1416 3084 cuius·

150 3131 227 3192 dam
252 3129 345 3192 fovee
375 3145 405 3191 et
432 3131 598 3192 cuiusdam
618 3131 740 3192 arboris
763 3130 917 3193 tribuline
941 3131 1040 3212 vulgo
1056 3132 1132 3213 glog
1153 3130 1235 3193 dicte
1260 3131 1293 3191 in
1309 3128 1416 3193 latitu-

150 3237 228 3298 dine
246 3237 418 3315 existentis,
442 3238 602 3299 metaliter
619 3251 808 3320 separatam,
827 3258 923 3299 unam
948 3252 1093 3321 quartam
1118 3239 1204 3300 curie
1229 3239 1261 3299 in
1286 3258 1318 3300 se
1343 3239 1415 3301 reti·

150 3356 294 3422 nentem,
320 3344 493 3406 Ambrosio
513 3343 663 3425 frenipari
686 3344 792 3406 vicino
817 3364 875 3406 suo
894 3344 1081 3408 immediato
1098 3345 1243 3406 vendidit
1259 3359 1415 3428 perpetuo
1482 3399 1484 3403 ,

150 3449 395 3532 possidendum,
413 3450 503 3510 cuius
520 3449 628 3531 (h)orti
647 3450 741 3511 aliam
761 3450 966 3512 medietatem
992 3451 1078 3513 idem
1102 3451 1293 3513 Ambrosius
1308 3452 1415 3513 litera·

148 3557 232 3619 torie
246 3556 334 3638 prius
347 3556 572 3617 dinoscebatur
586 3556 750 3638 possidere
763 3557 912 3618 videlicet
923 3577 1019 3619 unam
1034 3570 1179 3641 quartam
1195 3557 1414 3622 consimiliter.

258 3661 336 3723 ltem
361 3662 500 3743 quedam
526 3662 652 3741 domus,
678 3660 807 3742 fundus,
824 3663 978 3725 celarium
1003 3666 1245 3726 subterraneum
1271 3678 1302 3726 et
1324 3663 1415 3726 hedi-

148 3766 222 3829 ficia
245 3769 342 3830 trium
367 3769 562 3850 quartalium
587 3788 643 3829 seu
668 3783 853 3850 quartarum
879 3784 910 3831 et
944 3769 1078 3851 (h)ortus
1103 3770 1221 3831 eisdem
1247 3769 1415 3852 subjacens

149 3873 185 3933 in
210 3872 280 3933 vico
305 3873 441 3935 civitatis
458 3874 606 3935 exteriori
631 3894 687 3936 seu
704 3875 809 3956 platea
830 3888 986 3954 sutorum,
1004 3876 1085 3938 inter
1110 3877 1255 3954 domum,
1279 3874 1414 3938 fundum

149 3992 183 4041 et
208 3977 355 4041 hedificia
379 3979 466 4042 Galli
491 3981 653 4062 arcuparis
674 3995 705 4043 et
729 3983 796 4042 vias
812 4002 869 4043 seu
894 3982 1015 4064 plateas
1039 4002 1228 4045 communes
1251 3982 1359 4046 habita
1384 3997 1415 4045 et

147 4085 301 4163 existens,
325 4085 461 4168 desuper
493 4088 583 4148 avia
610 4103 640 4149 et
669 4088 773 4170 platea
806 4089 981 4168 communi,
1013 4088 1093 4151 infra
1119 4110 1219 4172 usque
1244 4089 1412 4151 decursum

149 4210 208 4253 seu
232 4206 374 4254 meatum
399 4193 488 4255 fluvii
513 4194 637 4275 antiqui
671 4194 867 4256 Mathichina
900 4195 1004 4257 vocati
1038 4196 1220 4277 vulgariter,
1246 4216 1317 4258 cum
1350 4196 1415 4257 suis

149 4297 358 4380 pertinenciis
382 4303 473 4360 Anne
500 4301 627 4361 mulieri
653 4302 744 4362 uxori
768 4316 799 4363 et
828 4302 989 4380 Emerico,
1015 4303 1069 4363 uni
1094 4317 1125 4364 et
1148 4303 1238 4364 alteri
1263 4303 1411 4364 Emerico

149 4423 188 4467 ac
213 4405 327 4483 Elene,
351 4406 405 4467 uni
431 4421 461 4467 et
494 4407 583 4468 alteri
610 4407 709 4468 Elene
742 4406 869 4469 filiabus
902 4409 991 4469 Pauli
1015 4406 1073 4469 filii
1099 4409 1183 4470 lwan
1216 4423 1262 4470 est
1286 4409 1414 4491 privile·

146 4509 278 4591 gialiter
301 4526 498 4594 perpetuata.

257 4617 334 4680 ltem
360 4619 514 4682 discretus
539 4620 585 4681 vir
610 4621 761 4682 dominus
787 4621 975 4682 Dominicus
1004 4623 1158 4703 presbiter
1181 4622 1411 4705 prebendarius

149 4722 283 4786 ecclesie
299 4727 514 4806 zagrabiensis
537 4725 622 4788 filius
640 4728 723 4789 Petri
748 4727 804 4789 filii
824 4727 960 4804 Mitem,
979 4729 1142 4809 quandam
1171 4729 1305 4790 domum
1322 4749 1412 4790 suam

149 4848 223 4892 cum
248 4827 349 4892 fundo
374 4846 404 4893 et
429 4833 546 4894 celario
572 4834 779 4896 subterraneo
812 4855 848 4895 ac
872 4831 1029 4895 hedificiis
1053 4835 1084 4895 in
1118 4834 1244 4896 civitate
1271 4834 1413 4916 predicta

1304 4939 1322 4978 a
