3142 5356
153 357 216 418 300
686 337 771 392 Anno
795 347 883 410 1437.

154 549 320 610 Michaelis
353 547 515 608 servitoris
541 546 699 607 leonardi
727 545 823 606 ltalici
858 565 874 604 a
908 545 1087 606 meridione
1123 561 1152 607 et
1178 546 1261 605 inter
1286 546 1425 606 domum

152 670 293 716 nostram
319 674 524 716 communem
557 667 714 714 muratam
741 668 771 713 et
800 651 935 712 lundam
961 665 1068 713 nostre
1096 652 1344 713 communitatis
1369 653 1425 712 ha·

152 763 261 839 bitam,
295 761 434 823 mediam
466 760 586 821 curiam
623 759 655 820 in
689 778 721 820 se
754 758 985 835 continentem,
1010 777 1083 819 cum
1116 758 1181 819 attis
1212 757 1424 838 pertinenciis

152 868 253 928 Paulo
286 866 353 928 filio
386 865 539 947 Stephani
573 864 736 941 institoris,
766 883 851 924 novo
885 863 1009 924 concivi
1043 880 1163 940 nostro,
1196 883 1256 945 pro
1290 864 1423 944 triginta

152 974 297 1054 quinque
321 971 389 1034 flor.
416 971 561 1033 vendidit
584 986 740 1053 perpetuo
757 969 985 1051 possidendam
1011 985 1042 1032 et
1066 971 1240 1052 superinde
1265 985 1314 1031 est
1332 971 1423 1031 litera

151 1082 210 1141 sub
237 1079 389 1161 pendenti
414 1078 521 1159 sigillo
546 1076 786 1138 communitatis
810 1091 967 1138 emanata.

258 1186 333 1246 ltem
350 1184 482 1264 quidam
497 1183 633 1265 (hlortus
648 1184 678 1243 in
693 1182 848 1243 suburbio
862 1183 998 1243 civitatis
1011 1183 1152 1265 predicte
1171 1184 1254 1244 inter
1267 1182 1421 1263 (hlortum

151 1291 209 1351 viri
235 1291 360 1372 providi
388 1289 542 1350 Anthonii
568 1287 723 1349 carnificis
748 1303 778 1348 et
803 1289 968 1350 intervias
992 1308 1181 1350 communes
1204 1288 1346 1366 habitus,
1363 1292 1421 1349 sub

152 1397 220 1458 eius·
252 1396 414 1477 prioribus
439 1395 520 1455 veris
555 1408 586 1455 et
619 1394 759 1475 antiquis
791 1395 883 1454 metis
916 1395 1054 1455 Barbare
1086 1393 1151 1456 filie
1176 1393 1332 1477 Stephani
1364 1393 1420 1455 filii

152 1500 293 1562 lwchech
320 1501 410 1561 uxori
437 1499 570 1560 Fabiani
600 1499 732 1561 cultoris
764 1498 822 1561 filii
847 1499 976 1561 Thome
1001 1521 1038 1560 ert
1063 1499 1234 1562 sufficienti
1260 1501 1310 1561 sui
1335 1519 1420 1562 com·

151 1607 347 1689 probacione
372 1621 418 1666 est
442 1605 616 1667 literatorie
650 1620 785 1667 statutus
814 1620 845 1666 et
878 1607 1051 1687 superinde
1075 1620 1121 1667 est
1145 1606 1235 1666 litera
1260 1608 1320 1667 sub
1344 1626 1419 1688 pen-

151 1714 238 1774 denti
263 1714 371 1793 sigillo
396 1727 553 1773 emanata.
1208 1695 1209 1698 ¹

257 1820 335 1880 Item
362 1818 498 1879 Michael
531 1818 627 1899 judex
658 1816 743 1878 filius
772 1818 950 1879 Sebastiani
983 1818 1147 1900 quandam
1179 1833 1296 1879 terram
1329 1838 1417 1879 suam

152 1925 306 1986 arabilem
333 1926 363 1984 in
390 1944 504 2006 campo
538 1924 674 1984 civitatis
706 1943 807 2005 prope
832 1938 975 1985 montem
1008 1925 1191 2004 vigiliarum
1216 1925 1298 1986 inter
1322 1940 1419 1986 terras

154 2029 316 2091 Valentini
340 2029 434 2109 jurati
463 2027 520 2091 filii
546 2028 711 2090 Michaelis
736 2029 891 2090 Saronich
924 2044 954 2090 et
978 2031 1059 2092 inter
1083 2029 1218 2090 fluvium
1243 2030 1339 2091 llicza
1363 2050 1417 2090 vo·

152 2150 269 2214 catum,
294 2156 330 2197 ac
356 2137 437 2196 inter
462 2135 540 2196 duas
565 2135 631 2195 vias
655 2154 845 2195 communes
878 2135 1031 2214 habitam,
1063 2149 1185 2218 septem
1211 2136 1314 2197 dietas
1337 2152 1417 2197 terre

153 2242 184 2302 in
209 2262 242 2303 se
260 2243 491 2319 continentem,
515 2239 638 2323 prefato
657 2241 831 2303 Valentino
852 2241 966 2321 jurato,
983 2261 1102 2322 genero
1127 2261 1198 2319 suo,
1222 2262 1280 2324 pro
1305 2243 1417 2324 viginti

151 2363 224 2408 octo
249 2347 318 2410 flor.
344 2349 413 2409 auri
439 2347 583 2408 vendidit
607 2362 764 2430 perpetuo
793 2348 1019 2429 possidendam
1057 2363 1088 2410 et
1112 2349 1285 2431 superinde
1311 2365 1357 2411 est
1380 2350 1417 2411 li·

151 2469 216 2514 tera
241 2457 300 2516 sub
326 2455 478 2536 pendenti
500 2454 608 2535 sigillo
634 2455 873 2516 communitatis
898 2469 1054 2516 emanata.

258 2561 336 2622 ltem
362 2562 464 2622 Frane
489 2560 729 2621 molendinator
765 2560 969 2621 medietatem
1002 2561 1167 2622 cuiusdam
1194 2561 1322 2640 domus,
1347 2560 1416 2623 fun-

150 2668 247 2750 dique
273 2688 308 2728 ac
333 2667 441 2727 celarii
466 2666 665 2727 subterranei
690 2685 726 2727 ac
752 2664 974 2728 hedificiorum
1000 2667 1081 2728 inter
1104 2668 1219 2729 domos
1243 2682 1275 2729 et
1299 2667 1417 2730 fundos

151 2773 235 2836 Galli
262 2788 293 2836 et
317 2773 442 2835 Crisani
467 2772 505 2832 de
532 2771 665 2854 Dedych
690 2793 726 2833 ac
751 2771 882 2853 Georgii
907 2771 1058 2854 lutifiguli
1083 2772 1201 2851 habite,
1226 2775 1415 2856 porcionem

150 2880 300 2943 videlicet
323 2900 424 2957 suam,
451 2899 546 2939 unam
572 2893 719 2959 quartam
744 2893 774 2939 et
795 2893 939 2939 octavam
959 2879 1045 2940 curie
1070 2880 1101 2940 in
1126 2900 1159 2941 se
1184 2881 1417 2960 continentem,

152 2987 236 3048 Luce
261 2987 376 3049 cultori
401 2985 467 3046 filio
493 2985 612 3047 Cosme
637 2986 760 3046 sororio
785 2987 892 3046 uxoris
916 3006 971 3047 aue
996 3005 1053 3068 pro
1078 3001 1151 3048 octo
1175 2986 1245 3049 flor.
1270 2989 1417 3052 vendidit

150 3107 306 3174 perpetuo
330 3091 570 3174 possidendam,
596 3105 626 3152 et
643 3091 814 3172 superinde
832 3105 878 3152 est
896 3092 986 3152 litera
1011 3106 1157 3153 emanata
1176 3095 1235 3153 sub
1260 3095 1416 3176 pendenti

151 3199 257 3280 sigillo
283 3197 542 3273 communitatis;
567 3197 654 3258 salva
676 3197 739 3258 alia
756 3197 927 3258 medietate
952 3198 1097 3258 eiusdem
1122 3199 1251 3278 domus,
1276 3199 1367 3261 fundi
1386 3217 1417 3262 et

150 3304 384 3383 hedificiorum,
401 3304 554 3385 porcione
579 3304 729 3364 videlicet
745 3304 953 3382 Nedelkonis,
979 3323 1075 3365 unam
1100 3305 1248 3368 similiter
1266 3323 1414 3388 quartam

150 3427 180 3473 et
204 3425 349 3473 octavam
375 3412 406 3472 in
432 3430 464 3471 se
489 3410 685 3487 continente,
710 3410 814 3471 eidem
841 3411 942 3471 libera
966 3426 1162 3474 remanente.

254 3518 332 3580 ltem
357 3518 488 3578 domina
514 3517 687 3578 Katherina
723 3537 802 3578 uxor
827 3516 957 3597 Mathye
983 3517 1120 3578 Farcasii
1153 3531 1184 3579 et
1208 3519 1415 3600 Margaretha

148 3624 212 3686 filia
237 3626 337 3707 ipsius
355 3624 527 3685 Katherine
552 3643 632 3684 uxor
656 3623 766 3683 Jacobi
784 3622 876 3703 jurati
905 3621 962 3682 filii
982 3623 1064 3683 Petri
1090 3623 1223 3705 Saphar,
1248 3626 1415 3706 quandam

149 3746 263 3792 terram
290 3732 429 3811 ipsarum
455 3729 609 3790 arabilem
634 3729 665 3789 in
699 3749 813 3810 campo
838 3729 974 3790 civitatis
1007 3729 1088 3790 inter
1111 3743 1210 3791 terras
1234 3731 1414 3794 liberorum

148 3838 271 3898 domini
298 3838 384 3897 Luce
411 3836 526 3896 Boniol
544 3833 625 3895 inira
650 3835 757 3895 eundo
781 3855 871 3896 secus
889 3835 972 3895 viam
996 3855 1055 3917 zep
1073 3835 1191 3898 dictam
1215 3856 1272 3918 per
1290 3840 1414 3900 bonum

148 3945 291 4026 spacium
317 3943 461 4024 pervenit
487 3961 586 4021 usque
612 3962 708 4002 unam
735 3956 851 4002 metam
885 3957 916 4003 et
941 3942 1057 4003 deinde
1083 3943 1169 4004 vadit
1197 3965 1305 4005 versus
1329 3948 1414 4008 occi·

148 4052 277 4111 dentem
303 4064 334 4110 et
358 4049 441 4109 cadit
467 4048 499 4107 in
533 4048 627 4108 aliani
655 4063 771 4109 metam
805 4063 835 4109 et
865 4048 980 4109 dehinc
1012 4047 1184 4111 reflectitur
1208 4051 1248 4111 ad
1283 4053 1414 4133 plagam

148 4157 371 4237 aquilonarem
396 4155 436 4214 ad
461 4154 591 4214 terciam
622 4169 738 4215 metam
771 4174 896 4236 semper
921 4156 1002 4216 inter
1034 4170 1132 4217 terras
1156 4156 1332 4218 liberorum
1359 4160 1413 4220 lo·

149 4262 263 4323 hannis
288 4261 387 4341 Bolye
413 4274 444 4320 et
467 4260 612 4338 pervenit
636 4261 675 4320 ad
709 4262 808 4322 dictas
832 4276 930 4322 terras
962 4262 1105 4342 ipsorum
1130 4262 1307 4324 liberorum
1334 4264 1412 4327 dicti

148 4374 234 4429 Luce
261 4367 376 4427 Bontol
401 4366 553 4442 habitam,
578 4366 716 4428 lohanni
733 4367 800 4430 filio
822 4368 987 4429 Michaelis
1015 4369 1101 4429 dicto
1124 4365 1306 4432 Jakmelow
1325 4371 1411 4434 Iwan

147 4495 205 4557 pro
231 4474 340 4533 decent
367 4472 434 4533 flor.
460 4473 605 4534 vendidit
629 4489 784 4556 perpetuo
806 4475 1031 4556 possidendam
1057 4489 1087 4538 et
1110 4476 1282 4557 superinde
1312 4493 1357 4539 est
1375 4479 1412 4540 li·

146 4596 210 4642 tera
236 4581 295 4640 sub
320 4580 471 4660 pendenti
496 4580 602 4659 sigillo
627 4597 782 4644 emanata.

254 4687 332 4747 ltem
358 4686 547 4747 Dominicus
565 4685 730 4768 laretripar
754 4689 837 4749 lilius
855 4689 986 4767 Mathei,
1011 4689 1152 4750 concivis
1174 4704 1291 4768 noster,
1309 4711 1409 4772 quan·

146 4795 217 4855 datn
243 4807 364 4875 partem
391 4793 548 4855 vinealem
574 4813 629 4854 seu
662 4795 787 4856 vineam
816 4816 905 4856 suam
932 4797 963 4856 in
996 4796 1156 4858 territorio
1182 4811 1291 4858 nostro
1325 4798 1409 4860 inter
