3156 5364
687 336 773 394 Anno
798 332 890 412 1398.
1364 353 1419 412 ¹05

151 443 605 451 -—-—-—-—-.-——.
900 442 1095 449 ——-

264 548 342 610 ltem
367 545 567 628 Margaretha
600 545 665 609 filia
699 547 812 609 Desew
847 546 992 608 vendidit
1016 566 1109 608 suurn
1144 546 1296 629 (h)ortum
1321 548 1421 608 Bene·

150 654 243 716 dicto
268 653 336 716 filio
362 652 536 735 Scornych‚
561 667 705 734 tempore
731 653 805 714 dicti
833 652 956 714 domini
983 652 1147 714 Johannis.

265 761 342 822 ltem
368 761 484 842 Mykus
510 758 593 821 filius
618 759 744 820 Nicolai
777 773 807 820 et
833 759 1001 820 Elisabeth
1025 778 1081 819 sua
1115 778 1247 820 consors
1271 758 1422 819 vendide-

153 882 231 929 runt
255 868 380 928 vineam
407 885 518 927 eorum
543 865 682 927 Johanni
707 864 774 927 filio
800 866 910 927 Jacobi
936 863 1012 926 dicti
1039 865 1151 949 Bolye,
1175 879 1321 947 ternpore
1346 864 1421 927 dicti

153 974 283 1035 domini
308 973 473 1035 Johannis.

264 1080 341 1142 Item
367 1080 506 1141 lacobus
531 1079 651 1138 Krania
676 1078 823 1138 vendidit
845 1076 981 1139 fundum
1007 1097 1101 1140 suum
1126 1078 1262 1140 Nlcolno
1287 1091 1318 1138 et
1334 1077 1423 1156 luen,

152 1202 301 1269 tempore
326 1186 403 1246 dicti
428 1185 552 1246 domini
578 1184 745 1245 Johannis.

264 1293 341 1354 ltem
366 1293 517 1373 magister
536 1291 732 1352 Laurentius
757 1304 786 1351 et
805 1289 958 1351 Nicolaus
975 1289 1032 1351 filii
1050 1290 1138 1352 Toth
1157 1290 1196 1351 de
1221 1290 1423 1352 Zomzeduar

154 1398 296 1460 fundum
322 1399 464 1479 ipsorum
483 1396 622 1458 lohanni
646 1396 714 1458 filio
739 1395 879 1457 Farlrasii
898 1409 928 1457 et
945 1395 1088 1476 Georgio
1114 1395 1325 1474 donaverunt,
1342 1410 1421 1459 tem-

154 1526 236 1589 pore
261 1506 336 1567 dicti
366 1505 490 1566 domini
516 1503 680 1564 Johannis.

264 1611 341 1673 ltem
360 1610 542 1692 Stephanus
559 1608 662 1670 dictus
680 1608 876 1670 Brathchech
894 1607 978 1670 filius
996 1608 1169 1670 Churnech
1186 1608 1331 1671 vendidit
1349 1606 1420 1671 fun·

152 1719 234 1778 durn
259 1737 351 1778 suum
378 1717 487 1778 Kusalt
511 1714 579 1777 filio
604 1715 693 1792 luan,
717 1729 861 1797 tempore
886 1715 961 1776 dicti
987 1716 1111 1776 domini
1137 1715 1303 1778 Iohannis.

264 1824 339 1884 ltem
366 1823 518 1884 dominus
543 1823 669 1883 Marcus
701 1821 786 1884 filius
812 1822 947 1904 Mykech
981 1821 1126 1883 vendidit
1157 1818 1295 1882 fundum
1328 1840 1420 1882 suum

156 1930 294 1991 domino
319 1928 456 1990 iohanni
491 1928 718 1989 archidiacono
747 1928 785 1988 de
819 1927 969 1989 Vrboueh
995 1942 1025 1988 et
1049 1927 1184 1989 Nicolao
1216 1948 1251 1988 ac
1284 1928 1421 1988 Mattino

157 2035 235 2098 filiis
260 2035 424 2113 lobannis,
449 2049 593 2117 tempore
619 2035 694 2097 dicti
720 2035 844 2096 domini
871 2035 1026 2096 Johannis
1051 2035 1175 2114 judicis.

264 2142 342 2203 ltem
361 2141 524 2203 lohannes
543 2141 643 2223 Bolye
667 2141 814 2202 vendidit
831 2141 958 2202 vineam
976 2161 1078 2220 suam,
1096 2161 1158 2223 que
1183 2141 1319 2201 condam
1339 2140 1420 2201 Petri

156 2249 310 2310 Zuhoder
341 2246 520 2330 prefuisset,
553 2248 655 2308 lalrou
687 2247 773 2309 dicto
807 2248 985 2330 Ktupsich‚
1016 2262 1162 2330 tempore
1187 2247 1262 2308 dicti
1297 2245 1420 2307 domini

156 2355 324 2417 Johannis.

264 2462 340 2524 ltem
375 2461 505 2523 Paulich
538 2461 684 2522 vendidit
716 2461 853 2523 fundum
882 2483 974 2524 suum
1002 2464 1033 2524 in
1067 2464 1139 2525 vico
1164 2463 1311 2525 exteriori
1346 2462 1420 2522 luan

154 2568 223 2630 filio
250 2568 390 2645 Gerdak,
414 2581 559 2650 tempore
581 2568 657 2630 dicti
682 2568 807 2629 domini
833 2569 998 2633 Johannis.

261 2675 339 2736 ltenx
365 2675 467 2736 Jakou
493 2674 667 2735 Kruuisich
691 2675 837 2737 vendidit
854 2677 980 2738 vineam
1006 2696 1095 2738 suam
1122 2676 1280 2756 Gregorio
1305 2675 1418 2756 jurat0,

155 2797 303 2865 tempore
328 2781 404 2843 dicti
429 2781 551 2842 domini
579 2781 743 2843 Johannis.

264 2888 341 2949 ltem
375 2887 524 2948 dedimus
557 2887 664 2949 literas
696 2901 819 2949 nostras
852 2909 947 2970 super
980 2890 1072 2951 vinea
1104 2889 1240 2950 condam
1268 2888 1422 2949 lobannis

156 2996 266 3071 Varus,
291 2995 391 3055 Paulo
416 2991 502 3056 fratri
527 3014 596 3071 suu,
621 3008 766 3076 tempore
790 2994 866 3056 dicti
892 2994 1015 3055 domini
1041 2996 1206 3057 Johannis.

266 3099 342 3160 ltcm
360 3099 512 3161 dominus
529 3099 693 3160 lohannes
709 3099 807 3180 judex
820 3100 994 3161 modernus
1008 3116 1038 3164 et
1055 3102 1248 3162 Benedictus
1266 3101 1418 3162 Scornich
1460 3176 1464 3184 Ι

156 3220 344 3269 executores
357 3207 537 3268 testamenti
552 3207 689 3267 condam
708 3207 818 3268 Maren
833 3206 908 3269 dicti
928 3209 1076 3292 Mekyna,
1094 3208 1267 3290 quamdam
1286 3208 1419 3269 domum

157 3311 272 3396 prelati
299 3313 420 3374 Mateni
444 3313 550 3375 taliter
574 3329 785 3394 aptecassent‚
810 3315 898 3396 quod
921 3316 987 3397 ipsa
1012 3316 1127 3377 domus
1151 3335 1276 3396 semper
1303 3315 1420 3377 debere

158 3420 215 3481 uni
240 3419 379 3500 plebano
405 3420 567 3480 extribus
599 3421 715 3480 servire
747 3422 901 3482 tenaciter
932 3422 985 3482 tali
1016 3422 1125 3499 modo,
1151 3422 1238 3503 quod
1264 3422 1330 3503 ipse
1355 3422 1420 3503 ple·

152 3528 256 3589 banus
287 3526 420 3607 singulis
460 3526 573 3587 diebus
604 3526 775 3587 dominicis
807 3547 904 3588 unam
937 3529 1065 3588 missam
1100 3548 1157 3609 pro
1188 3528 1293 3589 anima
1320 3528 1420 3608 ipsius

154 3632 281 3694 Mateni
307 3631 412 3693 dicere
437 3652 492 3692 seu
525 3633 629 3711 legere
663 3633 758 3694 debet
781 3648 811 3695 et
837 3635 1086 3696 irrevocabiliter
1110 3649 1156 3695 est
1180 3648 1331 3696 statutum
1358 3632 1420 3695 fac-

151 3752 234 3815 tum,
258 3752 403 3819 tempore
428 3737 561 3819 predicti
587 3738 710 3799 domini
736 3740 900 3801 Johannis.

267 3843 343 3905 ltem
369 3844 531 3906 lohannes
556 3858 586 3906 et
610 3845 763 3906 Nicolaus
786 3845 842 3907 filii
870 3848 959 3908 Pauli
985 3848 1060 3908 dicti
1088 3848 1256 3925 Praudiclt‚
1281 3847 1320 3909 de
1345 3868 1419 3910 eon·

155 3970 254 4012 sensu
272 3949 403 4011 domine
423 3951 519 4011 Lucie
545 3951 700 4012 consortis
718 3952 792 4013 dicti
812 3953 975 4031 lobannis,
995 3954 1025 4014 in
1044 3952 1145 4015 fundo
1163 3975 1287 4032 eorum,
1304 3954 1420 4036 (hlorto

152 4071 184 4119 et
202 4056 333 4118 cellario
351 4076 451 4137 usque
470 4056 604 4117 fluvium
630 4072 774 4120 nostrum
799 4080 830 4119 se
849 4060 1104 4139 extendentibus,
1121 4077 1237 4122 rectam
1256 4061 1418 4123 admedie·

152 4177 253 4225 tatem
282 4163 363 4223 inter
388 4183 420 4222 se
446 4162 589 4224 lecerunt
614 4164 816 4242 divisionem,
841 4181 871 4226 et
888 4167 962 4228 inde
988 4168 1076 4229 litere
1103 4183 1208 4229 nostre
1233 4182 1307 4228 sunt
1331 4187 1416 4229 etna·

152 4282 241 4346 nate,
266 4283 409 4350 tempore
435 4269 509 4330 dicti
537 4269 660 4329 domini
686 4270 850 4332 Johannis.

262 4374 340 4437 ltem
368 4376 535 4437 Ladislaus
559 4376 643 4436 filius
668 4377 822 4438 lobannis
854 4378 909 4440 filii
937 4381 1064 4441 Martini
1094 4381 1133 4442 de
1159 4382 1261 4443 Chehi
1288 4383 1420 4445 donavit

153 4481 362 4544 medietatem
387 4483 553 4544 cuiusdam
579 4483 695 4543 domus
711 4505 765 4545 sue
792 4485 923 4547 domine
946 4487 1112 4550 Elizabeth
1131 4489 1230 4550 sorori
1256 4509 1323 4565 aue,
1340 4503 1418 4550 tem·

153 4607 233 4671 pore
258 4587 332 4649 dicti
359 4588 483 4650 domini
510 4589 674 4651 Johannis.

263 4692 339 4755 Item
366 4695 514 4755 dedimus
540 4695 645 4755 literas
678 4712 800 4758 nostras
826 4699 946 4759 Jacobo
971 4720 1065 4781 super
1097 4701 1267 4763 medietate
1292 4701 1418 4779 domus,

154 4818 256 4884 quem
282 4798 370 4861 dedit
395 4820 473 4862 uxor
497 4820 553 4861 sua
579 4802 793 4882 Margaretha‚
826 4818 971 4886 tempore
1004 4806 1079 4868 dicti
1105 4807 1228 4867 domini
1254 4808 1418 4873 Johannis.
