3156 5364
551 487 637 543 Anno
660 497 747 562 1510.
773 518 814 527 —
839 486 887 545 16.
916 482 1027 544 martii.

624 695 822 757 Laurencius
847 709 945 757 sutor.

623 801 780 862 Martinus
803 820 926 882 sporar.

623 906 799 989 Gregorius
822 927 942 989 sporar.

623 1013 831 1075 Laurencius.

620 1119 800 1202 Stephanus
824 1134 923 1182 sutor.

620 1227 732 1287 Petrus
754 1246 853 1308 gener
876 1226 1058 1308 Augustini.

622 1330 781 1413 Georgius
806 1331 1004 1394 Lutinischa.

620 1438 766 1499 Thomas
793 1452 892 1501 sutor.

620 1544 766 1606 Thomas
791 1545 939 1628 Kerelya.

620 1651 736 1713 Berlek
761 1651 800 1713 de
826 1652 979 1714 Klanecz.

621 1757 793 1820 lohannes,

619 1864 776 1926 Martinus
800 1878 916 1926 sartor.

618 1971 809 2033 Valentinus
833 1969 984 2053 lrenipar.

622 2077 813 2159 Stephanus.

261 2221 371 2283 Petrus
395 2218 533 2283 carnifex
557 2221 699 2282 secundo
724 2240 790 2282 non
816 2221 996 2303 comparuit
1020 2221 1143 2284 citatus.

551 2439 645 2512 Feria
674 2440 782 2513 tercia
812 2453 888 2530 post
917 2439 1021 2513 Oculi.

690 2597 731 2671 (5.
756 2596 877 2671 martir).

260 2737 437 2821 Gregorius
464 2737 626 2820 Sabotzky
650 2738 755 2819 primo
780 2737 893 2799 citatus
918 2757 983 2798 non
1009 2738 1197 2820 comparuit.

330 2941 477 3013 sabbato
507 2939 558 3011 die
587 2943 739 3029 proximo
770 2951 848 3011 ante
877 2939 1077 3011 dominicam
1105 2940 1237 3030 Judica.

679 3091 744 3166 (16.
769 3095 891 3170 inertis).

260 3234 412 3299 Seniores
435 3234 557 3313 judices
573 3253 700 3296 causam
724 3234 805 3296 inter
822 3234 976 3296 discretos
993 3235 1144 3296 dominos
1169 3233 1364 3316 Gregorium
1389 3247 1418 3296 et

154 3341 334 3403 lohannem
360 3341 552 3424 presbiteros
578 3339 852 3425 Bosyakowichky
877 3340 963 3418 dicti,
989 3361 1024 3402 ac
1050 3341 1229 3402 iohannem
1263 3360 1417 3422 generum

155 3467 267 3510 eorum
300 3467 358 3510 nec
392 3466 456 3508 non
482 3446 636 3508 Mathiam
669 3445 847 3528 Gosponne
880 3446 1027 3508 vitricum
1060 3447 1203 3529 ipsorum
1236 3448 1367 3510 racione
1390 3461 1419 3508 et

154 3567 301 3637 pretextu
332 3553 547 3635 quorumdam
581 3554 740 3614 bonorum
772 3552 922 3614 videlicet
954 3554 1088 3631 domus,
1120 3554 1224 3633 vinee,
1248 3553 1359 3636 (h)orti
1390 3568 1419 3615 et

155 3660 379 3722 clenodiorum
405 3661 521 3722 domus
545 3680 580 3721 ac
605 3660 752 3721 omnium
774 3660 934 3720 bonorum
953 3660 1124 3721 mobilium
1150 3659 1302 3722 videlicet
1325 3675 1358 3723 et
1374 3661 1415 3722 in·

156 3766 326 3827 mobilium
352 3767 467 3847 quovis
491 3766 591 3827 eciam
614 3766 754 3826 nominis
771 3765 930 3827 vocabulo
948 3767 1171 3845 vocitatorunt,
1196 3787 1337 3848 quorum
1363 3768 1418 3829 bo·

154 3891 271 3934 norum
295 3873 441 3934 omnium
467 3873 671 3934 medietatem
689 3873 776 3954 prius
799 3893 854 3954 per
879 3871 1017 3955 prelatos
1035 3874 1227 3955 presbiteros
1245 3888 1276 3935 et
1301 3873 1417 3936 Kathe·

155 3979 255 4039 rinam
275 3978 412 4040 condam
427 3993 561 4040 matrem
576 3980 717 4060 ipsorum
732 3994 856 4060 sponte,
875 3979 1072 4060 oraculoque
1085 3979 1156 4040 vive
1174 3981 1262 4041 vocis
1276 3979 1418 4062 ipsorum

154 4104 263 4146 coram
288 4084 393 4166 judice
426 4100 542 4146 eotunc
573 4086 726 4146 existente
758 4083 883 4166 prefato
921 4086 1040 4146 Mathie
1073 4084 1249 4167 Gosponne
1275 4085 1357 4148 fassa
1389 4101 1419 4148 et

155 4191 273 4251 donata
306 4191 474 4272 propinata
507 4191 629 4269 existit,
661 4211 756 4272 super
788 4191 986 4272 quaquidem
1019 4192 1189 4253 medietate
1221 4191 1418 4275 prefatorum

153 4296 300 4357 omnium
332 4297 492 4358 bonorum
517 4297 607 4358 litere
639 4312 821 4379 opportune
852 4317 950 4378 penes
983 4299 1247 4360 consvetudinem
1283 4299 1420 4362 civitatis

153 4417 300 4466 emanate
326 4405 474 4483 existunt,
499 4425 597 4486 penes
629 4425 708 4487 quas
733 4405 841 4466 literas
872 4405 1089 4487 privilegiales
1122 4426 1180 4467 nos
1203 4407 1348 4469 seniores
1371 4407 1419 4490 ju·

154 4512 241 4572 dices
257 4510 379 4593 prelato
398 4511 517 4574 Mathis
536 4512 713 4594 Gosponne
731 4513 847 4574 dictam
867 4512 1072 4573 medietatem
1091 4513 1238 4574 omnium
1256 4516 1420 4577 bonorum

152 4618 359 4680 inmobilium
385 4619 606 4699 adjudicamus
630 4620 769 4701 exceptis
793 4620 958 4681 dumtaxat
987 4621 1081 4682 rebus
1107 4620 1284 4682 mobilibus
1308 4637 1341 4684 et
1365 4643 1420 4707 pe-

152 4724 256 4786 cuniis
279 4725 389 4786 divisis
412 4745 468 4806 per
492 4723 631 4806 prefatos
656 4727 848 4807 presbiteros
872 4746 907 4787 ac
936 4726 1058 4788 dictum
1083 4727 1240 4789 Mathiam
1264 4729 1355 4810 prius
1372 4732 1420 4793 di·

152 4830 238 4909 visis,
263 4831 302 4893 de
337 4832 587 4913 quibusquidem
617 4835 712 4894 rebus
743 4834 919 4894 mobilibus
951 4835 1067 4915 quovis
1090 4834 1232 4895 nominis
1257 4839 1422 4902 vocabulo

153 4937 300 4999 vocitatis
324 4938 363 4999 de
389 4952 523 5020 utraque
548 4953 636 5022 parte
660 4938 784 5021 prefato
806 4938 944 5000 Johanni
969 4954 1000 5001 et
1023 4959 1080 5022 per
1103 4960 1308 5022 consequeus
1326 4947 1422 5008 uxori
