3142 5356
661 319 863 400 Anno1428.
1337 343 1390 404 151

132 555 199 597 rum
226 535 384 616 regalium
409 547 440 596 et
464 534 601 596 aliorum
632 534 815 596 debitorum
841 547 872 595 et
903 546 1161 615 opportunorum
1186 533 1392 595 serviciorum

131 642 265 704 civitatis
290 658 321 703 et
345 661 410 703 non
435 640 656 703 conduccione
681 641 838 723 lapidum,
864 660 921 701 nec
950 660 1014 700 non
1041 660 1098 722 pro
1123 653 1394 701 nocumentorum

131 748 310 809 vicinorum
328 748 428 829 ipsius
446 747 562 809 domus
579 767 614 808 ac
639 767 697 828 pro
714 746 882 808 solucione
900 759 1059 807 certorum
1077 745 1258 806 debitorum
1277 745 1395 826 quibus

131 853 242 916 eadem
270 853 427 915 debitorie
460 853 675 934 obligabatur,
708 872 770 934 que
801 851 1002 932 Margaretha
1027 851 1135 913 relicta
1160 851 1291 913 textoris
1315 850 1394 913 Gre-

130 960 209 1038 gorii
235 959 277 1021 de
301 959 413 1020 eadem
432 958 531 1020 domo
556 959 738 1040 persolvere
756 958 887 1020 nolebat
911 978 966 1040 per
990 957 1162 1039 plurimam
1187 976 1393 1019 communem

133 1066 350 1128 monicionem
376 1079 407 1126 et
431 1061 591 1127 forensem
625 1065 930 1146 proclamacionem,
963 1063 1059 1125 Gallo
1084 1062 1151 1124 filio
1176 1062 1329 1125 Demetrii
1354 1063 1393 1125 de

132 1170 353 1251 Wllcotnerch,
377 1172 441 1252 jam
471 1186 579 1233 nostro
612 1173 736 1233 concivi
770 1171 915 1233 vendidit
940 1190 997 1252 pro
1030 1171 1175 1252 quinque
1200 1170 1314 1232 marcia
1338 1170 1392 1232 de·

131 1280 293 1341 uariorum
318 1291 475 1360 perpetuo
500 1277 739 1358 possidendam.

237 1402 317 1464 ltem
342 1402 436 1483 juder
461 1416 491 1463 et
515 1401 608 1481 jurati
641 1421 676 1462 ac
699 1415 766 1463 tota
798 1401 1024 1478 communitas,
1049 1400 1255 1463 medietatem
1287 1399 1391 1461 cuius·

130 1507 199 1571 larn
227 1509 323 1570 vinee
349 1509 380 1570 in
404 1509 566 1570 territorio
599 1508 734 1569 civitatis
767 1509 848 1568 inter
872 1509 982 1569 vineas
1013 1508 1155 1568 virorum
1179 1506 1391 1589 providorum

130 1615 249 1677 dathei
274 1615 414 1692 sartoris,
446 1615 539 1692 jurati
574 1615 671 1675 nostri
706 1613 864 1691 moderni,
900 1628 930 1675 et
964 1612 1141 1675 Clementis
1174 1611 1326 1673 institoris
1356 1631 1392 1672 ac

130 1737 262 1785 roneste
288 1722 434 1783 mulieris
452 1720 652 1802 Margarethe
677 1721 786 1781 relicte
804 1735 835 1781 et
855 1724 959 1798 Anne,
982 1717 1110 1782 Marine
1134 1738 1169 1780 ac
1194 1716 1393 1798 Margarethe

130 1831 265 1892 iliarum
292 1828 428 1889 condam
456 1828 575 1889 Mathei
602 1828 737 1909 Zupani‚
759 1848 818 1888 nec
843 1847 907 1888 non
926 1827 993 1887 vias
1017 1845 1206 1888 communes
1229 1824 1337 1887 habite
1362 1838 1393 1887 et

135 1936 303 2012 sistentis,
325 1955 400 1995 curn
425 1937 490 1998 suis
515 1936 731 2017 pertinenciis,
756 1954 819 2016 que
848 1948 920 2016 post
944 1934 1109 1994 decessum
1132 1931 1266 2014 provide
1291 1932 1393 1993 Elene

132 2045 238 2106 elicte
265 2042 402 2102 condam
429 2041 582 2124 Gyurgek
600 2042 740 2123 primum
766 2054 796 2103 et
820 2041 949 2101 tandem
970 2038 1136 2101 Michaelis
1159 2036 1216 2099 filii
1235 2037 1393 2118 lvlatheus,

135 2153 249 2231 bsque
275 2148 446 2209 heredibus
470 2149 616 2210 intestate
642 2148 780 2225 decesse,
806 2147 844 2207 ad
871 2166 929 2207 nos
957 2144 1200 2228 privilegialiter
1223 2143 1309 2224 juxta
1335 2164 1392 2205 no·

132 2272 223 2317 tram
244 2255 435 2332 libertatern,
457 2274 514 2335 pro
539 2254 652 2334 viginti
678 2267 709 2315 et
732 2267 854 2335 septem
873 2272 946 2313 cum
971 2252 1077 2313 media
1103 2251 1219 2311 marcis
1243 2249 1391 2311 denario-

130 2382 221 2437 *um3
254 2362 329 2423 item
363 2360 458 2423 frater
490 2361 681 2422 Benedictus
713 2361 867 2439 vicarius,
900 2361 1061 2440 ceterique
1094 2356 1205 2420 fratres
1236 2378 1273 2419 ac
1305 2372 1391 2419 totus

134 2483 305 2532 onventus
336 2467 468 2530 fratrum
504 2469 743 2530 Heremitarum
780 2468 907 2529 claustri
940 2469 1031 2528 beate
1058 2465 1157 2526 Marie
1181 2484 1308 2546 semper
1330 2465 1391 2525 vir·

130 2576 219 2654 ginis,
245 2576 285 2635 de
310 2575 534 2655 promontorio
552 2575 762 2655 zagrabiensi,
787 2574 882 2636 aliam
901 2573 1104 2634 medietatem
1124 2571 1269 2633 eiusdem
1286 2573 1391 2652 vinee,

130 2696 244 2744 ¹cctam
269 2681 417 2741 similiter
443 2695 472 2741 et
490 2680 652 2761 equalem,
678 2680 815 2741 condam
833 2700 890 2761 per
914 2680 1015 2762 ipsam
1042 2679 1175 2740 Elenam
1194 2692 1224 2740 et
1248 2698 1304 2760 per
1320 2699 1390 2761 pre-

130 2790 230 2850 lictos
253 2806 328 2847 suos
352 2786 483 2847 maritos
507 2787 584 2867 ipsis
608 2786 712 2847 adhuc
737 2787 921 2848 vinentibus
952 2785 1217 2847 testamentaliter
1241 2785 1390 2865 legatam,

130 2895 235 2956 blasio
253 2893 448 2953 stacionario
467 2891 532 2953 filio
552 2893 642 2953 Pauli
661 2912 718 2974 pro
743 2893 854 2954 decem
878 2906 908 2953 et
932 2906 1054 2974 septem
1079 2891 1244 2953 marcisae
1262 2906 1389 2952 centum

130 3000 267 3062 denariis
291 2998 353 3079 iarn
380 2999 474 3081 plene
492 2999 663 3080 persolutis
687 2999 901 3059 vendiderunt
926 3010 1081 3078 perpetuo
1107 2996 1344 3080 possidendam.

235 3123 313 3184 ltem
348 3123 423 3204 quia
456 3122 610 3204 providus
643 3123 689 3183 vir
723 3121 860 3183 Michael
891 3121 1016 3203 pridem
1047 3121 1153 3201 judex,
1184 3123 1390 3204 concivisque

130 3244 245 3306 noster,
277 3227 363 3290 lilius
396 3229 585 3307 Sebastiani,
619 3229 651 3289 id
676 3227 870 3290 sufficienter
902 3229 1141 3309 comprobavit,
1173 3242 1208 3290 ut
1232 3228 1391 3310 Georgius

130 3337 232 3397 dictus
258 3337 360 3396 Marin
386 3336 445 3396 sibi
471 3355 529 3417 pro
555 3350 694 3416 quatuor
722 3355 794 3395 cum
820 3335 928 3396 medio
953 3335 1021 3396 flor.
1047 3336 1127 3413 auri,
1151 3336 1268 3416 quibus
1284 3336 1388 3397 eidem

130 3442 290 3524 quandam
317 3442 449 3503 domum
476 3456 634 3503 muratam
660 3455 789 3515 emerat,
822 3441 979 3502 debitorie
1004 3441 1209 3522 obligaretur,
1234 3442 1307 3502 ideo
1332 3463 1390 3503 nos

130 3550 262 3611 eandem
290 3549 422 3610 domum
449 3569 521 3610 cum
546 3550 612 3609 suis
636 3550 841 3629 pertinenciis
867 3549 948 3610 inter
976 3549 1092 3609 domos
1117 3550 1230 3610 Briccii
1256 3550 1288 3610 in
1317 3569 1388 3631 pos·

130 3669 231 3737 terge,
256 3656 295 3716 ab
320 3657 461 3716 interiori
487 3676 563 3716 vero
584 3671 670 3737 parte
690 3657 865 3715 liberorum
895 3655 1031 3715 condam
1056 3654 1186 3735 Georgii
1212 3655 1389 3716 Nosnichar

130 3760 281 3837 habitam,
306 3781 402 3822 unam
428 3776 574 3841 quartam
600 3763 631 3821 in
650 3783 683 3823 se
700 3763 932 3838 continentem,
957 3781 1015 3843 pro
1032 3762 1177 3843 predicto
1203 3761 1312 3822 debito
1329 3782 1388 3822 suo

130 3868 295 3930 statuimus
319 3868 521 3928 vendendam
548 3883 577 3928 et
602 3889 634 3929 se
660 3869 763 3948 ipsum
783 3867 1032 3948 persolvendum
1058 3882 1111 3927 aut
1135 3867 1174 3928 de
1200 3867 1311 3928 eadem
1329 3888 1388 3949 pro

130 3975 171 4035 sui
198 3972 419 4034 satisfaccione
444 3974 752 4054 quomodocumque
778 3974 915 4034 voluerit
940 3973 1184 4055 disponendam.

236 4097 311 4158 item
350 4098 408 4158 viri
443 4099 568 4178 providi
604 4100 784 4158 Demetrius
817 4100 888 4175 lies,
921 4099 1041 4177 juratus
1074 4113 1181 4159 noster
1215 4099 1388 4160 modernus

130 4203 211 4265 lilius
236 4203 364 4264 Andree
391 4218 420 4264 et
445 4205 529 4264 lwan
563 4205 713 4265 lalchievv
747 4203 831 4264 filius
860 4205 1031 4285 Stephani,
1063 4205 1272 4265 commissarii
1299 4205 1387 4266 Pauli

130 4309 274 4371 Thothar
288 4307 344 4370 lilii
364 4310 522 4391 Dyonisii,
541 4312 702 4390 quandam
721 4325 836 4370 terram
853 4311 1006 4370 arabilem
1023 4311 1120 4391 ipsius
1135 4310 1223 4370 l'auli
1243 4311 1388 4371 Thothar

130 4416 157 4476 in
183 4434 299 4496 campo
324 4415 460 4476 civitatis
486 4417 572 4495 Krog
608 4417 780 4495 vulgariter
811 4417 984 4498 appella10‚
1011 4418 1091 4477 inter
1124 4430 1222 4477 terras
1253 4417 1389 4477 arabiles

130 4522 186 4582 viri
212 4521 338 4602 providi
366 4522 519 4603 Stephani
545 4521 600 4583 filii
629 4522 788 4602 Gregorii,
806 4524 904 4582 nostri
930 4523 1080 4599 concivis,
1105 4542 1140 4583 ac
1158 4523 1319 4584 colendini
1337 4543 1387 4584 su·

130 4642 246 4706 torum,
271 4647 328 4689 nec
353 4648 416 4689 non
443 4649 532 4690 secus
557 4631 623 4689 vias
648 4649 835 4689 communes
860 4644 889 4690 et
906 4629 1040 4689 fluvium
1065 4644 1220 4705 nostrum,
1245 4631 1387 4711 quinque

130 4733 180 4797 vel
207 4734 283 4795 citra
309 4734 410 4797 dietas
435 4735 465 4794 in
491 4756 523 4797 se
550 4736 778 4815 continentem,
796 4735 982 4798 auctoritate
1000 4735 1216 4797 commissaria
1241 4756 1277 4796 cx
1302 4754 1387 4796 com·
