3142 5356
486 512 493 537 ν
591 498 676 553 Anno
699 492 791 572 1508.
818 531 858 540 —
882 495 934 557 26.
960 500 1038 560 mati.

1378 516 1445 614 }77

147 706 327 785 scriptum
352 707 440 767 dicto
465 705 608 768 Gabrieli
636 708 733 768 actori
759 708 983 787 adjudicarunt
1008 725 1037 769 et
1063 710 1198 769 liberum
1225 711 1329 770 eidem
1354 731 1441 772 com-

152 810 347 886 miserun13
373 813 428 873 ubi
454 832 530 874 vero
556 813 645 873 Hans
662 813 823 874 aurifaber
848 815 967 876 ibidem
987 816 1149 895 allegabat
1174 816 1291 876 dictam
1310 817 1444 878 domum

156 934 168 973 a
200 915 304 978 dicto
328 919 497 980 Lodouico
529 919 654 995 emisse,
689 920 749 980 hoc
783 922 884 980 eciam
918 922 1021 982 taliter
1054 921 1333 999 adjudicaverunt,
1358 924 1445 1003 quod

160 1019 268 1082 idem
289 1025 377 1086 Hans
408 1025 492 1086 siin
525 1040 644 1087 sortem
678 1027 761 1087 dicte
795 1028 911 1087 domus
936 1028 1060 1108 aliquid
1094 1029 1231 1099 dederit,
1256 1029 1358 1090 hoca
1384 1030 1445 1090 Ln-

166 1125 296 1192 douico
319 1132 472 1193 rehabere
497 1133 631 1207 debeat;
662 1132 805 1215 prefatus
839 1153 914 1194 vero
940 1134 1126 1195 Lodouicus
1151 1134 1189 1194 dc
1214 1134 1335 1213 judicio
1359 1135 1443 1212 jura·

169 1243 284 1298 torum
307 1260 370 1300 non
396 1254 567 1301 contentus
590 1241 765 1321 appellavit
789 1243 828 1300 ad
854 1242 996 1301 seniores
1021 1240 1153 1319 judices.

285 1345 423 1408 Sabbato
438 1346 490 1407 die
505 1346 690 1406 immediate
709 1347 867 1426 sequenti,
884 1348 1026 1408 seniores
1043 1347 1164 1426 judices
1177 1367 1304 1408 causam
1319 1361 1442 1409 motam

177 1437 266 1506 inter
284 1468 384 1532 partes
408 1450 546 1534 prelatas
569 1466 600 1513 et
624 1453 712 1533 prius
737 1472 792 1534 per
809 1453 930 1531 juratos
955 1452 1170 1531 adjudicatam
1189 1453 1294 1514 taliter
1317 1453 1444 1535 adjudi-

179 1561 289 1619 carum
318 1560 446 1620 racione
471 1557 593 1640 prefate
631 1559 758 1636 domus,
793 1559 880 1639 quod
915 1581 951 1618 cx
985 1580 1050 1640 quo
1084 1559 1225 1641 prefatus
1259 1560 1445 1622 Lodouicus

180 1664 335 1725 quandam
362 1665 637 1746 composicionem
664 1685 738 1725 cum
771 1665 857 1727 dicto
884 1665 1036 1727 Gabriele
1069 1666 1136 1727 filio
1162 1667 1310 1728 Marencz
1343 1688 1444 1747 penes

180 1769 291 1830 manus
312 1773 441 1853 proprie
477 1772 592 1852 scripta
624 1791 657 1831 se
690 1771 794 1831 taliter
827 1773 993 1852 obligavit,
1025 1772 1112 1852 quod
1146 1773 1230 1832 idern
1258 1773 1445 1834 Lodouicus

179 1858 321 1950 ⁰bligans
341 1899 373 1938 se
391 1900 408 1939 a
427 1879 569 1959 quodam
589 1878 700 1961 wayda
718 1879 757 1937 de
776 1878 958 1958 Chergowo
984 1893 1176 1959 extorquere
1205 1895 1235 1939 et
1259 1899 1276 1940 a
1302 1878 1445 1961 Georgio

116 2042 127 2063 ,
178 1959 214 2022 de
244 1976 357 2046 Bathos
382 1985 523 2045 florenos
555 1985 821 2064 quadringentos,
856 1985 992 2065 quodsi
1027 1985 1111 2045 idem
1138 1984 1277 2066 prefatos
1301 1985 1441 2048 florenos

177 2085 370 2172 ‘¹10rquerit
395 2107 425 2152 et
460 2091 545 2151 dicto
572 2089 715 2151 Gabrieli
739 2091 874 2167 dederit,
899 2105 1014 2151 extunc
1046 2091 1150 2152 dictus
1176 2090 1307 2152 Gabriel
1333 2092 1439 2152 eidem

178 2172 295 2258 dictam
328 2199 463 2260 domum
498 2198 584 2258 dicto
611 2198 779 2258 Lodouico
804 2198 878 2257 dare
907 2198 1047 2275 debebit,
1071 2212 1177 2259 tamen
1203 2199 1302 2259 eciam
1337 2200 1440 2260 dictus

177 2275 307 2364 Gabriel
338 2318 433 2386 prout
466 2304 688 2364 testimonium
721 2303 893 2384 superinde
926 2304 1103 2365 exhibitum
1136 2319 1192 2383 est,
1220 2304 1308 2385 quod
1335 2306 1441 2366 dictus

177 2380 306 2471 Gabriel
338 2431 397 2491 pro
431 2410 542 2470 debito
574 2411 672 2490 patris
697 2410 772 2471 dicti
808 2410 965 2470 Lodouici
1001 2411 1031 2471 in
1065 2425 1181 2471 sortem
1208 2411 1290 2472 dicte
1324 2411 1441 2472 domus

177 2486 313 2577 florenos
336 2517 539 2598 septuaginta
565 2531 704 2596 quatuor
729 2516 858 2576 cuidam
889 2516 1025 2576 debitori
1052 2517 1126 2576 dare
1152 2532 1182 2578 et
1208 2517 1368 2598 assignare
1394 2517 1442 2577 di·

177 2599 265 2699 citur,
289 2637 320 2684 et
343 2624 398 2685 ubi
432 2623 536 2683 dictus
569 2622 755 2682 Lodouicus
786 2624 948 2683 asserebat
977 2622 1132 2703 prefatam
1166 2624 1441 2704 composicionem

178 2707 203 2767 li
225 2741 259 2787 et
283 2745 391 2793 coacte
418 2729 538 2808 fecerit,
564 2730 617 2790 ubi
644 2729 816 2810 superinde
833 2730 1055 2789 testimonium
1082 2745 1127 2789 est
1151 2729 1328 2790 exhibitum
1354 2730 1442 2811 quod

178 2827 234 2886 ⁰⁰¹¹
265 2852 372 2898 coacte
406 2836 461 2897 sed
495 2837 580 2897 bona
614 2835 779 2896 voluntate
814 2836 930 2896 dictam
964 2835 1238 2917 composicionem
1271 2836 1443 2914 ordinavit,

176 2935 224 2994 Pf0
253 2964 294 3004 eo
325 2944 469 3005 seniores
501 2942 622 3021 judices
645 2962 743 3022 penes
775 2943 1051 3024 composicionem
1084 2940 1239 3023 prefatam
1273 2956 1304 3002 et
1328 2962 1442 3003 manus

173 3040 301 3122 Proprie
325 3051 441 3131 scripta
467 3064 497 3110 et
522 3050 676 3130 obligata,
701 3063 732 3110 et
757 3069 856 3131 penes
882 3049 960 3109 illud
979 3049 1123 3110 debitum
1149 3069 1204 3130 per
1229 3049 1350 3109 dictum
1377 3048 1439 3110 Ga·

173 3127 307 3218 brielem
340 3157 506 3218 exolutum
541 3169 572 3216 et
603 3176 701 3237 penes
734 3157 953 3216 testimonium
995 3155 1165 3236 superinde
1200 3155 1377 3216 exhibitum
1409 3171 1441 3216 et

169 3252 263 3324 quod
288 3264 374 3324 idem
400 3276 496 3342 prout
519 3263 717 3344 composicio
743 3283 797 3344 per
830 3263 933 3344 ipsum
962 3262 1163 3322 Lodouicum
1200 3261 1281 3323 lacta
1306 3262 1439 3322 minime

165 3357 312 3431 prefatos
336 3369 590 3451 quadringentos
613 3368 682 3430 flor.
708 3385 897 3449 extorquere
928 3369 1032 3449 potuit
1057 3381 1088 3428 et
1112 3388 1217 3449 neque
1244 3368 1349 3429 eidem
1377 3367 1441 3429 Ga·

165 3445 267 3537 brieli
292 3478 472 3558 quidquam
499 3476 634 3553 dederit,
659 3476 732 3536 ideo
758 3477 876 3536 dictam
895 3476 1029 3535 domum
1055 3472 1178 3556 prelato
1204 3474 1348 3535 Gabrieli
1373 3474 1441 3536 filio

163 3552 322 3645 Mareucz
347 3584 608 3664 adjudicavimus
626 3597 657 3644 et
674 3583 921 3663 adjudicandam
940 3583 1185 3657 adinvenimus3
1208 3581 1348 3663 prefatus
1365 3601 1440 3643 vero

163 3659 360 3752 “donicus
384 3691 424 3751 de
449 3690 571 3768 judicio
596 3691 759 3750 seniorum
791 3689 934 3768 judicum
961 3709 1025 3749 non
1059 3702 1230 3749 contentus
1254 3689 1308 3748 sed
1332 3689 1441 3771 appel·

162 3766 253 3853 lavit
284 3817 355 3858 cum
393 3810 463 3857 toto
495 3816 647 3878 processu
673 3796 711 3856 ad
737 3796 923 3876 magistrum
956 3795 1237 3872 thawernicorum,
1274 3795 1323 3855 cui
1349 3795 1441 3854 datus

162 3869 223 3947 fuit
264 3904 419 3965 terminus
451 3903 718 3983 quadragesimus
750 3902 818 3961 dies
846 3903 884 3961 ad
919 3902 1149 3962 extrahendum
1183 3901 1439 3982 appellacionem

164 3983 194 4042 ad
246 4011 433 4091 magistrum
465 4010 754 4086 thawernicorum,
798 4008 987 4088 quiquidem
1023 4007 1207 4068 [odouicus
1248 4009 1366 4069 nedum
1399 4008 1439 4068 ad

165 4107 455 4208 lladragesimum
474 4116 558 4177 diem
582 4116 740 4197 exceperit
758 4115 877 4177 dictam
895 4114 1152 4195 appellacionem
1179 4133 1287 4174 verum
1307 4114 1437 4175 modico

165 4214 280 4283 mlrlus
303 4242 403 4285 unum
427 4242 549 4284 annum
567 4223 701 4283 minime
723 4222 844 4283 curavit
861 4223 1005 4302 excipere
1023 4221 1141 4282 dictam
1168 4219 1437 4302 appellacionem,

166 4311 222 4383 qui
257 4331 396 4411 neglecta
422 4328 607 4391 huiusmodi
633 4329 855 4410 appellacione
884 4329 1002 4388 dictam
1028 4347 1159 4388 causam
1186 4327 1325 4409 perdidit
1349 4343 1380 4389 et
1405 4329 1436 4388 in

167 4419 286 4496 eadreru
308 4436 498 4512 succumbit,
524 4437 740 4496 communitas
764 4454 840 4496 vero
866 4449 977 4515 expost
996 4454 1115 4494 annum
1142 4433 1265 4515 prefato
1291 4433 1436 4495 Gabrieli

167 4512 203 4573 de
239 4542 382 4603 unanimi
407 4541 573 4602 voluntate
604 4541 711 4601 literas
743 4541 914 4622 superinde
950 4539 1169 4621 privilegiales
1201 4541 1268 4601 dari
1301 4559 1434 4601 consen·

168 4638 299 4722 ⁸⁸‘l1n13
323 4648 373 4709 cui
399 4648 471 4708 data
497 4662 543 4708 est
567 4648 657 4709 litera
688 4647 906 4727 privilegialis.

282 4753 401 4816 Eodem
416 4754 468 4816 die
482 4774 576 4816 causa
591 4754 672 4814 inter
685 4754 859 4834 quemdam
873 4753 1117 4834 aprowdianum
1132 4753 1280 4832 juvenem
1301 4752 1435 4834 Georgii

178 4837 329 4937 “llipnis
359 4875 390 4923 et
422 4861 623 4923 leronimum
656 4880 781 4920 servum
817 4860 905 4920 Hans
938 4861 1063 4940 generis
1100 4859 1268 4919 Wilbelmi
1306 4860 1434 4920 racione

185 4962 386 5029 percussionis
410 4967 442 5028 in
466 4967 583 5050 pedem
612 4985 685 5028 cunr
710 4967 822 5046 sagitta
854 4980 885 5027 et
917 4965 1163 5044 vulneracionis,
1190 4964 1283 5046 jurati
1309 4963 1434 5045 adjudi-

1304 5078 1344 5120 ta
