3142 5356
560 358 647 416 Anno
667 368 758 434 1397·
1251 378 1290 440 95

136 570 215 632 Item
232 569 352 631 Paulus
368 589 462 631 cecus
475 566 560 630 filius
577 567 697 630 Endrei
712 582 800 630 sutor
817 567 950 630 donavit
966 569 1139 650 quemdam
1158 568 1295 632 fundum

68 695 84 737 u
109 675 245 738 domum
270 696 361 738 suam
387 675 525 738 Johanni
549 695 670 756 genero
703 690 734 736 et
758 675 854 736 Lucie
880 674 944 736 filie
968 677 1045 754 suis,
1070 677 1154 738 inter
1177 675 1296 738 fundos

68 782 122 844 ruli
146 780 228 845 fabri
252 798 283 845 et
306 782 433 844 Nicolai
460 781 604 860 Kukech,
629 795 774 864 tempore
799 781 875 843 dicti
900 781 1065 847 Johannis.

134 888 212 951 Item
227 890 339 951 Petrus
351 887 436 950 filius
448 886 603 967 Matheus,
619 901 727 949 noster
742 887 892 967 concivis,
903 888 1108 950 medietatem
1126 888 1293 950 cuiusdam

68 995 120 1056 ndi
137 995 187 1056 sui
205 996 236 1056 in
255 1009 416 1077 postergo,
432 1014 527 1055 unam
547 1009 704 1076 quartam,
723 995 754 1055 in
771 995 998 1056 concambium
1014 995 1181 1056 cuiusdam
1198 995 1291 1057 vinee

68 1102 195 1163 inedicti
208 1101 264 1164 filii
281 1101 441 1179 Damiani,
455 1101 560 1162 eidem
578 1101 754 1163 Benedicto
768 1101 867 1178 dedit,
877 1114 1021 1183 tempore
1038 1101 1114 1162 dicti
1126 1100 1290 1164 Johannis.

135 1208 213 1269 item
246 1208 398 1270 Nicolaus
430 1206 572 1290 Mahnyn
605 1207 751 1269 vendidit
782 1207 945 1289 quandam
977 1207 1167 1290 particulam
1201 1208 1292 1269 vinee

68 1335 81 1375 e
108 1315 192 1376 inter
209 1314 318 1376 vineas
336 1313 455 1376 Mathei
474 1313 612 1375 Plauech
638 1328 668 1375 et
686 1312 818 1394 Georgii
837 1313 1046 1397 Popaninich,
1072 1314 1172 1376 Paulo
1189 1312 1293 1394 fabro,

68 1440 175 1504 npore
200 1420 275 1482 dicti
301 1419 467 1482 Johannis.

134 1526 212 1588 Item
244 1525 407 1589 Johannes
439 1525 583 1588 Plahtich
616 1539 647 1588 et
680 1526 811 1588 domina
845 1526 1045 1609 Margaretha
1079 1546 1209 1590 consors
1232 1546 1288 1588 sua

68 1633 245 1694 ndiderunt
270 1631 406 1695 fundum
432 1652 544 1694 eorum
570 1632 730 1694 desertum
754 1634 863 1695 Marco
889 1634 956 1696 filio
982 1633 1125 1716 Georgii,
1149 1648 1294 1716 tempore

68 1740 103 1802 :ti
132 1737 299 1801 Johannis.
1291 1732 1296 1743 “

134 1843 213 1906 item
238 1845 384 1906 Andreas
408 1842 494 1906 filius
519 1843 636 1927 Stepan
662 1860 693 1907 et
717 1844 814 1906 luana
843 1865 975 1907 consors
998 1866 1055 1908 sua
1079 1847 1225 1909 vendidit
1248 1847 1293 1908 vi·

68 1971 120 2014 arn
150 1970 263 2013 eorum
288 1950 425 2013 luanech
451 1952 537 2013 dicto
563 1951 710 2031 Obalize,
735 1965 880 2035 ternpore
905 1952 981 2015 dieti
1006 1953 1172 2016 Johannis.

135 2058 213 2120 item
246 2058 333 2139 quod
365 2058 439 2139 quia
474 2056 633 2139 Georgius
668 2059 803 2121 clericus
841 2057 927 2120 filius
958 2059 1096 2121 condam
1128 2059 1292 2121 Valentini

69 2165 156 2228 rend
182 2164 269 2243 dicti,
295 2164 326 2224 id
351 2164 616 2226 testamentaliter
640 2165 882 2243 demonstravit,
907 2165 995 2247 quod
1019 2166 1079 2226 sibi
1104 2179 1193 2247 pater
1217 2184 1293 2226 suus

68 2272 195 2334 edictus
218 2270 278 2331 sibi
303 2270 383 2331 duas
407 2287 512 2351 partes
543 2270 660 2332 domus
692 2291 747 2332 sue
773 2284 803 2332 et
827 2272 954 2333 vineam
986 2291 1022 2332 ac
1046 2270 1211 2352 (mortum,
1235 2291 1293 2334 nec

68 2399 90 2440 n
119 2376 282 2460 (hioreum
308 2376 463 2458 (legavit),
490 2377 564 2437 ideo
589 2397 647 2437 nos
680 2378 786 2438 eidem
812 2377 955 2459 Georgio
980 2377 1200 2438 commisimus
1223 2397 1293 2458 per-

68 2499 126 2545 tuo
152 2482 357 2565 possidenda,
380 2495 526 2563 tempore
557 2482 632 2543 dicti
659 2482 824 2545 Johannis.

134 2588 213 2649 ltem
238 2588 323 2650 idem
350 2588 511 2670 Georgius
532 2591 755 2671 comprobavit
772 2590 871 2652 modo
896 2590 992 2651 simili
1018 2589 1293 2670 testamentaliter,

69 2695 116 2757 od
141 2694 201 2757 sibi
226 2707 315 2776 pater
339 2715 415 2756 suus
439 2714 536 2757 unam
560 2709 677 2756 terram
711 2696 841 2777 legavit,
866 2715 963 2777 quam
987 2696 1047 2756 sibi
1072 2695 1294 2757 commisimus

68 2815 185 2884 rpetuo
208 2801 449 2882 possidendam,
472 2814 618 2883 tempore
644 2802 720 2863 dicti
745 2801 910 2866 Johannis.

135 2907 213 2968 item
248 2909 373 2969 Marcus
405 2908 520 2989 Kuyair
553 2908 716 2988 quandam
751 2908 886 2970 domum
918 2928 1008 2969 suam
1032 2908 1178 2970 vendidit
1201 2909 1291 2971 Jaco-

68 3033 105 3075 to
131 3012 200 3074 filio
226 3013 385 3076 Francisci
409 3014 447 3074 de
466 3014 632 3075 Placentia
651 3034 709 3096 pro
727 3030 856 3076 centum
880 3014 1008 3076 duobus
1024 3013 1093 3078 iior.
1117 3016 1196 3092 auri,
1213 3030 1292 3077 tem·

71 3140 106 3182 re
132 3119 208 3180 dicti
237 3119 402 3181 Johannis.

135 3225 214 3287 item
239 3225 390 3287 dominus
415 3226 576 3288 iohannes
600 3226 696 3307 judex
720 3228 884 3309 predictus
908 3227 1041 3289 donavit
1064 3227 1228 3308 quandam
1246 3229 1291 3289 vi-

68 3351 122 3394 am
147 3351 249 3410 suam,
283 3351 380 3412 quam
412 3334 611 3415 comparavit
640 3354 656 3394 a
689 3332 835 3395 Johanne
859 3333 928 3396 iilio
961 3334 1078 3396 Donati
1105 3349 1136 3395 et
1160 3334 1291 3397 domina

68 3437 230 3519 argaretha
255 3453 402 3499 consorte
431 3458 497 3517 sua,
529 3439 664 3521 provide
696 3439 827 3501 domine
852 3440 1027 3502 Katherine
1061 3454 1182 3518 vocate,
1215 3460 1291 3502 con·

68 3545 104 3607 rti
130 3564 199 3624 sue,
222 3559 367 3628 tempore
392 3546 467 3606 dicti
493 3547 657 3608 Johannis.

134 3651 212 3712 Item
238 3652 392 3713 Nicolaus
415 3650 500 3712 filius
525 3652 621 3712 Blasii
651 3666 681 3713 et
706 3652 807 3714 Elena
841 3673 972 3714 consors
995 3672 1051 3714 sua
1076 3653 1291 3715 vendiderunt

68 3759 165 3820 ndum
189 3777 300 3818 eorum
326 3757 467 3819 Chikoni
493 3759 619 3836 Latino,
643 3773 787 3839 tempore
812 3759 888 3820 dicti
914 3759 1077 3822 Johannis.

135 3864 212 3925 item
238 3864 386 3925 Vrbanus
401 3863 563 3925 aurifaber
583 3865 729 3925 vendidit
746 3865 880 3926 domurn
898 3886 988 3927 suam
1007 3867 1146 3928 Martino
1164 3867 1291 3945 claudo,

68 3971 153 4048 rtori,
177 3984 323 4052 tempore
346 3970 423 4030 dicti
449 3970 614 4032 Johannis.

133 4077 211 4137 item
245 4077 445 4159 Margaretha
475 4078 584 4138 relicta
617 4078 695 4138 olim
722 4078 832 4139 Jasliui
866 4079 997 4159 pictoris
1020 4079 1204 4161 propinavit
1234 4099 1290 4140 seu

68 4183 146 4264 gavit
182 4183 326 4245 Cristane
359 4204 415 4245 sue
449 4198 584 4264 cognate
618 4183 780 4264 quandam
811 4185 944 4245 domum
978 4185 1010 4245 in
1040 4185 1187 4246 exteriori
1219 4185 1290 4246 vico

68 4292 139 4353 btus
163 4309 301 4368 murum,
325 4304 469 4372 tempore
495 4290 571 4350 dicti
597 4289 762 4354 Johannis.

134 4396 211 4457 Item
246 4397 348 4457 Lucas
381 4395 519 4456 carnifex
553 4397 816 4457 concambialiter
847 4397 935 4457 dedit
967 4396 1100 4457 domum
1125 4415 1214 4457 suam
1239 4396 1288 4458 Ja-

68 4506 110 4566 bo
135 4504 254 4583 Bisitup
279 4502 375 4581 dicto,
399 4523 457 4584 pro
483 4503 620 4583 quadam
655 4503 716 4563 alia
742 4503 840 4564 domo
876 4504 974 4584 ipsius
998 4504 1120 4583 iacobi,
1144 4519 1289 4586 tempore

68 4610 105 4673 cti
131 4608 296 4672 Johannis.

133 4715 212 4778 item
232 4716 445 4776 vendiderunt
470 4715 631 4777 iohannes
655 4714 740 4776 filius
766 4715 855 4776 Pauli
890 4716 1027 4776 condam
1053 4715 1148 4796 judex
1182 4730 1212 4778 et
1236 4717 1288 4778 Jo-

70 4843 150 4886 nnes
172 4821 258 4884 filius
282 4823 448 4901 Hermani,
466 4837 651 4885 executores
675 4823 856 4885 testamenti
874 4823 952 4884 olim
977 4823 1054 4893 luan
1080 4821 1183 4884 Joffan
1202 4823 1289 4902 dicti,
