3156 5364
553 522 640 579 Anno
655 518 753 595 1506.-
780 555 821 564 -
842 517 895 581 28.
912 522 1067 596 januarii.
1389 535 1458 605 157¹

283 732 425 794 Demum
441 751 519 793 vero
537 732 591 793 uhi
609 734 677 813 ipse
696 721 821 797 Blasius
844 753 956 816 sporar
972 736 1006 795 i‘n
1024 734 1121 816 pleno
1139 734 1275 795 consilio
1292 748 1322 795 et
1339 753 1465 796 coram·

181 851 242 899 tota
268 838 502 900 communitate
525 826 636 899 contra
655 838 795 899 eundem
822 840 1022 923 Stephanum
1040 839 1120 900 dixit
1143 852 1174 900 et
1197 841 1367 922 proposuit
1390 840 1448 903 hec

180 946 283 1023 verba,
311 943 478 1026 quomodo
504 944 571 1026 ipse
597 943 781 1025 Stephanus
806 946 947 1025 dixisset,
972 946 1060 1027 quod
1078 964 1192 1007 ornnes
1215 947 1348 1015 ancillas
1371 946 1447 1008 civi·

179 1051 248 1112 tatis
272 1050 524 1128 dehonestasset,
549 1049 610 1112 hoc
632 1063 761 1129 tamen,
793 1051 840 1112 uti
873 1052 960 1114 idem
986 1051 1110 1113 Blasius
1141 1052 1252 1113 asserit
1274 1052 1340 1113 sibi·
1360 1052 1454 1119 solus

178 1156 307 1219 dixisset
331 1172 362 1217 et
386 1176 491 1238 neque
510 1159 645 1238 probare
670 1157 785 1238 potuit,
803 1157 987 1219 hortamen
1009 1157 1073 1218 tale
1090 1157 1178 1218 zelus
1201 1171 1233 1219 et
1256 1158 1463 1221 scandalum

178 1270 307 1344 propter
329 1262 487 1324 honorem
512 1262 648 1323 civitatis
672 1262 900 1325 dimittendum
919 1282 983 1325 non
1004 1256 1069 1342 est,
1085 1262 1180 1344 jurati
1203 1263 1439 1344 adjudicarunt,
1461 1308 1463 1312 ι

177 1368 265 1450 quod
285 1369 353 1451 ipse
379 1369 561 1451 Stephanus
585 1368 830 1450 quintodecimo
847 1370 898 1430 die
922 1370 1182 1431 tredecimusmet
1198 1363 1262 1431 sibi
1283 1362 1443 1432 similibus

177 1475 306 1537 debebit
329 1475 445 1558 jurare,
474 1475 562 1557 quod
589 1475 656 1557 ipse
689 1475 817 1537 easdem
849 1476 982 1537 minime
1014 1476 1255 1538 dehonestasset
1284 1471 1447 1540 etcontra

179 1581 308 1643 easdem
332 1581 463 1644 dixisset
487 1582 669 1662 quitquam,
700 1582 726 1643 si
751 1581 903 1661 juraverit
927 1583 1117 1664 expurgabit
1147 1603 1192 1661 se,
1217 1583 1243 1645 si
1267 1603 1344 1646 vero
1370 1598 1447 1664 non',

178 1703 292 1751 extunc
317 1687 432 1751 eodem
458 1688 509 1749 die
534 1707 592 1770 pro
617 1688 684 1770 ipsa
710 1686 842 1750 infamia
867 1688 964 1771 plecti
988 1690 1091 1771 capite
1108 1690 1241 1752 tdebeat.

284 1793 409 1856 Eodem
442 1794 495 1855 die
520 1813 614 1855 causa
647 1794 729 1855 inter
761 1795 853 1856 Hans
886 1793 1096 1874 aurifabrum,
1129 1795 1220 1857 Hans
1243 1797 1376 1876 sniczar,
1407 1798 1448 1859 ab

182 1920 255 1980 una,
280 1914 311 1962 et
335 1901 490 1963 Mathiam
522 1899 707 1983 pellificem,
741 1900 942 1983 Stephanum
975 1899 1103 1962 fratrem
1137 1901 1258 1964 Mathie
1281 1901 1449 1984 freniparis

180 2027 213 2069 ac
237 2007 310 2069 aliis
334 2027 407 2069 cum
443 2007 602 2069 consociis
638 2006 802 2086 eiusdem,
834 2008 874 2069 ab
911 2007 1020 2086 altera,
1053 2007 1181 2069 racione
1211 2008 1386 2069 invasionis
1417 2022 1448 2070 et

179 2115 393 2196 proieccionis
417 2115 450 2176 in
475 2114 610 2176 domum
635 2133 725 2175 suam
751 2134 787 2176 ac
811 2113 1049 2175 vulneracionis
1065 2114 1266 2194 eorumdem,
1290 2116 1345 2176 ubi
1369 2115 1447 2178 alle·

179 2221 298 2300 gabant
323 2220 398 2301 dicti
424 2233 548 2282 actores
570 2218 712 2302 prefatos
732 2220 884 2282 invadere
909 2234 940 2281 et
956 2220 1098 2303 proicere
1123 2219 1163 2281 ad
1189 2220 1323 2282 domum
1348 2221 1447 2303 ipsius

179 2324 279 2406 flans,
297 2326 401 2387 dictus
418 2346 494 2388 vero
512 2325 649 2388 Mathias
662 2346 735 2388 cum
753 2326 904 2389 comitiva
918 2347 974 2387 sua
993 2326 1025 2387 id
1040 2327 1178 2407 negabat
1193 2326 1249 2389 sed
1263 2329 1447 2390 asserebant

181 2432 344 2514 quosdam
362 2432 443 2494 alios
460 2433 592 2494 clientes
609 2432 760 2494 invadere
778 2446 808 2494 et
824 2433 968 2514 proicere
985 2433 1017 2493 in
1035 2432 1170 2494 domurn
1188 2452 1290 2512 suam,
1310 2433 1341 2494 id
1360 2434 1446 2495 testi·

179 2541 289 2601 monio
314 2541 518 2621 comprobari
533 2540 637 2602 dictus
651 2540 740 2601 Hans
759 2559 824 2601 non
837 2540 953 2622 potuit,
963 2540 1055 2622 jurati
1070 2540 1347 2621 adjudicaverunt,
1357 2541 1460 2628 quod,

178 2645 280 2709 dictus
295 2646 432 2708 Mathias
456 2665 528 2708 cum
542 2647 695 2708 comitiva
719 2667 776 2708 sua
794 2645 870 2708 feria
889 2661 975 2709 sexta
1000 2647 1185 2709 immediate
1204 2649 1351 2729 sequenti
1375 2648 1446 2730 qui·

176 2751 253 2815 libet
267 2754 413 2836 ipsorum
432 2753 464 2813 in
481 2772 534 2814 ara
551 2767 658 2814 sancte
677 2752 790 2814 Crucis
807 2753 1021 2833 juramentum
1040 2768 1180 2836 prestare
1201 2755 1341 2832 debebit,
1356 2754 1445 2836 quod

174 2876 231 2922 nec
258 2859 398 2922 consilio
423 2878 481 2920 nec
506 2858 590 2922 facto
615 2873 646 2922 et
663 2879 768 2940 neque
793 2861 958 2921 voluntate
976 2861 1115 2922 nocendi
1141 2861 1217 2943 ipsis
1241 2862 1374 2923 minime
1391 2862 1445 2922 ha·

170 2963 316 3030 buerunt
341 2980 373 3027 et
396 2985 502 3047 neque
516 2966 580 3028 illis
596 2966 769 3027 clientibus
785 2985 881 3048 super
899 2964 959 3027 hoc
977 2967 1208 3029 consuluerunt
1232 2981 1262 3028 et
1286 2967 1330 3028 sic
1347 2967 1444 3055 iidem

165 3074 452 3158 expurgabantur.
477 3072 542 3135 Ubi
559 3092 635 3134 vero
660 3070 802 3154 prefatus
825 3072 914 3133 Hans
931 3071 1091 3133 aurifaber
1116 3092 1188 3134 curn
1207 3074 1365 3135 consociis
1381 3074 1447 3135 suis

158 3181 347 3262 allegabat,
369 3178 457 3258 quod
490 3178 588 3239 iidem
614 3178 654 3239 ad
686 3192 822 3240 teatrum
856 3197 920 3239 non
953 3178 1016 3239 alia
1048 3179 1088 3239 de
1119 3198 1213 3240 causa
1245 3199 1319 3240 cum
1350 3180 1447 3241 armis

157 3287 361 3362 veniebant,
386 3283 442 3344 sed
466 3297 501 3345 nt
532 3284 666 3345 domino
698 3284 796 3365 judici
829 3304 925 3366 super
953 3284 1138 3346 huiusmodi
1171 3286 1337 3347 invasione
1370 3306 1445 3348 con·

152 3390 266 3476 queri
293 3389 465 3465 volebant;
492 3389 546 3450 ubi
571 3408 647 3450 vero
672 3389 786 3472 prefati
813 3390 949 3451 Mathias
967 3389 1097 3473 pellifex
1122 3411 1195 3453 cum
1220 3393 1371 3453 comitiva
1389 3412 1445 3454 sua

153 3493 199 3562 in
229 3510 337 3559 teatro
369 3496 508 3557 existens
539 3514 612 3556 cum
645 3494 775 3578 prefatis
806 3497 989 3576 clientibus,
1021 3497 1131 3578 ibique
1168 3517 1250 3559 unus
1281 3498 1320 3559 ad
1346 3499 1445 3560 alium

153 3599 332 3668 irruendo
357 3615 388 3664 et
412 3601 557 3683 quolibet
580 3602 724 3684 parcium
751 3603 781 3662 in
807 3603 864 3664 illo
896 3603 1046 3665 conflicto
1069 3605 1202 3665 vulnera
1226 3605 1378 3684 tolerunt,
1403 3606 1445 3667 ob

153 3705 235 3774 hoc
261 3708 362 3769 iidem
388 3707 480 3787 jurati
506 3707 740 3788 adjudicarunt,
773 3709 861 3790 quod
887 3710 1030 3790 quelibet
1062 3711 1205 3792 parcium
1230 3711 1363 3772 vulnera
1388 3732 1444 3772 sua

154 3816 331 3878 tollerant
355 3828 385 3875 et
416 3814 605 3892 sustineant,
638 3828 669 3876 et
700 3816 725 3874 si
752 3815 782 3875 itt
816 3835 966 3897 processu
998 3817 1152 3897 temporis
1184 3817 1259 3878 dicti
1285 3817 1441 3879 vulnerati

154 3918 320 4006 ipsorum
345 3920 566 3982 verberatores
591 3920 726 3981 inveniri
745 3922 895 4003 poterint,
920 3935 1058 3984 extunc
1087 3922 1216 3983 eosdem
1242 3923 1342 3984 libere
1371 3944 1441 4006 per·

155 4029 324 4112 quitant3
348 4027 402 4088 ubi
427 4046 504 4088 vero
529 4027 673 4107 quelibet
696 4028 841 4109 parcium
859 4047 923 4089 non
949 4048 1063 4090 curans
1087 4029 1177 4089 teatri
1207 4029 1389 4090 libertatem
1415 4044 1447 4091 et

161 4134 315 4198 civitatis
338 4133 393 4194 sad
419 4133 544 4194 irruens
578 4154 660 4194 unus
692 4134 732 4195 ad
765 4135 864 4196 alium
895 4149 1061 4216 tamquam
1094 4136 1232 4197 exterius
1255 4136 1287 4197 in
1320 4156 1446 4218 campo,

163 4240 249 4305 ideo
275 4240 413 4321 quilibet
438 4241 581 4322 ipsorum
607 4260 751 4302 seorsum
777 4261 835 4322 pro
859 4242 1005 4303 libertate
1023 4242 1160 4303 civitatis
1188 4243 1275 4322 regie
1301 4256 1347 4303 est
1370 4261 1445 4303 con-

167 4349 278 4411 victus
303 4347 335 4408 in
360 4367 423 4408 una
449 4367 574 4424 marca;
600 4363 629 4408 et
654 4348 698 4409 sic
723 4347 863 4430 prefatus
888 4349 978 4409 Hans
1002 4347 1163 4410 aurifaber
1188 4369 1253 4410 non
1278 4364 1446 4411 contentus

168 4453 211 4514 de
237 4451 361 4533 judicio
385 4452 563 4533 juratorum
589 4454 643 4514 sed
669 4454 843 4536 appellavit
867 4454 907 4515 ad
931 4456 1083 4516 seniores.

254 4602 352 4676 Feria
382 4604 508 4694 quarta
538 4608 690 4694 proxima
720 4614 797 4694 post
826 4606 948 4677 festum
978 4605 1066 4678 beati
1097 4604 1191 4676 Pauli
1220 4606 1366 4694 apostoli

691 4727 932 4800 Conversionis.

687 4861 756 4941 (28.
773 4864 942 4940 januarii).

285 4986 437 5049 Seniores
460 4985 582 5067 judices
605 5006 732 5048 causam
766 4988 848 5048 inter
872 4987 1053 5050 lohannem
1078 4987 1244 5051 literatum
1268 5002 1302 5051 et
1322 4986 1451 5070 Grego-

178 5093 261 5154 rinm
285 5106 428 5156 sutorem
452 5093 580 5155 racione
592 5095 810 5175 percussionis
830 5111 862 5161 et
879 5097 1142 5183 vulnerationis,
1152 5112 1256 5188 prout
1276 5099 1317 5163 in
1340 5095 1476 5182 adqudt·
