3142 5356
686 328 772 388 Anno
794 342 886 406 1392.

257 541 335 602 Item
362 539 513 602 Nicolaus
542 555 572 600 et
598 539 695 600 Lucia
730 540 945 602 vendiderunt
979 539 1116 601 fundum
1142 541 1285 623 ipsorum
1313 541 1424 603 Eliza·

151 646 238 725 beth,
261 662 408 730 tempore
432 646 594 727 judicatus
619 645 695 707 dicti
722 645 889 707 Iohannis.

258 754 334 814 Item
361 753 488 814 nobiles
511 753 570 813 viri
595 752 739 833 magistri
764 751 917 813 Nicolaus
934 766 965 813 et
990 753 1171 834 Stephanus
1195 751 1253 814 filii
1279 754 1361 815 Wlk
1381 755 1424 816 de

152 860 257 923 Obres
279 859 496 921 vendiderunt
520 856 656 919 fundum
687 859 830 938 ipsorum
863 860 1017 940 magistro
1044 859 1215 921 Francisco
1239 858 1310 921 filio
1337 861 1425 922 Petri

152 967 191 1028 de
217 964 320 1042 Cheh,
344 980 489 1046 tempore
515 963 674 1044 judicatus
698 964 774 1026 dicti
800 963 966 1028 Iohannis.

259 1072 335 1135 Item
362 1071 534 1134 chuethto
558 1070 704 1132 vendidit
734 1068 872 1135 fundum
896 1091 990 1133 suum
1017 1071 1184 1134 Elizabeth
1209 1071 1274 1133 filie
1300 1074 1430 1152 Koren,

152 1191 298 1260 tempore
323 1170 482 1258 judicatus
506 1176 582 1237 dicti
608 1175 774 1238 Iohannis.

258 1284 335 1345 Item
361 1283 523 1344 Iohannes
548 1282 639 1362 niger
664 1283 810 1345 vendidit
843 1282 981 1345 fundum
1006 1303 1099 1347 suum
1125 1285 1292 1346 Demetrio
1318 1285 1428 1347 VoleIt

152 1389 304 1466 carnifici,
329 1406 474 1471 tempore
499 1388 659 1470 judicatus
682 1389 759 1450 dicti
784 1389 949 1451 Iohannis.

259 1497 336 1558 Item
362 1495 455 1557 Ivaua
481 1495 640 1556 Zlocorda
665 1495 811 1556 vendidit
828 1495 964 1558 fundum
991 1497 1100 1574 Lucia,
1125 1497 1313 1558 auctoritate
1333 1517 1427 1559 corn-

152 1603 293 1666 missaria
320 1602 427 1664 Endre
452 1602 616 1679 citerriste,
640 1615 786 1684 tempore
811 1601 969 1682 judIcatus
993 1602 1069 1663 dicti
1095 1603 1260 1665 Iohannis.

259 1709 336 1771 Item
360 1708 448 1789 quod
482 1708 556 1788 quia
588 1706 750 1788 Georgius
781 1707 885 1768 dictus
919 1709 958 1770 de
984 1708 1139 1769 Rabouch
1174 1709 1205 1769 id
1230 1728 1287 1790 per
1311 1710 1428 1771 literas

152 1830 329 1878 conventus
359 1814 487 1876 claustri
521 1814 620 1875 sancti
655 1814 779 1874 Nicolai
813 1815 1056 1896 comprobavit,
1090 1830 1123 1875 ut
1156 1815 1223 1896 ipse
1255 1815 1428 1895 quandam

152 1938 268 1984 terram
294 1923 333 1983 ab
359 1920 473 1981 eodem
500 1933 661 1981 conventu
695 1935 921 2001 comparasset,
947 1921 1021 1981 ideo
1046 1919 1182 1981 eandem
1207 1920 1269 1980 sibi
1295 1921 1426 1982 dimisi-

154 2049 236 2105 mus,
259 2042 404 2109 tempore
429 2026 587 2107 judicatus
611 2025 688 2087 dicti
713 2026 880 2088 Iohannis.

257 2133 335 2195 Item
360 2131 416 2193 filii
442 2132 518 2193 Iuan
549 2130 589 2192 de
622 2132 820 2193 Brezouicha
852 2132 1069 2194 vendiderunt
1093 2130 1247 2214 (hlortum
1274 2132 1426 2213 ipsorum

153 2240 296 2320 Georgio
324 2237 485 2314 Racouch,
510 2252 655 2319 tempore
680 2236 837 2317 judicatus
862 2239 937 2298 dicti
963 2238 1128 2300 Iohannis.

260 2345 337 2406 Item
363 2344 516 2405 Nicolaus
539 2343 666 2404 villicus
690 2344 729 2403 de
755 2343 901 2404 Chichan
927 2344 1083 2423 obligavit
1108 2364 1140 2404 se
1165 2342 1343 2405 defendere
1369 2344 1425 2404 Jo-

153 2451 292 2512 hannem
304 2449 496 2511 modernum
512 2449 649 2528 judicem
666 2469 738 2510 cum
752 2448 854 2510 fundo
869 2469 965 2531 quem
980 2448 1161 2511 emitafilio
1178 2449 1427 2531 Wlkouoyech,

153 2571 299 2637 tempore
324 2555 483 2635 judicatus
507 2554 583 2616 dicti
608 2555 774 2617 Iohannis.

259 2662 338 2724 Item
372 2661 572 2722 honorabilis
604 2661 652 2721 vir
683 2661 836 2722 dominus
861 2660 990 2742 Mathey
1023 2660 1204 2742 prepositus
1229 2659 1268 2721 de
1293 2659 1425 2740 Byenik

153 2768 298 2829 vendidit
329 2765 465 2828 fundum
498 2786 592 2827 suum
625 2767 763 2828 Iohanni
796 2768 955 2829 moderno
975 2767 1084 2848 iudIci
1118 2781 1239 2842 nostro,
1271 2779 1423 2846 tempore

154 2876 312 2956 judicatus
335 2875 490 2935 eiusdem.

257 2980 333 3042 Item
371 2979 548 3060 Gregorius
586 2979 826 3041 Pundicheuich
860 2980 1057 3041 condonavit
1092 2979 1192 3040 Elene
1232 2978 1323 3039 uxori
1362 2998 1422 3039 sue

152 3087 356 3148 medietatem
383 3085 473 3146 fundi
499 3086 547 3146 sui
573 3099 604 3147 et
627 3086 760 3161 cellarii,
785 3100 930 3167 tempore
955 3086 1030 3146 dicti
1056 3085 1222 3162 Iohannis,
1247 3084 1419 3156 meliorem

152 3207 286 3275 partem.

256 3300 333 3360 Item
367 3299 451 3360 idern
478 3297 654 3378 Gregorius
679 3299 768 3359 dedit
792 3298 896 3359 eidem
924 3298 1023 3359 Elene
1058 3297 1228 3358 uxorisne
1261 3295 1358 3357 vinee
1385 3311 1419 3359 et

150 3405 285 3488 (h)ortus
310 3405 525 3480 medietatem,
550 3419 694 3485 tempore
719 3404 794 3466 dicti
820 3403 984 3466 Iohannis.

257 3512 333 3572 Item
347 3510 522 3590 Gregorius
537 3510 706 3570 candianus
723 3511 812 3571 dedit
829 3510 905 3571 Iuan
924 3510 1050 3571 vineam
1064 3529 1160 3570 unam
1180 3508 1254 3570 dicti
1273 3508 1419 3586 claustri,

151 3634 184 3681 ut
208 3618 342 3699 sIngulis
366 3617 457 3677 annis
474 3617 603 3696 triginta
628 3618 771 3697 quinque
797 3617 933 3677 cubulos
949 3617 1014 3676 vini
1040 3616 1144 3676 eidem
1171 3616 1309 3677 claustro
1327 3616 1416 3677 idem

151 3729 225 3787 dare
251 3725 423 3801 tenebitur,
446 3738 591 3804 tempore
615 3723 689 3783 dicti
715 3723 880 3785 Iohannis.

256 3830 333 3891 Item
361 3830 555 3891 Benedictus
586 3827 671 3889 filius
697 3829 852 3889 Saronich
885 3828 1147 3890 concambialiter
1172 3827 1261 3889 dedit
1293 3828 1417 3890 medie·

149 3951 246 4000 tatem
266 3936 431 3998 cuiusdam
447 3935 538 3996 fundi
556 3936 604 3995 sui
619 3935 802 4011 Valentin0,
821 3950 965 4016 tempore
979 3934 1137 4015 judicatus
1154 3932 1229 3996 dicti
1247 3933 1417 3995 Iohannis.

256 4043 332 4104 Item
360 4043 543 4103 Anthonius
571 4040 716 4101 vendidit
749 4039 884 4101 fundum
918 4061 1010 4102 suum
1037 4041 1173 4102 Nicolao
1196 4040 1311 4118 sutori,
1333 4053 1416 4103 tem·

148 4169 227 4232 pore
252 4149 327 4210 dicti
357 4148 522 4209 Iohannis.

256 4255 331 4318 Item
360 4254 541 4336 Stephanus
574 4252 715 4335 Drasych
749 4253 894 4315 vendidit
917 4253 1055 4314 Iohanni
1086 4253 1187 4314 sutori
1213 4271 1314 4313 unum
1341 4251 1400 4314 iun

149 4363 224 4422 durn
252 4382 309 4442 pro
334 4361 451 4421 debitis
477 4361 577 4420 Kussa
604 4359 758 4436 mulieris,
783 4374 928 4440 tempore
953 4361 1028 4420 dicti
1055 4359 1220 4421 Iohannis.

257 4468 333 4528 Item
359 4466 433 4527 Ivan
460 4465 649 4527 Locotarich
682 4466 826 4526 vendidit
851 4465 987 4529 fundum
1020 4486 1112 4528 suum
1138 4466 1266 4527 Andree
1300 4468 1417 4545 sutori,

148 4589 294 4656 tempore
320 4574 394 4635 dicti
421 4573 584 4635 Iohannis.

253 4680 331 4741 Item
357 4679 446 4760 quod
471 4679 546 4759 quia
573 4678 763 4740 Valentinus
788 4679 818 4738 id
844 4679 1076 4759 comprobavit,
1101 4691 1135 4739 ut
1159 4677 1300 4760 quedam
1318 4679 1416 4742 viuea

147 4787 207 4848 sibi
234 4787 418 4868 pertiueret,
446 4786 520 4846 ideo
537 4786 672 4847 eandem
698 4785 758 4845 sibi
773 4785 964 4862 dImisimus,
981 4799 1126 4866 ternpore
1151 4784 1228 4846 dicti
1244 4783 1416 4851 Iohannis.
