3156 5364
160 470 217 531 186
543 470 631 528 Anno
653 480 745 545 1509.
771 502 811 512 -
836 483 887 530 20.
911 469 1030 542 aprilis.

440 576 820 583 .-—..—-.————-.
861 576 940 582 -.-

153 682 328 763 juramenti
354 681 508 743 medietas
531 681 615 742 dicte
640 682 732 742 vinee
751 679 981 763 perpetualiter
1006 679 1273 759 adjudicavimus,
1297 682 1322 742 si
1347 701 1423 743 vero

153 790 261 871 jurare
276 790 388 867 nollet,
407 804 522 850 extunc
540 789 622 850 dicta
641 788 797 849 medietas
821 787 905 848 dicte
923 786 1015 848 vinee
1034 786 1124 848 cedet
1140 785 1266 869 prefato
1284 788 1424 851 Thome.

220 1026 317 1102 Feria
345 1036 442 1100 sexta
471 1031 624 1118 proxima
653 1037 730 1099 ante
759 1027 883 1098 festum
913 1025 1002 1098 beati
1032 1025 1162 1115 Georgii
1191 1021 1358 1098 martiris.

680 1201 745 1273 (20.
769 1200 899 1272 aprilis).

262 1358 399 1420 Michael
425 1356 636 1440 Opprasnycb
670 1371 779 1419 contra
804 1357 1013 1418 Dominicum
1040 1356 1215 1440 Perowych
1251 1357 1357 1439 primo
1383 1359 1423 1419 ci·

85 1463 87 1467 ’
155 1477 240 1526 tatus
264 1484 329 1525 non
354 1465 544 1546 comparuit.

261 1588 365 1651 Causa
399 1590 481 1650 inter
506 1588 675 1650 Nicolaum
710 1587 907 1669 pulsatorem
942 1602 972 1649 et
1003 1586 1183 1668 Georgium
1209 1586 1352 1649 Gwdecz
1377 1609 1422 1649 ra·

150 1695 257 1758 reione
282 1696 469 1757 succisionis
493 1709 651 1756 certorum
677 1693 778 1755 vitum
804 1695 835 1755 in
860 1694 952 1755 vinea
986 1693 1062 1755 dicti
1087 1693 1225 1772 Nicolai‚
1250 1693 1344 1774 jurati
1369 1696 1422 1756 ad·

166 1802 386 1880 udicaverunt,
408 1801 496 1883 quod
530 1799 671 1883 prefatus
696 1799 856 1880 Georgius
889 1819 962 1861 cum
996 1799 1066 1860 aliis
1098 1800 1193 1861 sociis
1218 1800 1365 1862 eiusdem
1390 1802 1422 1863 in

148 1908 244 1970 altari
269 1922 376 1970 sancte
401 1908 515 1970 Crucis
539 1921 655 1969 octavo
679 1907 731 1968 die
756 1927 773 1968 a
799 1906 851 1968 die
876 1907 1078 1988 presencium
1105 1906 1208 1987 jurare
1234 1907 1364 1985 debent,
1381 1908 1422 1969 ita

151 2028 271 2094 tamen,
296 2015 385 2096 quod
418 2016 504 2076 idem
538 2033 602 2075 non
636 2032 729 2075 causa
762 2013 892 2093 majoris
923 2014 1066 2094 ipsorum
1100 2013 1179 2073 lucri
1210 2013 1312 2075 dictas
1344 2015 1423 2076 vites

152 2121 350 2183 socciserunt
372 2121 427 2182 sed
452 2135 610 2203 quantum
635 2140 691 2201 per
715 2120 977 2181 commissionem
1004 2135 1034 2181 et
1059 2117 1328 2182 informacionem
1346 2123 1422 2183 dicti

154 2228 292 2306 Nicolai,
317 2228 392 2308 quia
418 2227 502 2288 idem
529 2227 681 2288 Nicolaus
702 2227 906 2287 commiserat
923 2226 1023 2287 dictas
1047 2226 1128 2286 vites
1145 2226 1267 2287 succidi
1294 2242 1326 2288 et
1343 2228 1422 2289 vites

153 2334 228 2395 anni
253 2333 406 2416 preteriti,
439 2353 520 2415 quos
543 2334 574 2394 in
600 2332 660 2394 hoc
692 2352 778 2393 auno
806 2332 846 2392 ad
877 2345 994 2392 terrant
1020 2332 1142 2412 imponi
1180 2351 1246 2393 non
1271 2332 1421 2412 habeant,

153 2459 266 2501 omnes
290 2439 410 2502 succidi
436 2439 624 2501 debeantur.

181 2642 186 2649 ι
259 2565 364 2628 Causa
389 2566 495 2648 (inter)
520 2566 729 2627 Dominicum
755 2565 939 2649 Perowych,
962 2565 1162 2647 Stephanum
1186 2565 1336 2627 similiter
1360 2564 1422 2629 fra·

151 2684 232 2733 trem
256 2671 412 2733 iohannis
429 2671 673 2754 Thyslarychne
691 2685 722 2732 et
747 2672 876 2733 Petrum
895 2671 934 2733 de
952 2671 1146 2733 Werhowcz
1163 2672 1291 2733 racione
1309 2687 1422 2736 mutue

152 2779 412 2861 vituperacionis,
437 2779 526 2860 quod
551 2799 589 2840 ex
613 2799 678 2860 quo
709 2793 842 2859 utraque
876 2798 948 2859 pars
971 2777 1152 2839 habuerunt
1184 2791 1314 2840 mutuas
1338 2780 1421 2842 vitu·

151 2886 339 2968 peraciones
356 2885 429 2946 ideo
447 2885 586 2946 vicissim
612 2899 643 2947 et
657 2898 768 2947 mutue
785 2885 981 2961 sustineaut;
1006 2885 1060 2946 ubi
1075 2905 1151 2947 vero
1176 2885 1280 2947 dictus
1297 2886 1422 2966 Petrus,

152 2991 192 3054 sd
216 2992 412 3074 peticionem
438 2990 551 3074 prefati
571 2991 722 3073 Stephani
746 3005 867 3053 vestem
893 2992 932 3052 de
950 2992 1081 3053 vinculo
1098 2993 1226 3054 abscisit
1243 2993 1295 3054 vel
1320 2995 1422 3056 secuit

151 3098 347 3180 peticionem
378 3097 522 3158 eiusdem
555 3098 748 3179 complevit;
780 3099 833 3160 ubi
865 3117 942 3158 vero
967 3117 1050 3159 unus
1083 3098 1220 3161 alterum
1252 3099 1421 3182 vituperiis

152 3203 268 3283 affecit,
293 3218 427 3284 utraque
455 3224 527 3286 pars
551 3205 697 3266 convicta
722 3218 768 3266 est
793 3204 825 3264 in
850 3218 981 3265 centum
1005 3204 1145 3266 denariis
1168 3204 1280 3286 judici.

258 3329 336 3391 Item
360 3343 426 3390 tota
459 3329 674 3391 communitas
706 3329 825 3390 civium
859 3329 942 3390 dicte
974 3329 1111 3392 civitatis
1136 3329 1420 3411 Montisgrecensis

152 3435 301 3498 videlicet
324 3434 419 3517 judex
445 3435 629 3514 modernus,
661 3435 765 3516 jurati,
798 3436 991 3514 consiliarii,
1020 3436 1163 3497 seniores
1195 3435 1329 3516 judices,
1353 3451 1419 3498 tam

152 3543 294 3604 seniores
318 3542 411 3623 jurati
436 3563 533 3624 quam
559 3542 704 3603 moderni
731 3556 762 3603 et
783 3543 921 3603 universi
947 3543 1033 3602 cives
1049 3562 1085 3604 ac
1110 3556 1174 3603 tota
1200 3544 1418 3605 communitas

151 3649 247 3710 simul
271 3668 393 3731 pauper
417 3661 448 3710 et
472 3648 561 3708 dives
594 3648 634 3708 de
663 3649 819 3727 unanimi,
852 3649 1070 3730 concordique
1096 3662 1126 3710 et
1157 3648 1224 3730 pari
1250 3648 1417 3712 voluntate

152 3756 192 3817 ad
217 3754 437 3837 infrascriptos
461 3756 613 3816 articulos
636 3755 770 3816 amodo
796 3775 897 3836 usque
922 3756 953 3816 in
978 3770 1170 3838 perpetuum
1195 3757 1419 3818 observandos

151 3864 211 3924 sub
234 3883 317 3944 pena
350 3861 549 3944 infrascripta
583 3862 835 3924 irrevocabiliter
863 3877 894 3925 et
924 3863 1156 3926 inviolabiliter
1180 3863 1418 3945 constituimus,

153 3969 459 4050 ordinavimusque:

258 4093 335 4155 ltem
362 4094 486 4175 primus
510 4093 672 4155 articulus.
698 4095 796 4168 Quod
814 4095 1010 4175 quicumque
1035 4109 1193 4157 mercator
1217 4115 1274 4157 seu
1291 4096 1419 4159 institor

151 4201 358 4281 concivisque
394 4213 503 4262 noster
535 4200 690 4278 existens,
723 4202 761 4262 ad
796 4201 983 4282 Capitulum
1023 4202 1157 4262 mercari
1189 4221 1246 4263 seu
1277 4204 1419 4266 vendere

153 4325 376 4388 quascumque
401 4326 451 4367 res
483 4321 537 4367 aut
569 4307 681 4387 quevis
714 4308 923 4368 mercimonia
947 4308 1131 4369 vendicioni
1165 4327 1327 4390 exponere
1352 4310 1421 4389 iret,

150 4412 211 4473 nisi
233 4425 382 4494 tempore
408 4412 637 4491 nundinarum,
661 4433 719 4494 pro
744 4414 846 4495 prima
874 4415 1125 4495 transgressione
1151 4433 1249 4475 unam
1274 4417 1420 4477 markam

151 4519 370 4596 denariorum,
403 4519 544 4579 mediam
578 4534 700 4600 partem
724 4519 823 4600 judici
856 4521 996 4580 mediam
1030 4540 1106 4582 vero
1139 4519 1179 4580 ad
1204 4540 1298 4581 usum
1333 4541 1421 4583 com-

154 4623 321 4684 munitatis
344 4625 523 4705 persolvat;
548 4645 605 4706 pro
633 4626 773 4686 secunda
799 4646 875 4686 vero
907 4627 1158 4708 transgressione
1184 4640 1215 4688 et
1238 4646 1297 4708 pro
1323 4630 1421 4691 tercia

151 4729 305 4805 totidem;
330 4733 418 4811 quod
443 4733 468 4792 si
494 4731 589 4811 judex
613 4752 687 4793 cum
704 4733 768 4794 suis
792 4733 903 4813 juratis
927 4735 966 4795 ad
992 4735 1212 4817 accipiendam
1229 4734 1419 4799 huiusmodi

151 4857 269 4919 penam
295 4839 423 4920 tepidus
440 4853 530 4917 esset,
555 4853 669 4901 extunc
695 4840 780 4901 idem
798 4840 893 4920 judex
910 4861 1027 4922 penam
1052 4841 1240 4903 huiusmodi
1265 4842 1305 4904 ad
1325 4863 1421 4906 usum

154 4946 395 5007 communitatis
420 4947 593 5028 persolvat.
