3142 5356
159 307 218 368 ¹40
686 290 886 362 Ann01427.

260 499 335 559 ltem
355 497 429 578 quia
451 495 611 577 Georgius
629 494 808 576 lutifigulus
824 493 908 556 lilius
926 493 1093 572 Anthonii,
1118 495 1151 556 id
1168 495 1269 557 literis
1293 495 1412 577 privile·

151 605 291 685 gialibus
309 604 445 664 civitatis
461 603 696 684 comprobavit,
717 616 750 662 ut
768 621 864 662 unam
883 601 1090 662 medietatem
1109 601 1277 663 cuiusdam
1296 601 1414 679 domus,

154 711 244 772 fundi
270 727 301 771 et
326 709 561 785 hedificiorum,
579 728 676 770 unam
695 723 840 789 quartam
859 707 1065 785 anteriorem,
1090 728 1106 768 a
1124 709 1258 788 provida
1284 708 1415 769 condam

153 818 287 878 muliere
314 815 514 897 Margarethe
541 815 650 876 relicta
676 815 812 875 condam
839 814 965 875 Nicolai
995 813 1145 895 lutifiguli
1173 814 1302 898 Oblyak
1335 815 1416 891 dicti,

152 924 218 1005 ipsa
245 924 372 982 vivente
398 941 456 1001 pro
480 935 603 1000 septem
634 921 748 980 marcis
782 919 988 980 denariorum
1021 933 1247 1001 comparasset,
1272 934 1303 980 et
1327 921 1416 980 aliam

152 1029 357 1090 medietatem
383 1027 529 1086 eiusdem
562 1027 679 1087 domus
711 1025 934 1107 posteriorem,
959 1044 1056 1085 unam
1089 1025 1238 1086 similiter
1263 1040 1417 1107 quartam,

152 1149 224 1214 post
256 1133 398 1215 predicte
431 1132 575 1192 mulieris
610 1132 734 1192 obitum
768 1151 784 1191 a
818 1131 1046 1191 commissariis
1078 1131 1224 1191 eiusdem
1250 1131 1367 1211 Egidio
1391 1145 1419 1190 et

145 1226 335 1320 “Augustino
360 1236 561 1298 carnificibus
593 1256 650 1318 pro
682 1237 926 1317 quatuordecim
961 1238 1075 1298 marcis
1099 1237 1307 1298 denariorum
1325 1237 1417 1318 plene

154 1346 325 1427 persolutis
351 1358 566 1425 comparasset
584 1343 670 1421 juxta
695 1357 882 1404 contentum
901 1343 1066 1404 literarum
1092 1343 1343 1424 privilegialium
1363 1363 1415 1404 no·

153 1465 287 1511 stratum
315 1469 470 1510 novarum
500 1468 557 1530 pro
582 1464 669 1530 parte
696 1449 793 1530 ipsius
818 1448 950 1530 Georgii
980 1449 1152 1531 superinde
1177 1447 1395 1510 confectarum

154 1559 228 1617 ideo
254 1577 312 1617 nos
336 1557 471 1616 eandem
496 1555 628 1616 totalem
647 1557 782 1615 domum
804 1556 909 1615 medie
927 1556 1013 1616 curie
1033 1575 1105 1616 cum
1131 1556 1198 1615 suis
1217 1556 1418 1635 pertinenciis

154 1666 184 1725 in
210 1665 294 1724 dicta
320 1664 448 1722 civitate
473 1663 555 1723 inter
579 1663 694 1723 domos
719 1662 802 1722 lwan
832 1662 983 1722 lalchiew
1015 1677 1046 1723 et
1071 1661 1191 1723 Mathei
1216 1661 1416 1723 Zuthltouich

150 1770 303 1846 habitam,
340 1769 444 1829 eidem
483 1768 625 1848 Georgio
661 1768 830 1828 statuimus
862 1787 899 1828 ex
936 1769 1099 1849 premissis
1134 1781 1292 1849 perpetuo
1320 1768 1416 1850 possi-

152 1876 301 1936 dendam.

256 2000 334 2060 ltem
369 1998 521 2058 Nicolaus
546 1999 674 2058 tubator
706 2011 737 2057 et
771 1997 869 2058 Lucia
901 2016 1032 2058 consors
1065 1998 1221 2074 eiusdem,
1254 1999 1414 2078 quandam

153 2121 267 2165 terram
302 2125 413 2165 eorum
447 2105 601 2165 arabilem
637 2104 774 2164 duarum
807 2105 964 2165 dictarum
998 2105 1029 2164 in
1063 2124 1177 2186 campo
1202 2119 1313 2166 nostro
1338 2105 1424 2165 inter

151 2227 250 2271 terras
275 2211 404 2271 Thome
429 2211 538 2271 vicarii
564 2211 595 2270 in
620 2211 853 2291 temporalibus
878 2212 916 2269 ab
945 2210 1068 2271 oriente
1093 2224 1124 2271 et
1148 2208 1299 2290 Gregorii
1324 2209 1414 2289 jurati

150 2316 206 2378 filii
236 2317 400 2377 Benedicti
426 2337 441 2376 a
468 2317 672 2376 meridionali
707 2332 794 2398 parte
827 2336 862 2376 ac
888 2331 986 2376 terras
1018 2316 1181 2377 colendini
1206 2315 1415 2377 confraterni-

151 2424 224 2484 tatis
249 2424 331 2483 beati
359 2423 441 2483 Petri
479 2423 615 2502 apostoli
641 2424 680 2482 ab
712 2423 904 2482 occidentali
938 2437 969 2483 et
993 2422 1247 2504 septemtrionali
1274 2423 1414 2503 partibus

150 2530 301 2606 habitam,
314 2549 386 2590 cum
404 2530 469 2589 suis
487 2529 691 2609 pertinenciis
709 2530 813 2588 eidem
833 2527 992 2610 Gregorio
1007 2528 1111 2608 jurato
1129 2548 1186 2610 pro
1213 2542 1287 2589 octo
1304 2529 1417 2588 marcis

152 2652 182 2696 et
207 2636 332 2696 duabus
357 2636 462 2717 pensis
498 2635 704 2695 denariorum
738 2635 954 2696 vendiderunt
987 2650 1142 2716 perpetuo
1174 2635 1414 2716 possidendam.

257 2759 332 2820 ltem
357 2759 519 2839 quandam
538 2759 665 2818 vineam
691 2760 782 2819 sitam
810 2760 840 2818 in
859 2760 1020 2820 territorio
1045 2759 1181 2820 civitatis
1205 2760 1288 2819 inter
1306 2760 1414 2819 vineas

150 2867 324 2927 liberorum
351 2867 489 2925 condam
510 2864 657 2945 Gregorii
683 2864 740 2925 filii
760 2866 835 2926 dicti
854 2865 1036 2949 chheyko
1061 2880 1092 2927 et
1109 2865 1325 2943 Chernltonis,
1342 2885 1411 2927 con-

149 2973 267 3031 civium
303 2985 496 3047 nostrorum,
530 2971 682 3047 habitam,
716 2971 853 3051 desuper
885 2993 900 3032 a
930 2973 979 3032 via
1013 2973 1176 3033 communi
1210 2968 1290 3032 infra
1316 2991 1415 3053 usque

152 3078 290 3138 rivulum
318 3097 388 3137 cum
417 3078 555 3156 virgulto
581 3077 685 3136 eidem
720 3079 895 3158 subjacenti
921 3099 953 3138 se
986 3080 1211 3140 extendentem
1237 3098 1311 3139 cum
1336 3079 1417 3139 veris

152 3185 218 3244 suis
242 3199 273 3244 et
297 3184 436 3263 antiquis
462 3185 553 3244 metis
578 3184 710 3263 provide
736 3185 863 3244 mulieri
898 3186 1014 3265 Agneti
1039 3183 1104 3246 filie
1129 3185 1266 3246 condam
1296 3185 1414 3246 Mathei

153 3290 192 3350 de
219 3288 378 3349 Kraleuch
404 3290 513 3350 relicte
540 3303 570 3349 et
596 3290 825 3351 Bartholomeo
852 3291 918 3351 lilio
938 3306 968 3352 et
993 3293 1092 3352 Elene
1110 3291 1173 3353 filie
1200 3293 1340 3353 Emerici
1359 3291 1414 3353 filii

150 3396 289 3473 Andree,
314 3394 370 3455 filii
398 3396 530 3476 predicti
557 3396 739 3477 chheylto
765 3412 795 3457 et
814 3397 956 3478 ipsorum
982 3397 1153 3459 heredibus
1178 3418 1214 3458 ex
1244 3397 1415 3459 sufficienti

149 3523 260 3562 eorum
286 3502 557 3582 comprobacione
583 3502 613 3560 in
638 3502 702 3561 alio
729 3504 860 3563 katerno
879 3519 988 3564 nostro
1013 3504 1155 3583 judiciali
1181 3504 1403 3584 consignatam

149 3610 364 3669 communitas
388 3609 496 3668 statuit
521 3622 677 3689 perpetuo
704 3610 941 3687 possidendam.

255 3733 332 3793 ltem
359 3731 518 3811 Georgius
543 3747 643 3791 sartor
668 3730 752 3792 filins
777 3733 951 3811 Valentini,
974 3733 1105 3812 juratus,
1130 3734 1272 3794 concivis
1298 3752 1415 3813 noster,

149 3839 311 3920 quandam
345 3840 478 3898 domum
504 3857 593 3897 suam
628 3858 699 3898 cum
733 3837 834 3898 fundo
872 3855 901 3900 ct
933 3839 1090 3900 hedificiis
1122 3840 1153 3900 in
1179 3840 1261 3901 dicta
1287 3843 1413 3903 civitate

148 3949 229 4007 inter
254 3947 369 4006 domos
394 3962 423 4006 et
450 3945 567 4005 fundos
600 3945 804 4005 honestarum
839 3947 1043 4007 dominarum
1078 3947 1280 4026 Margarethe
1305 3950 1412 4011 relicte

148 4053 285 4113 condam
312 4053 467 4112 lobannis
498 4053 678 4111 stationarii
713 4054 752 4111 ab
786 4072 859 4129 una,
893 4067 924 4113 et
953 4066 1040 4134 parte
1065 4055 1105 4113 ab
1137 4054 1234 4114 altera
1263 4054 1412 4136 Saluagie

148 4158 292 4218 mulieris
318 4172 348 4218 et
373 4158 496 4218 honesti
524 4158 581 4217 viri
616 4179 651 4217 ac
677 4158 802 4218 discreti
839 4159 992 4240 Stephani
1019 4159 1159 4219 Farlrasii
1191 4162 1338 4222 canonici
1364 4182 1409 4223 ec·

148 4265 241 4324 clesie
267 4264 481 4343 zagrabiensis
515 4263 667 4340 habitam,
685 4264 823 4324 mediam
845 4266 966 4324 curiam
985 4266 1016 4325 in
1041 4285 1074 4324 se
1091 4266 1324 4345 continentem,
1341 4287 1409 4328 cum

147 4370 212 4430 suis
245 4370 451 4451 pertinenciis
484 4369 632 4429 Enterico
664 4371 778 4430 sartori
810 4369 878 4431 filio
911 4372 1019 4449 Blasii,
1053 4371 1114 4448 jam
1142 4386 1252 4432 nostro
1277 4373 1409 4449 concivi,

149 4496 205 4558 pro
230 4476 381 4537 tredecim
409 4476 477 4536 flor.
503 4476 569 4535 auri
595 4477 739 4536 vendidit
764 4493 919 4558 perpetuo
944 4477 1183 4558 possidendam.

253 4602 329 4661 ltem
365 4601 529 4660 Emericus
561 4620 676 4680 parvus
717 4616 746 4661 et
780 4602 956 4684 Elyzabeth
992 4622 1047 4662 sua
1080 4622 1230 4681 consors,
1263 4605 1406 4665 concives

148 4708 257 4784 nostri,
290 4708 422 4768 domum
457 4706 619 4788 quandam
652 4708 746 4769 simul
780 4729 851 4771 cum
886 4709 986 4772 lundo
1019 4724 1049 4772 et
1081 4708 1238 4773 hedificiis
1270 4712 1302 4774 in
1329 4713 1405 4773 dicta
