3142 5356
28 4596 157 4784 Ἰ

162 286 220 349 ¹32
551 263 637 322 Anno
659 273 748 338 1501.
773 295 814 304 -
838 273 888 338 23.
912 260 1021 319 martii.

625 474 762 537 Mathias
786 472 885 536 faber.

627 581 804 663 Gregorius
828 579 980 662 agricola.

627 687 742 750 Gallus
767 706 888 768 sporar.

627 794 760 857 Mathko
786 790 1026 875 Pongrachych.

627 903 753 964 Marcus
777 915 874 964 sutor.

628 1007 805 1089 Gregorius
828 1006 981 1087 agricola.

629 1114 775 1175 Andreas
798 1128 897 1177 sutor.

628 1220 819 1282 Ambrosius
843 1234 942 1282 sutor.

628 1328 782 1389 Nicolaus
805 1340 904 1389 sutor.

631 1433 767 1495 Mathias
790 1447 889 1497 sutor.

630 1538 806 1621 Gregorius
831 1540 1016 1621 Hungarus.

631 1645 808 1728 Gregorius
832 1647 989 1709 Kranecz.

632 1753 744 1814 Petrus
768 1766 866 1816 sutor.

628 1858 874 1921 Bartholomeus
898 1873 996 1922 sutor.

632 1965 824 2047 Stephanus.

403 2168 501 2241 Feria
531 2167 636 2241 tercia
665 2176 742 2239 ante
771 2168 894 2239 testum
923 2167 1012 2239 beati
1042 2164 1202 2255 Gregorii.

702 2324 745 2395 (9.
770 2323 892 2398 triariis).

273 2448 412 2510 Domina
437 2444 600 2507 Dorothea
630 2444 738 2506 relicta
772 2445 910 2505 condam
937 2444 1075 2505 Emerici
1108 2441 1223 2523 judicis
1247 2439 1287 2502 ad
1315 2440 1435 2502 instan-

168 2557 249 2617 ciam
274 2554 406 2615 domine
426 2553 563 2613 Barbare
588 2551 827 2632 consanguinee
845 2551 988 2613 eiusdem
1015 2549 1152 2612 condam
1171 2547 1310 2609 Emerici
1329 2547 1436 2628 primo

168 2661 261 2723 citata
286 2678 351 2720 non
376 2657 567 2739 comparuit.

444 2825 539 2898 Feria
569 2830 674 2898 tercia
704 2836 781 2916 post
819 2827 1019 2899 dominicam
1049 2823 1154 2898 Oculi.

694 2981 758 3051 (16.
783 2981 906 3057 trrartit).

274 3105 413 3166 Domina
440 3101 603 3163 Dorothea
628 3102 737 3163 relicta
755 3102 892 3164 condam
914 3103 1052 3163 Emerici
1078 3101 1194 3163 literati
1220 3100 1299 3161 olim
1319 3099 1442 3180 judicis

172 3211 211 3269 ad
237 3210 424 3271 instanciam
454 3208 585 3269 domine
611 3210 748 3270 Barbare
773 3210 1011 3290 consanguinee
1046 3208 1208 3285 eiusdem,
1247 3206 1363 3268 citacio
1394 3227 1445 3269 se·

171 3316 286 3394 cunda,
318 3336 381 3376 non
408 3315 599 3395 comparuit.

348 3501 444 3573 Feria
474 3501 579 3573 tercia
612 3506 763 3591 proxima
793 3515 870 3592 post
899 3502 1098 3574 dominicam
1129 3503 1259 3575 letare·

699 3662 761 3732 (23.
787 3660 913 3729 irrartr'rs).

281 3776 386 3838 Causa
412 3778 492 3839 inter
517 3779 682 3839 dominam
708 3779 903 3840 Dorotheum
935 3792 965 3841 et
990 3778 1168 3860 Georgium
1193 3779 1445 3861 carpentarium,

175 3883 230 3943 ubi
256 3883 286 3943 iu
313 3883 418 3962 primo
443 3886 579 3945 termino
604 3885 734 3945 domina
760 3885 923 3947 Dorothea
954 3905 1019 3946 non
1045 3885 1234 3966 comparuit.

282 3988 386 4049 Causa
412 3990 493 4051 inter
521 3991 686 4051 dominam
720 3992 916 4053 Dorotheum
952 3993 1095 4053 relictam
1129 3991 1267 4052 condam
1301 3991 1444 4054 Emerici

176 4095 292 4155 literati
318 4110 349 4155 et
374 4096 539 4156 dominam
565 4096 748 4176 Barbarum,
777 4099 899 4158 domini
930 4098 1023 4171 iurati
1048 4097 1326 4177 adjudicaverunt,
1352 4098 1442 4180 quod

177 4200 309 4261 domina
337 4200 472 4260 Barbara
499 4202 594 4262 debet
619 4202 721 4279 jurare
739 4204 827 4283 quod
845 4204 943 4263 nichil
969 4205 1091 4265 dotavit
1116 4204 1166 4265 vel
1186 4204 1372 4286 propinavit
1387 4205 1446 4265 do·

178 4305 264 4366 mine
290 4305 452 4366 Dorothee
478 4308 609 4388 quando
634 4308 797 4389 copulavit
821 4329 891 4369 cam
924 4310 1063 4390 prelatus
1089 4311 1256 4372 Emericus
1281 4311 1446 4386 literatus3

178 4411 309 4473 domina
335 4428 440 4472 autem
476 4413 638 4474 Dorothea
671 4414 766 4473 debet
802 4413 905 4494 jurare
939 4417 1026 4496 quod
1051 4436 1115 4477 non
1149 4417 1227 4478 emit
1251 4417 1381 4478 vineam
1406 4418 1447 4479 de

179 4518 273 4577 bonis
298 4518 428 4577 domine
461 4518 617 4591 Barbare;
651 4519 734 4579 istud
766 4537 871 4582 autem
904 4522 1120 4601 juramentum
1153 4522 1220 4584 fieri
1246 4522 1344 4585 debet
1368 4522 1449 4586 feria

177 4638 264 4685 sexta
288 4624 434 4705 proxima
460 4639 532 4707 post
549 4624 664 4686 festum
684 4627 952 4690 liesurreccionis.
977 4629 1100 4690 ibidem
1119 4632 1214 4691 ambe
1231 4644 1320 4711 parte
1338 4632 1451 4713 appel·

179 4728 327 4793 laverunt
350 4731 389 4792 ad
414 4732 566 4794 seniores.
