3156 5364
521 537 607 594 Anno
630 528 723 610 1508.
749 569 790 579 —
814 548 841 594 1.
862 532 1034 610 septembris.
1359 550 1418 618 179

153 747 275 827 judices
306 747 479 829 appellata,
512 747 656 808 seniores
688 766 764 808 vero
796 745 918 828 judices
941 746 1016 807 satis
1048 747 1246 809 ruminantes
1271 749 1301 809 in
1334 749 1419 810 dicta

153 875 254 932 causa,
281 853 379 915 talem
405 853 675 914 deliberacionem
700 851 854 931 lecerunt,
879 852 952 913 licet
976 850 1117 933 prefatus
1142 853 1304 916 lohannes
1323 853 1413 916 Saro-

154 960 223 1022 nicb
250 961 340 1042 prius
363 973 429 1022 tam
455 978 513 1042 pro
538 959 637 1020 domo
662 974 693 1020 et
717 959 787 1019 aliis
804 957 909 1020 eidem
932 957 1043 1019 domui
1068 957 1288 1039 adjacentibus
1316 980 1414 1041 quam

154 1067 253 1129 eciam
287 1085 346 1149 pro
379 1065 503 1148 prelato
535 1065 653 1148 (h)orto
686 1079 795 1126 contra
828 1065 993 1145 egregium
1028 1064 1197 1125 dominum
1231 1066 1417 1128 Emericum

153 1172 281 1235 Therek
303 1191 431 1234 causam
457 1170 612 1254 prefatam
637 1171 725 1253 prius
749 1171 781 1232 in
810 1170 885 1232 sede
903 1185 1011 1232 nostra
1035 1170 1200 1252 judiciaria
1225 1192 1323 1254 penes
1342 1192 1417 1234 con·

151 1279 353 1342 svetudinem
376 1279 513 1341 civitatis
532 1278 664 1339 deduxit
689 1291 720 1339 et
736 1277 865 1339 tandem
883 1277 924 1338 ad
942 1277 1130 1358 magistrum
1147 1276 1418 1341 thawernicorum

152 1387 381 1469 appellaverat,
399 1385 590 1467 quiquidem
608 1386 760 1466 magister
777 1383 1045 1445 thavernicorum
1060 1404 1117 1466 per
1141 1384 1419 1467 adjudicacionem

152 1513 240 1554 suam
256 1493 494 1571 determinavit,
510 1491 565 1553 sed
580 1492 654 1572 quia
672 1489 831 1574 prelatum
849 1489 1002 1570 (h)ortum
1020 1490 1108 1572 prius
1124 1503 1297 1572 antequam
1315 1491 1418 1554 dictus

153 1598 308 1661 Saronich
335 1599 469 1660 domino
495 1598 644 1659 Emerico
670 1597 799 1659 Therek
824 1595 978 1679 prefatam
1005 1595 1139 1657 domum
1166 1616 1202 1658 ac
1226 1597 1287 1658 alia
1314 1598 1419 1660 eidem

153 1705 264 1766 domui
282 1704 480 1787 pertinencia
500 1704 698 1779 vendiderat,
717 1703 865 1765 Emerico
883 1702 1008 1764 literato
1026 1702 1183 1764 moderno
1197 1703 1294 1784 judici
1308 1718 1418 1765 nostro

152 1811 272 1873 dictum
287 1811 440 1892 (h)ortum
465 1830 523 1892 pro
541 1811 653 1891 viginti
672 1811 741 1873 flor.
760 1810 827 1871 auri
845 1809 972 1892 pignori
990 1809 1129 1870 dedisset
1145 1809 1201 1871 tali
1219 1809 1417 1891 obligamiue

153 1917 397 1996 interveniente,
411 1918 537 1999 quodsi
563 1917 666 1979 dictus
680 1916 843 1978 lohannes
860 1915 1015 1977 Saronicb
1034 1917 1064 1977 in
1080 1914 1160 1977 festo
1175 1917 1257 1978 beati
1284 1916 1419 1999 Georgii

153 2025 291 2086 martiris
314 2038 432 2086 cotunc
456 2024 597 2106 preteriti
624 2024 737 2105 viginti
762 2023 832 2085 flor.
857 2042 922 2084 non
947 2022 1147 2104 persolverit,
1172 2036 1288 2085 extunc
1312 2024 1417 2086 eidem

156 2131 305 2194 Emerico
330 2146 360 2192 et
384 2132 449 2193 suis
472 2130 644 2192 heredibus
667 2129 773 2191 solum
799 2131 911 2211 vigore
941 2130 1041 2191 literis
1065 2129 1268 2210 obligatoriis
1291 2130 1322 2191 in
1348 2150 1419 2213 per·

155 2251 287 2319 petuum
313 2250 476 2300 remaneat
507 2250 538 2298 et
570 2236 770 2314 devolvatur,
802 2237 856 2298 ubi
891 2249 1001 2318 expost
1029 2255 1094 2297 non
1127 2235 1167 2296 ad
1192 2233 1306 2297 festum
1333 2236 1417 2298 beati

154 2343 284 2426 Georgii
303 2343 501 2421 redemisset,
519 2363 629 2403 verum
655 2343 720 2403 duo
745 2343 819 2404 anni
837 2343 888 2403 vel
905 2343 982 2404 citra
996 2342 1167 2424 preteriere
1193 2341 1415 2421 dinoscuntur,

155 2451 240 2533 quod
266 2450 311 2511 sic
336 2450 457 2511 dictum
483 2447 636 2531 (h)ortum
662 2450 702 2509 ab
726 2448 841 2509 eodem
867 2448 1012 2510 Johanne
1046 2448 1200 2510 Saronich
1226 2447 1416 2511 devolutum

154 2557 297 2633 videtur3
322 2555 431 2617 medio
456 2570 563 2616 autem
589 2569 735 2637 tempore
760 2555 836 2616 dum
854 2554 995 2636 prefatus
1012 2554 1179 2616 Emericus
1204 2554 1334 2616 Therek
1351 2554 1417 2617 dic-

154 2674 217 2724 tum
245 2661 400 2744 (h)ortum
425 2661 465 2723 ad
489 2660 647 2744 prefatam
672 2661 806 2723 domum
831 2662 919 2743 prius
947 2661 1109 2723 adhesisse
1134 2661 1338 2739 intellexerit,
1363 2681 1419 2743 per

154 2768 297 2830 medium
323 2767 529 2830 lllustrissimi
556 2767 681 2830 domini
706 2768 797 2829 ducis
828 2768 1006 2829 abeodem
1032 2767 1182 2830 Emerico
1213 2767 1339 2829 literato
1363 2769 1418 2829 ob·

153 2876 247 2937 tinuit
272 2889 304 2936 et
327 2875 371 2936 sic
396 2875 481 2936 idem
508 2875 675 2938 Emericus
707 2874 851 2936 literatus
883 2875 980 2956 judex
1004 2875 1043 2936 ad
1076 2875 1271 2957 peticionem
1296 2873 1419 2937 domini

154 2981 242 3044 ducis
275 2981 363 3042 dicto
397 2981 546 3043 Emerico
579 2981 709 3043 Therek
741 2981 837 3042 simul
871 3001 943 3042 cum
976 2981 1077 3042 literis
1108 2980 1309 3062 obligatoriis
1334 2980 1421 3063 prius

154 3088 276 3167 levatis,
300 3087 402 3149 dictos
425 3088 539 3170 viginti
566 3086 635 3149 flor.
661 3088 750 3148 dedit
773 3101 869 3169 prout
899 3088 930 3147 in
956 3087 1055 3148 literis
1079 3086 1280 3168 obligatoriis
1304 3086 1419 3148 clarius

153 3195 345 3258 continetur.
371 3194 521 3256 Tandem
539 3213 615 3255 vero
632 3194 741 3255 medio
765 3208 912 3275 tempore
928 3192 1070 3275 prelatus
1088 3194 1250 3255 lohannes
1274 3195 1419 3277 Posegay

154 3321 208 3382 per
240 3301 386 3362 medium
420 3301 580 3362 bonorum
613 3300 821 3362 dominorum
862 3300 902 3361 ad
935 3301 1194 3382 peticionemque
1230 3301 1419 3362 eorumdem

152 3421 219 3470 tum
245 3408 347 3470 eciam
371 3427 430 3490 pro
453 3408 596 3469 serviciis
624 3407 768 3471 eiusdem
802 3428 819 3469 a
844 3408 930 3469 dicto
964 3408 1112 3470 Emerico
1137 3408 1268 3470 Therek
1292 3407 1415 3469 dictum

153 3514 307 3596 (h)ortum
331 3514 426 3575 simul
459 3534 531 3576 curn
565 3514 663 3576 domo
695 3534 731 3576 ac
754 3515 847 3576 vinea
878 3514 1043 3594 adjacente
1075 3515 1215 3596 optinuit
1247 3528 1278 3575 et
1311 3515 1415 3575 eidem

154 3621 293 3682 iohanni
319 3621 464 3703 Posegay
488 3619 630 3702 prelatus
647 3621 813 3681 Emericus
831 3620 960 3682 Therek
984 3640 1092 3682 coram
1110 3620 1215 3701 judice
1239 3621 1415 3683 literatorie

156 3726 259 3790 lassus
284 3742 348 3806 est,
383 3741 414 3789 et
449 3727 564 3789 exinde
599 3727 706 3788 literas
734 3741 910 3809 oportunas
941 3727 1076 3789 civitatis
1109 3728 1251 3789 emanari
1287 3726 1359 3788 fecit
1386 3728 1417 3788 in

154 3836 253 3896 robur
277 3846 309 3895 et
331 3832 514 3895 firmitatem
538 3833 682 3895 eiusdem
708 3846 862 3915 perpetue
883 3832 1115 3915 possidendum
1140 3833 1269 3894 nemine
1301 3847 1418 3895 eotunc

152 3939 388 4002 contradictore
420 3953 612 4021 apparente,
643 3939 856 4020 quasquidem
889 3939 997 4000 literas
1028 3958 1087 4000 nos
1121 3940 1263 4001 seniores
1298 3939 1419 4012 iudices

152 4044 383 4108 confirmamus
407 4046 499 4108 etsie
516 4045 637 4107 dictum
656 4045 808 4126 (h)ortum
828 4045 966 4106 Johanni
984 4045 1128 4130 Posegay
1145 4045 1419 4127 adjudicavimus;

152 4153 318 4216 lohannes
344 4152 507 4235 Saronycb
534 4152 573 4213 de
604 4151 725 4233 judicio
750 4153 914 4214 seniorum
940 4172 1003 4213 non
1037 4167 1206 4214 contentus
1230 4153 1285 4214 sed
1310 4154 1419 4236 appel-

152 4259 233 4322 lavit
256 4260 297 4322 ad
323 4260 511 4342 magistrum
535 4258 806 4322 thavernicorum.

368 4526 463 4606 Feria
491 4533 589 4605 sexta
619 4534 766 4627 infesto
795 4534 885 4605 beati
915 4532 1021 4623 Egidii
1049 4535 1194 4605 abbatis.

656 4709 697 4783 (t.
721 4708 908 4782 septembris).

262 4861 440 4944 Gregorius
462 4877 551 4925 sutor
575 4863 615 4924 ad
645 4863 834 4925 instanciam
867 4863 991 4926 Nicolai
1018 4862 1212 4944 Merzloclep
1245 4862 1350 4943 primo
1375 4863 1419 4923 ci·

151 4984 239 5033 tatus
263 4987 330 5031 non
355 4969 547 5052 comparuit.

1330 5092 1345 5120 ἢ
