3142 5356
148 485 263 545 borum
289 483 320 543 in
346 483 459 543 eadem
491 482 581 542 litera
614 499 846 561 expressarum,
870 479 967 540 simul
991 498 1063 540 cum
1090 479 1244 541 omnibus
1276 480 1408 562 ipsarum

148 590 338 671 porcionum
365 588 541 649 vinealium
567 587 671 664 metis,
695 586 888 646 utilitatibus
912 599 942 647 et
967 585 1173 667 pertinenciis
1198 585 1356 646 universis
1378 586 1406 645 in

147 698 239 758 litera
264 695 423 757 contentis
442 693 579 775 provido
602 694 672 753 vito
696 692 796 753 Paulo
817 691 885 753 filio
904 693 1033 753 Andree
1050 691 1136 753 dicto
1162 691 1408 753 Charanthouch

153 822 211 884 pro
236 802 361 862 duabus
385 800 500 860 marcis
525 799 731 860 denariorum
757 797 904 859 vendidit
928 812 1084 879 perpetuo
1109 797 1349 878 possidendam.

253 906 330 967 ltem
347 905 465 966 Paulus
481 903 566 965 filius
581 906 695 965 Nouak
713 904 792 964 olim
811 905 952 964 concivis
968 917 1086 980 noster,
1104 903 1268 984 quandam
1282 904 1411 964 domum

147 1031 236 1074 suam
262 1011 368 1072 medie
393 1012 479 1072 curie
506 1012 538 1071 in
565 1011 691 1071 civitate
717 1010 801 1071 dicta
820 1010 902 1071 inter
928 1010 1044 1070 domos
1068 1024 1099 1070 et
1123 1007 1242 1070 fundos
1267 1009 1411 1093 Dyonisii

148 1116 339 1178 Mozlauech
365 1132 395 1179 et
420 1118 595 1179 liberorum
622 1116 759 1177 condam
786 1116 919 1177 lvchech
953 1116 1107 1194 habitam,
1131 1135 1203 1176 cum
1231 1116 1298 1176 suis
1321 1117 1411 1197 pcrti-

149 1225 271 1284 nenciis
289 1224 425 1305 provido
443 1224 512 1284 viro
538 1223 676 1284 lohanni
694 1223 794 1283 sutori
813 1220 880 1282 filio
907 1223 1004 1282 Marci
1023 1222 1063 1282 de
1081 1223 1174 1304 lepra
1200 1241 1259 1304 pro
1277 1222 1411 1303 quadam

150 1331 249 1391 dorno
275 1349 331 1390 sua
356 1331 387 1390 in
420 1330 532 1389 eadem
566 1329 693 1390 civitate
726 1328 833 1389 habita
869 1329 950 1389 inter
973 1326 1091 1389 fundos
1124 1328 1302 1410 Elyzabeth
1325 1329 1413 1389 aliter

150 1437 257 1517 Copta
283 1436 365 1496 dicte
392 1450 423 1497 et
441 1436 636 1516 Stephkonis
663 1434 936 1512 Horwathichich,
955 1454 1049 1496 unam
1069 1447 1216 1515 quartam
1235 1436 1266 1495 in
1291 1454 1324 1495 se
1341 1454 1412 1494 con·

148 1543 269 1604 tinente
295 1556 326 1603 et
350 1543 420 1602 aliis
437 1543 580 1602 eiusdem
608 1542 815 1622 pertinenciis
834 1562 889 1622 per
907 1541 1040 1601 modum
1059 1541 1310 1622 permutationis
1328 1539 1413 1601 dedit

147 1671 219 1713 curn
246 1651 466 1712 additamento
491 1665 629 1731 quatuor
654 1649 723 1712 flor.
748 1649 817 1709 auri
842 1663 998 1730 perpetuo
1023 1647 1263 1729 possidendam.

254 1757 331 1818 Item
368 1756 522 1818 Clemens
557 1770 588 1816 et
621 1755 814 1817 Benedictus
854 1753 910 1815 filii
943 1755 1091 1832 Andrce,
1124 1754 1273 1815 concives
1305 1755 1412 1829 nostri,

149 1863 310 1943 quandam
338 1876 459 1942 partem
484 1881 539 1922 seu
565 1862 753 1942 porcionem
771 1860 863 1921 fundi
888 1880 1000 1921 eorum
1026 1861 1177 1936 mediam,
1195 1880 1267 1921 curn
1295 1861 1411 1920 medie-

148 1983 211 2029 tate
237 1969 343 2028 celarii
370 1968 400 2028 in
427 1968 539 2028 eadem
565 1967 665 2028 habiti
691 1968 723 2028 in
749 1968 831 2028 dicta
861 1967 989 2028 civitate
1015 1967 1047 2027 in
1073 1980 1223 2048 postetgo
1247 1966 1410 2028 cuiusdam

150 2075 266 2134 domus
298 2089 420 2134 mutate
456 2074 541 2133 iuxta
574 2087 697 2154 portam
728 2073 864 2134 civitatis
896 2071 1104 2150 Carnificum,
1136 2092 1227 2133 secus
1251 2073 1411 2153 quandam

147 2180 405 2241 condicionalem
433 2179 567 2240 domum
601 2179 699 2240 lwani
725 2178 804 2240 labri
839 2179 918 2240 intra
949 2198 1076 2239 murum
1110 2180 1254 2240 eiusdem
1281 2180 1426 2240 civitatis

151 2301 181 2347 et
207 2306 304 2367 penes
328 2286 423 2346 aliam
449 2285 584 2346 domum
618 2286 769 2346 videlicet
793 2286 932 2364 ligneam
959 2283 1154 2366 prelatorum
1181 2285 1361 2347 Clementis
1384 2299 1432 2345 et:

151 2394 316 2453 Benedicti
341 2392 390 2453 siti
417 2405 448 2454 et
472 2391 657 2470 adjacentis,
687 2392 873 2474 porcionem
900 2392 1020 2453 scilicet
1046 2411 1101 2452 seu
1126 2407 1249 2473 partem
1266 2393 1414 2479 ¹mediam

147 2500 221 2560 dicti
249 2498 339 2559 l'undi
366 2512 396 2559 et
419 2499 526 2559 celarii
546 2499 732 2580 incipiendo
757 2519 773 2559 a
800 2499 941 2579 predicta
967 2499 1066 2560 domo
1091 2513 1216 2560 murata
1242 2519 1298 2580 pet
1314 2512 1411 2559 totam

147 2605 384 2686 longitudinem
421 2603 510 2665 fundi
546 2605 689 2666 eiusdem
715 2625 811 2686 supra
844 2624 945 2685 usque
970 2619 1086 2666 metam
1121 2604 1213 2665 fundi
1237 2605 1413 2666 liberorum

147 2712 285 2772 condant
303 2711 409 2772 Choni
437 2710 562 2788 judicis,
581 2731 676 2772 unam
696 2711 846 2771 videlicet
862 2725 1008 2791 quartam
1026 2711 1123 2788 curie,
1141 2731 1213 2772 cum
1237 2712 1303 2772 suis
1320 2712 1418 2794 petti-

149 2818 270 2878 nenciis
295 2816 423 2877 Thome
448 2815 515 2877 filio
541 2817 673 2897 Georgii
699 2817 761 2895 jam
789 2831 898 2878 nostro
931 2818 1056 2877 concivi
1081 2837 1139 2899 pro
1164 2837 1282 2878 novem
1308 2819 1415 2900 pensis

151 2923 355 2983 denariorum
383 2923 596 2983 vendiderunt
620 2939 776 3004 perpetuo
799 2923 1038 3004 possidendam.

253 3029 330 3088 Item
364 3029 489 3088 Blasius
521 3029 664 3089 literatus
696 3028 781 3090 filius
815 3029 982 3091 Michaelis
1016 3030 1091 3092 dicti
1126 3030 1327 3111 Dragichich,
1356 3051 1415 3112 pto

150 3149 226 3194 tunc
252 3148 359 3195 noster
384 3135 535 3211 concivis,
561 3135 734 3214 quemdam
765 3134 900 3196 fundum
926 3155 1019 3196 suum
1046 3151 1202 3218 protunc
1227 3157 1367 3198 vacuum
1384 3152 1416 3199 et

148 3241 308 3301 desertum
335 3243 366 3301 in
392 3243 462 3301 vico
487 3242 569 3300 dicte
593 3241 730 3302 civitatis
759 3243 906 3302 exteriori
933 3242 1018 3321 juxta
1051 3243 1197 3302 semitam
1224 3242 1263 3302 de
1297 3245 1410 3304 eadem

149 3349 276 3410 civitate
302 3347 382 3410 infra
408 3348 446 3407 de
472 3348 568 3407 latere
594 3350 713 3410 montis
738 3349 861 3408 Tersan
887 3350 990 3409 vocati
1016 3350 1055 3410 ad
1080 3349 1184 3429 ipsum
1210 3349 1318 3410 vicum
1343 3351 1414 3411 des·

150 3456 319 3515 cendendo
344 3476 360 3514 a
386 3468 473 3534 parte
490 3454 756 3534 septemtrionali,
783 3476 798 3514 a
822 3471 909 3535 parte
927 3475 1003 3515 veto
1022 3455 1225 3517 meridionali
1250 3455 1282 3515 in
1302 3457 1413 3518 vicini·

147 3575 210 3620 tate
236 3561 352 3620 domus
377 3560 552 3619 liberorum
578 3560 714 3620 condam
741 3561 871 3620 honeste
902 3561 1047 3621 mulieris
1072 3561 1173 3621 Kathc
1199 3576 1323 3640 vocate,
1348 3561 1413 3623 filie

149 3668 237 3742 l'eta,
271 3667 389 3743 habita,
421 3685 518 3726 unam
553 3681 698 3745 quartam
729 3681 759 3726 et
791 3681 935 3726 octavam
961 3667 992 3726 in
1018 3687 1050 3727 se
1083 3669 1314 3745 continentem,
1340 3689 1413 3730 cum

148 3774 213 3833 suis
245 3773 450 3853 pertinenciis
482 3773 618 3853 provido
653 3773 722 3832 viro
756 3775 900 3834 barnabe
936 3771 1027 3834 fabro
1058 3772 1126 3834 filio
1159 3774 1322 3857 Symonis,
1356 3795 1416 3857 pto

146 3879 285 3960 quadam
313 3878 483 3938 medietate
509 3879 676 3938 cuiusdam
701 3879 817 3939 domus
842 3881 945 3960 ipsum
972 3880 1150 3940 Barnabam
1176 3880 1313 3958 juridice
1337 3895 1417 3942 tunc

148 4000 361 4046 concernente
388 4000 418 4046 et
442 3986 513 4045 aliis
545 3986 611 4045 suis
646 3986 836 4046 utilitatibus
870 3986 958 4047 dedit
982 4005 1037 4066 pet
1062 3986 1195 4047 modurn
1229 3989 1415 4049 concambii

147 4106 303 4173 perpetuo
322 4092 563 4172 possidendum.

173 4330 254 4399 ltem
285 4329 369 4398 seria
401 4335 498 4398 sexta
528 4326 682 4415 proxima
721 4340 799 4399 ante
829 4331 949 4400 festum
986 4328 1237 4401 Purificacionis
1267 4332 1383 4404 Marie.

658 4486 717 4558 (31.
735 4484 900 4558 januaria).

255 4625 331 4684 Item
358 4624 484 4684 discreti
502 4624 560 4683 viri
579 4624 702 4683 domini
722 4625 917 4703 Anthonius,
935 4626 1053 4685 Paulus
1077 4638 1108 4686 et
1133 4625 1297 4687 lohannes
1326 4645 1404 4707 ptes-

149 4732 241 4792 biteri
267 4746 297 4791 et
321 4731 449 4811 plebani
477 4730 610 4791 ecclesie
636 4745 744 4791 nostre
762 4732 953 4812 parochialis
971 4733 1053 4793 beati
1070 4732 1166 4793 Marci
1193 4733 1402 4811 ewangeliste,
