3156 5364
526 497 729 578 Ann015198.
754 535 795 543 -
819 515 870 562 20.
895 503 1008 575 aprilis.

614 712 751 775 Mathias
778 713 906 796 Sporar.

615 821 764 883 Jambrek
789 834 900 886 sartor.

612 928 686 990 Bias
711 928 840 1010 Sporar.

610 1033 747 1096 Michael
772 1032 872 1096 faber.

611 1141 731 1203 Paulek
755 1155 854 1203 sutor.

608 1247 755 1309 Andreas
779 1247 956 1312 Chranecz.

609 1354 683 1416 Blas
706 1368 806 1418 sutor.

612 1462 765 1523 Nicolaus
789 1462 923 1544 Wyecz.

615 1568 736 1629 Francz
760 1568 899 1649 seilipar.

613 1675 810 1737 Laureucius
836 1675 1008 1759 Kathrych.

613 1783 771 1843 Martinus
796 1783 925 1864 Sporat.

617 1889 748 1951 Mathko
775 1890 1005 1970 Pongrachich.

613 1997 770 2058 Martinus
794 1997 907 2058 cultor.

614 2104 738 2164 iwanus
762 2117 862 2163 sutor.

190 2333 1373 2428 Mmmwmmmmmmmmfflmmmmm

675 2500 739 2572 (23.
763 2494 889 2570 martti),

253 2632 359 2696 Causa
384 2635 466 2696 inter
489 2635 645 2696 Jacobum
670 2635 855 2720 Bekethych
879 2649 910 2697 et
934 2637 1122 2718 magistrum
1148 2638 1284 2700 Paulum
1308 2639 1413 2701 senio·

153 2757 214 2800 rem
238 2740 379 2821 judicem
404 2754 435 2802 et
459 2742 562 2802 civem
587 2742 724 2803 civitatis
749 2743 1041 2824 Montisgrecensis,
1074 2756 1220 2826 pretextu
1245 2745 1413 2807 cuiusdam

153 2847 241 2927 equi,
278 2847 363 2908 idem
401 2848 552 2928 magister
589 2848 707 2909 Paulus
742 2848 781 2908 ad
817 2849 957 2931 primum
994 2848 1138 2911 futurum
1174 2851 1328 2932 judicium
1366 2870 1413 2912 re·

153 2951 330 3032 spondebit.

253 3060 331 3122 Item
369 3059 550 3143 Stephanus
587 3061 815 3123 Franchewich
847 3062 947 3124 tercio
979 3063 1094 3125 citatus
1125 3083 1189 3125 non
1222 3064 1414 3146 comparuit,

154 3167 286 3249 birsagio
311 3169 395 3250 juxta
422 3168 688 3231 consvetudinem
713 3170 850 3230 civitatis
874 3183 920 3230 est
943 3184 1123 3252 agravatus.

253 3276 332 3338 item
358 3275 470 3339 Gurko
495 3277 712 3358 carpentarius
744 3290 854 3337 contra
880 3276 1074 3358 Gregorium
1106 3277 1247 3358 juratum
1270 3277 1413 3340 secundo

156 3380 262 3445 citatus
287 3403 352 3445 non
377 3383 568 3465 comparuit.

394 3600 1164 3693 &mmmmoemmmfflmmst

669 3758 889 3832 mmw.

255 3898 360 3960 Causa
384 3899 467 3959 inter
491 3896 672 3960 carnificem
698 3896 861 3958 Andream
894 3909 925 3958 et
949 3895 1143 3978 Gregorium
1169 3896 1330 3958 literatum
1365 3916 1412 3957 ra·

159 4001 241 4065 cione
263 4005 478 4087 percussionis
501 4005 540 4065 ad
575 4005 715 4086 primum
747 4003 904 4085 judicium
937 4005 1030 4065 ambe
1054 4018 1160 4087 partes
1190 4004 1413 4065 testimonium

159 4110 325 4186 producere
350 4111 525 4173 debebunt.
549 4114 721 4189 (Delctum).
