3156 5364
549 467 634 522 Anno
658 477 746 540 1523.
772 498 813 508 -
837 465 887 527 16.
903 463 1056 540 anuan'i.
1376 483 1438 546 219

295 676 393 757 seria
423 692 519 757 sexta
549 676 702 774 proxima
730 692 808 773 post
835 682 925 755 beati
953 684 1123 756 Vincencii
1152 686 1318 755 martiris.

573 835 639 916 (23.
656 839 808 914 januarii,
830 856 900 898 ann.
927 837 1033 913 1523).

280 977 469 1040 Franciscus
490 975 650 1040 aurifaber
673 979 712 1039 ad
746 978 934 1040 instanciam
963 977 1118 1040 Johannis
1150 978 1300 1061 Zperdny
1333 977 1438 1058 primo

177 1087 291 1148 citatus
322 1105 388 1147 non
420 1085 610 1167 comparuit.
645 1120 682 1129 -
716 1085 794 1145 ltem
827 1083 904 1146 feria
937 1099 1022 1146 sexta
1048 1086 1192 1167 proxima
1225 1097 1298 1145 ante
1321 1080 1437 1145 festum

172 1192 264 1253 beate
291 1191 391 1253 Maris
416 1189 666 1268 purificationis,
696 1191 885 1252 Franciscus
909 1189 1069 1251 aurifaber
1093 1191 1132 1252 ad
1166 1189 1354 1251 instanciam
1380 1189 1431 1249 Jo-

179 1296 292 1359 hannis
316 1296 466 1379 Zpredny
489 1296 632 1358 secundo
656 1297 770 1358 citatus
794 1315 859 1357 non
884 1297 1074 1377 comparuit.

282 1402 406 1465 Eodem
432 1403 484 1463 die
506 1402 647 1463 decanus
671 1417 815 1463 sutorum
834 1422 906 1463 cum
936 1404 1001 1463 suis
1018 1402 1230 1484 complicibus
1255 1401 1293 1461 ad
1319 1401 1437 1462 instan-

175 1508 254 1570 ciam
280 1507 435 1570 lohannis
458 1509 615 1590 selliparis
640 1509 744 1589 primo
769 1509 883 1570 citatus
906 1528 971 1569 non
997 1509 1186 1590 comparuit.

283 1614 316 1675 ln
342 1633 434 1674 causa
461 1614 544 1676 inter
568 1614 772 1675 Franciscum
795 1614 909 1675 ltalum
928 1614 1124 1698 Quadrochy
1148 1628 1310 1691 vocatum,
1336 1627 1370 1673 ut
1386 1632 1436 1673 ac·

174 1731 275 1780 torem
301 1721 341 1780 ab
366 1739 440 1796 una,
466 1733 496 1781 et
520 1719 690 1780 Nicolaum
717 1719 872 1780 Palamini
907 1734 941 1781 ut
966 1739 1055 1780 reum
1084 1723 1123 1780 ab
1157 1719 1265 1796 altera,
1290 1718 1439 1778 concives

176 1840 311 1904 nostros,
336 1827 465 1887 racione
490 1841 520 1887 et
545 1840 689 1907 pretextu
707 1827 888 1888 medietatis
913 1826 1078 1898 cuiusdam
1101 1828 1217 1886 domus
1242 1840 1272 1884 et
1289 1825 1435 1885 omnium

177 1931 336 1992 bonorum
362 1932 564 2013 presencium
589 1932 739 1993 videlicet
764 1947 794 1993 et
811 1931 991 1993 futurorum
1018 1953 1079 2013 que
1098 1932 1229 2012 quidam
1255 1931 1438 1992 ieronimus

179 2034 270 2099 frater
294 2037 371 2099 dicti
389 2039 513 2099 Nicolai
532 2037 674 2100 antefato
694 2038 864 2100 Francisco
881 2059 979 2100 manu
996 2059 1051 2100 sua
1069 2040 1197 2121 propria
1222 2057 1280 2119 pro
1298 2037 1436 2118 quadam

180 2161 300 2204 summa
333 2144 469 2225 pecunie
501 2145 618 2205 nostris
647 2144 687 2205 de
718 2145 818 2205 literis
850 2145 1113 2226 inpignoratoriis
1144 2163 1289 2225 expressa
1314 2143 1437 2222 obliga·

181 2264 262 2311 verat
282 2263 314 2312 et
346 2250 625 2331 inpignoraverat,
658 2250 750 2329 jurati
783 2250 1017 2331 adjudicarunt,
1051 2265 1084 2312 ut
1116 2251 1219 2311 dictus
1252 2249 1438 2310 Franciscus

184 2351 365 2438 Quatrochy
389 2356 499 2417 omnia
523 2355 608 2436 juxta
641 2357 878 2438 obligacionem
911 2355 1025 2439 prefati
1054 2357 1210 2418 leronimi
1243 2355 1359 2417 habers
1383 2354 1437 2414 de-

185 2455 250 2522 beat
273 2476 305 2522 et
329 2461 511 2543 possidere;
537 2463 651 2523 eodem
676 2463 729 2524 die
746 2461 888 2544 prefatus
904 2464 1057 2524 Nicolaus
1079 2463 1235 2524 Palamini
1260 2462 1300 2523 de
1317 2461 1437 2544 judicio

180 2558 351 2636 iuratorum
376 2587 442 2629 uon
467 2582 636 2630 contentus
662 2568 701 2629 ad
727 2569 868 2630 seniores
892 2569 1013 2650 judices
1041 2569 1224 2652 appellavit.

280 2673 406 2735 Eodem
432 2675 483 2735 die
508 2675 649 2735 decanus
673 2689 818 2735 sutorum
844 2695 915 2736 cum
934 2676 999 2736 suis
1016 2676 1228 2756 complicibus
1252 2676 1292 2735 ad
1318 2675 1437 2735 instan-

172 2771 254 2840 clam
281 2779 438 2841 Johannis
462 2780 620 2862 selliparis
644 2781 789 2842 secundo
817 2782 930 2842 citatus
954 2801 1019 2842 non
1044 2781 1233 2862 comparuit.

306 3009 401 3089 Feria
430 3017 528 3088 sexta
557 3020 710 3106 proxima
739 3027 816 3106 post
844 3016 1044 3089 dominicam
1074 3018 1307 3090 Reminiscere.

701 3169 744 3246 (ό.
776 3172 902 3242 martii).

279 3310 428 3371 Decanus
452 3325 597 3372 sutorum
622 3331 694 3372 cum
720 3313 785 3372 suis
805 3312 1020 3394 complicibus
1044 3313 1158 3372 citatus
1183 3325 1229 3372 est
1252 3310 1292 3372 ad
1317 3311 1436 3372 instan-

152 3408 255 3476 ciam
282 3415 437 3476 Johannis
460 3417 619 3498 selliparis
643 3431 673 3478 et
705 3419 798 3478 datus
822 3433 868 3479 est
900 3418 1043 3499 partibus
1067 3417 1222 3479 terminus
1247 3415 1324 3478 feria
1349 3432 1435 3478 sexta

151 3522 320 3587 Proxima
343 3537 417 3585 ante
449 3523 646 3584 dominicam
679 3525 792 3586 Letare
825 3524 864 3585 ad
898 3524 1156 3605 respondendum
1191 3538 1220 3584 et
1245 3539 1339 3585 testes
1363 3544 1435 3606 pro·

151 3614 367 3690 ducendum.

400 3865 492 3938 Faria
522 3866 618 3938 sexta
648 3875 725 3956 post
752 3869 908 3940 octavam
936 3867 1209 3957 Epiphaniarum.

680 4037 742 4114 (16.
759 4040 926 4114 januarii).

278 4180 312 4240 ln
338 4199 431 4240 causa
449 4179 530 4240 inter
547 4179 772 4241 honorabilem
793 4179 923 4242 Gallum
950 4183 1160 4262 presbiterum
1187 4181 1434 4263 prebendarium

178 4285 306 4348 ecclesie
343 4285 432 4346 chori
464 4286 689 4367 zagrabiensis‚
715 4299 749 4346 ut
781 4301 920 4347 actorem
954 4290 992 4348 ab
1023 4308 1095 4366 una,
1128 4303 1158 4349 et
1183 4287 1374 4368 prudentem
1399 4307 1434 4348 ac

178 4392 438 4473 circumspectum
466 4390 657 4453 Michaelem
684 4390 864 4473 Oprasnich
897 4406 930 4454 ut
954 4394 1122 4454 videbatur
1146 4412 1236 4453 reum
1260 4393 1300 4453 ab
1325 4392 1434 4471 altera,

177 4498 302 4559 racione
325 4496 491 4558 cuiusdam
517 4516 642 4558 summe
664 4498 890 4579 peccuniarum
915 4497 984 4562 flor.
1002 4500 1127 4580 viginti,
1151 4519 1210 4580 pro
1234 4499 1433 4579 quaquidem

177 4621 298 4665 summa
322 4603 435 4684 viginti
461 4602 530 4666 flor.
562 4603 698 4665 condam
725 4603 877 4664 Nicolaus
909 4605 1134 4688 Wydkowych
1169 4606 1333 4686 privignus
1358 4604 1433 4665 dicti

176 4708 340 4771 Michaelis
364 4708 554 4793 Oprasnych
578 4709 630 4771 fila
656 4709 754 4770 flavea
784 4711 881 4792 vulgo
914 4712 1105 4773 bombacum
1132 4725 1308 4792 acceperat,
1332 4730 1431 4792 seque

173 4818 229 4878 sub
265 4835 365 4877 manu
396 4816 513 4877 notarii
545 4816 666 4898 publici
699 4816 879 4878 soluturum
913 4818 1128 4898 obligaverat,
1160 4819 1215 4879 sed
1248 4829 1434 4898 prenotatus

171 4921 311 4987 Michael
343 4921 532 5008 Oprasnych
557 4942 630 4984 curn
663 4923 804 5006 quodam
838 4924 1003 4984 leronimo
1036 4924 1192 4985 Palamini
1225 4924 1280 5005 qui
1313 4923 1433 5006 etipse
