3142 5356
564 682 675 742 Petrus
699 678 850 741 carnifex.

567 787 757 848 Valentinus
782 786 896 866 theb.

567 894 742 975 Gregorius
766 907 865 954 sutor.

567 1001 753 1083 Gregwrelr.

566 1109 712 1170 Thomas
738 1108 864 1169 Kereta.

567 1216 719 1277 Nicolaus
743 1212 984 1296 Tropchychin.

567 1323 678 1384 Petrus
701 1342 799 1402 gener
825 1322 944 1382 Benak.

569 1428 721 1490 Nicolaus
744 1448 842 1508 gener
868 1426 1110 1509 deeczywan.

571 1535 753 1596 Demetrius
778 1533 924 1615 Jalrsych.

570 1641 738 1702 Ladislaus
761 1660 860 1721 gener
885 1640 1017 1701 Zedina.

571 1747 764 1808 Benedictus
793 1745 892 1806 faber.

572 1853 756 1917 Anthonius
783 1865 882 1914 sutor.

573 1958 724 2022 Nicolaus
753 1958 886 2021 Thotar.

571 2065 729 2145 Georgius
754 2064 906 2126 Gu'decz.

598 2269 791 2339 Mandatum
821 2270 959 2356 regium.

891 2401 1047 2450 Commissio
1067 2401 1170 2466 propria
1188 2400 1288 2450 domini
1308 2404 1391 2466 regia.

256 2510 453 2572 Wladislaus
476 2510 527 2571 dei
551 2509 657 2590 gracia
677 2529 730 2569 rex
757 2510 922 2591 Hungatie
941 2524 971 2570 et
989 2509 1143 2570 Bohemie
1161 2523 1220 2572 etc.
1246 2509 1435 2572 Fidelibus

151 2618 270 2679 nostris
295 2617 506 2699 prudentibus
539 2630 569 2677 et
600 2617 837 2697 circumspectis
869 2616 966 2698 judici
991 2631 1022 2677 et
1046 2617 1155 2698 juratis
1188 2617 1317 2678 civibus
1344 2619 1435 2679 civi‘

154 2725 228 2784 tatis
253 2738 359 2784 nostre
385 2723 666 2802 Montisgrecensis
682 2723 817 2783 salutem
844 2737 873 2784 et
889 2723 1040 2802 graciam.
1068 2723 1248 2804 Exponitur
1274 2725 1373 2785 nobis
1391 2725 1422 2786 in

152 2849 290 2912 persona
314 2828 418 2890 fidelis
443 2830 541 2889 nostri
561 2829 760 2890 honorabilis
785 2830 926 2909 magistri
945 2830 1070 2890 Nicolai
1089 2829 1307 2890 archidiaconi
1327 2831 1422 2892 dubi·

152 2937 253 2998 censis
277 2951 307 2998 et
331 2937 476 2998 canonici
502 2937 633 2997 ecclesie
658 2937 888 3018 zagrabiensis,
907 2937 1044 3017 qualiter
1067 2936 1128 2997 hoc
1153 2936 1312 3018 superiori
1338 2951 1420 2999 tem·

153 3063 230 3125 pore
255 3043 387 3124 quidam
413 3043 567 3103 Nicolaus
593 3042 795 3103 Soldinarich
814 3043 1013 3104 cohabitator
1037 3056 1139 3104 vester
1165 3043 1300 3104 domurn
1319 3044 1420 3126 ipsius

153 3149 343 3231 exponentis
368 3149 400 3209 in
426 3149 578 3230 Capitulo
604 3149 690 3209 illius
724 3149 855 3210 ecclesie
889 3149 1105 3230 zagrabiensis
1137 3149 1292 3228 habitam,
1318 3150 1423 3211 noctis

166 3258 344 3318 nsilencio
376 3255 486 3316 furtim
519 3257 728 3318 subintrasset
760 3257 894 3337 isticque
928 3255 1098 3318 confractis
1130 3256 1247 3317 ladulis
1278 3271 1309 3317 et
1342 3255 1422 3318 fera-

154 3364 270 3425 mentis
293 3377 446 3443 tanquam
472 3361 660 3423 manifestus
678 3362 727 3423 fur
752 3378 852 3423 certas
869 3384 917 3423 res
942 3377 972 3424 et
990 3365 1074 3424 bona
1100 3363 1199 3444 ipsius
1225 3363 1422 3444 exponentis

154 3471 230 3531 citra
255 3470 409 3530 ducentos
441 3469 510 3530 flor.
543 3469 686 3529 valencia
711 3471 750 3529 ab
785 3469 858 3529 inde
891 3483 1085 3551 exportasset
1117 3484 1147 3530 et
1171 3488 1237 3550 quo
1261 3469 1422 3531 voluisset

156 3576 291 3654 fecisset,
317 3576 401 3637 unde
428 3577 494 3657 ipse
525 3575 772 3657 dampnificatus
803 3596 861 3657 pro
893 3577 1119 3658 recuperandis
1144 3576 1422 3657 resarciendisque

156 3683 343 3744 huiusmodi
360 3683 486 3743 damnis
501 3683 566 3743 suis
592 3703 628 3743 ex
643 3697 730 3765 parte
744 3682 856 3764 prefati
871 3684 995 3744 Nicolai
1022 3703 1129 3744 coram
1148 3682 1240 3743 vobis
1263 3682 1423 3763 judicium

155 3804 185 3851 et
202 3790 358 3869 iusticiam
373 3789 491 3850 habere
511 3804 541 3850 et
555 3790 695 3870 recipere
713 3791 827 3865 vellet;
852 3810 923 3850 cum
942 3805 1048 3851 autern
1075 3789 1230 3870 judicium
1248 3803 1278 3849 et
1295 3789 1424 3869 justicia

156 3896 326 3977 nullipiam
351 3895 390 3955 sit
414 3896 615 3974 abneganda,
641 3895 784 3956 fidelitati
808 3897 904 3976 igitur
928 3897 1038 3956 Vestre
1063 3895 1175 3956 harum
1200 3896 1281 3956 serie
1306 3893 1424 3956 firmis-

154 4003 234 4064 sime
259 4002 449 4062 mandamus
475 4016 636 4082 quatenus
660 4003 765 4063 statim
798 4002 936 4083 acceptis
967 4003 1170 4083 presentibus
1194 4000 1299 4062 eidem
1323 4020 1426 4083 expo·

156 4109 244 4170 nenti
270 4129 307 4169 ex
332 4122 421 4190 parte
447 4108 572 4168 Nicolai
600 4108 802 4169 Soldinarich
828 4107 867 4169 de
893 4122 923 4169 et
940 4128 1035 4189 super
1060 4109 1211 4168 omnibus
1235 4106 1427 4170 huiusmodi

155 4216 220 4276 suis
246 4215 394 4295 dampnis
419 4228 449 4273 et
476 4214 692 4275 incommodis
717 4214 802 4294 juxta
824 4215 961 4294 allegata
987 4229 1017 4274 et
1041 4215 1174 4294 probata
1200 4212 1343 4274 eiusdem
1369 4215 1427 4274 de·

156 4324 259 4384 bitum
287 4335 317 4382 et
342 4335 463 4382 rectum
490 4320 646 4399 judicium
671 4335 702 4382 et
726 4321 884 4402 justiciam
913 4335 1009 4400 atque
1033 4320 1256 4380 omnimodam
1280 4319 1427 4382 satisfac·

157 4430 285 4490 cionem
310 4442 473 4508 amputata
499 4427 588 4487 omni
614 4427 774 4508 superflua
798 4427 968 4506 dilacione,
992 4428 1018 4487 si
1051 4427 1182 4507 quidem
1209 4426 1242 4487 id
1266 4426 1428 4488 verisimi-

157 4536 242 4596 libus
267 4547 297 4595 et
323 4533 528 4593 evidentibus
553 4533 754 4594 documentis
772 4554 827 4614 per
852 4534 955 4614 ipsum
978 4546 1192 4615 exponentem
1219 4534 1429 4613 comprobari

157 4641 284 4724 poterit,
309 4639 416 4700 lacere
452 4639 665 4701 administrari
700 4640 805 4701 modis
837 4640 988 4701 omnibus
1021 4640 1163 4701 debeatis
1194 4653 1225 4699 et
1248 4640 1429 4702 teneamini

158 4749 346 4810 auctoritate
372 4762 479 4807 nostra
513 4748 715 4828 presentibus
740 4747 839 4807 Vobis
872 4748 902 4807 in
929 4746 986 4806 hac
1023 4761 1109 4828 parte
1142 4764 1293 4807 concessa
1317 4758 1348 4805 et
1380 4745 1429 4827 ju·

158 4855 248 4915 sticia
279 4852 453 4914 mediante.
490 4854 586 4914 Secus
615 4853 703 4914 nulla
736 4854 864 4913 racione
890 4852 992 4914 lacere
1026 4851 1260 4934 presummatis.
1293 4851 1429 4913 Prcscn-

158 4962 244 5024 tibus
268 4960 429 5044 perlectis,
451 4959 612 5023 exhibenti
630 4957 789 5023 restitutis.
816 4960 933 5025 Datum
953 4960 1042 5022 Bude
1060 4958 1137 5021 feria
1154 4972 1265 5040 quarta
1279 4959 1430 5040 proxima
