3156 5364
643 359 842 436 Ann01435.
1315 358 1377 442 289

112 571 241 654 Poyeya
266 572 298 632 in
324 586 485 654 postetgo,
511 586 692 632 nostrorum
726 570 907 632 concivium
933 571 1090 650 habitum,
1115 592 1211 634 unam
1230 589 1376 654 quartam

111 679 197 739 curie
231 679 263 739 in
296 699 329 741 se
353 679 556 756 retinentem,
588 697 683 759 super
715 697 773 739 nos
804 697 860 739 seu
892 678 1157 739 communitatem
1191 693 1290 740 totam
1320 700 1377 761 pro

112 803 176 845 non
211 784 378 846 solucione
413 783 579 845 deciorum
611 783 812 863 devolutum,
845 784 939 845 Petro
971 783 1038 845 filio
1071 785 1200 845 Martini
1226 785 1265 846 de
1291 785 1377 847 dicta

112 890 288 972 Mykulich,
314 911 400 952 novo
425 890 548 952 concivi
567 904 689 969 nostro,
713 909 771 970 pro
788 890 881 951 certis
897 890 1038 951 serviciis
1061 890 1126 951 suis
1149 890 1269 972 pluries
1286 911 1374 952 com-

111 997 261 1058 munitati
287 997 429 1078 inpensis
453 995 542 1058 dedit
568 1010 724 1078 perpetuo
749 996 993 1078 possidendum.

216 1103 295 1165 Item
320 1103 434 1165 Visula
458 1101 524 1164 filia
549 1101 705 1164 Anthonii
735 1103 867 1164 textoris
889 1103 1052 1184 quandam
1079 1103 1206 1164 vineam
1228 1123 1318 1165 suam
1344 1103 1376 1165 in

110 1211 272 1274 territorio
305 1211 443 1272 civitatis
475 1211 556 1271 inter
592 1210 703 1271 vineas
735 1209 899 1271 Benedicti
939 1209 1017 1271 alias
1048 1209 1140 1290 jurati
1173 1225 1203 1271 et
1235 1211 1377 1272 concivis

110 1318 210 1379 nostri
246 1316 302 1378 filii
328 1316 465 1400 Gywani
491 1331 522 1377 et
546 1316 677 1401 Agyche
705 1336 761 1377 sue
796 1316 963 1393 consortis,
988 1318 1028 1377 ab
1054 1335 1127 1392 una,
1152 1329 1239 1398 parte
1264 1318 1304 1378 ab
1329 1319 1375 1377 al-

109 1439 174 1485 tera
201 1444 276 1485 vero
301 1423 478 1485 Clementis
501 1422 632 1483 cultoris
656 1437 686 1482 et
712 1421 876 1483 Benedicti
909 1422 1039 1483 sartoris
1078 1421 1218 1483 filiorum
1244 1422 1376 1485 Andree

110 1529 263 1606 habitam,
296 1528 433 1610 desuper
465 1549 481 1589 a
514 1529 565 1588 via
597 1529 762 1590 communi
796 1543 826 1588 et
856 1527 937 1589 infra
971 1547 1071 1609 usque
1096 1528 1265 1590 decursum
1292 1549 1374 1610 aque

110 1635 269 1718 pluvialis,
294 1635 390 1695 simul
423 1653 495 1695 cum
529 1634 668 1715 virgulto
702 1633 807 1695 eidem
839 1633 1026 1715 subjacenti,
1059 1632 1189 1716 prefatis
1214 1634 1375 1696 Clementi

110 1756 141 1804 et
167 1743 343 1804 Benedicto
368 1742 481 1802 vicinis
505 1742 570 1802 suis
595 1762 632 1801 ex
657 1760 815 1802 consensu
833 1754 1010 1802 ceterorum
1037 1741 1217 1802 vicinorum
1242 1760 1373 1803 suorum

109 1848 328 1930 predictorum
353 1847 499 1908 vendidit
523 1862 678 1928 perpetuo
703 1847 941 1929 possidendam.
