3142 5356
637 336 838 416 Ann01428.
1313 362 1367 421 ¹53

212 552 288 612 ltem
316 550 477 631 Georgius
501 549 586 611 filius
611 566 640 611 et
660 551 834 634 Elyzabeth
861 553 968 611 relicta
996 553 1131 612 condam
1159 552 1290 633 Georgii
1311 554 1368 614 Ρο-

95 657 284 739 prauinich,
310 657 471 738 quandam
496 669 612 718 terram
632 676 743 718 eorum
766 656 919 718 arabilem
946 657 976 717 in
995 677 1108 740 campo
1126 659 1209 720 dicte
1235 659 1370 721 civitatis

95 765 186 824 inter
209 778 308 826 terras
332 763 499 825 Michaelis
517 763 641 845 pridem
671 763 786 841 judicis
803 762 860 824 filii
887 764 1064 825 Sebastiam
1090 781 1120 825 et
1139 765 1251 826 Briccii
1269 765 1369 846 pisca·

96 870 182 930 toris
206 869 359 946 habitam,
385 869 464 930 duas
489 868 590 930 dietas
616 868 647 929 in
674 889 706 929 se
724 870 955 945 continentem,
977 890 1050 931 cum
1076 872 1141 931 suis
1165 872 1371 953 pertinenciis

98 974 210 1036 eidem
237 975 385 1037 Michaeli
409 973 477 1035 lilio
498 974 689 1051 Sebastiam,
708 975 814 1035 vicino
839 993 908 1052 suo,
932 995 989 1057 pro
1006 977 1144 1037 sedecim
1171 996 1243 1037 cum
1262 977 1369 1039 medio

99 1079 173 1141 flor.
199 1081 265 1141 auri
291 1081 385 1162 plene
411 1080 581 1162 persolutis
606 1079 819 1141 vendiderunt
844 1096 998 1161 perpetuo
1024 1082 1261 1162 possidendam.

211 1187 287 1247 ltem
312 1184 407 1248 frater
428 1187 619 1248 Benedictus
636 1187 783 1265 vicarius,
801 1187 963 1267 ceterique
981 1186 1102 1264 fratres,
1127 1202 1276 1270 totusque
1294 1208 1369 1249 con·

101 1307 218 1354 ventus
244 1291 376 1354 fratrum
410 1293 649 1353 Heremitarum
682 1294 721 1352 de
757 1293 980 1373 promontorio
1013 1294 1223 1373 zagrabiensi‚
1249 1294 1368 1355 medie·

101 1413 201 1459 tatem
226 1398 393 1460 cuiusdam
419 1401 536 1460 domus
560 1398 694 1459 indicta
719 1400 846 1459 civitate
865 1399 945 1458 inter
963 1398 1077 1460 domos
1103 1400 1244 1460 virorum
1263 1401 1369 1480 provi·

101 1504 218 1565 dorum
246 1505 383 1566 Ladislai
428 1505 467 1566 de
501 1505 635 1566 Preseka
664 1519 695 1565 et
727 1503 1023 1585 Georgii-Puchich
1056 1505 1174 1582 habite,
1199 1525 1261 1586 que
1295 1507 1370 1588 ipsis

101 1630 160 1691 per
186 1611 375 1671 Michaelem
400 1608 503 1671 filium
541 1610 688 1671 Mothous
721 1626 750 1670 et
777 1610 911 1670 Elenam
945 1630 1034 1670 suam
1069 1624 1261 1688 consortem,
1294 1612 1369 1691 ipsis

102 1715 209 1777 adhuc
245 1717 427 1776 viventibus
470 1716 732 1777 testamentaliter
768 1716 871 1796 legata
904 1713 1018 1793 fuerat,
1052 1737 1109 1797 pro
1141 1732 1263 1798 septem
1296 1736 1368 1778 cum

103 1821 211 1882 media
236 1821 369 1898 marcis;
394 1821 489 1900 judex
515 1841 591 1882 vero
615 1837 645 1883 et
670 1820 761 1900 jurati
780 1843 815 1882 ac
833 1836 898 1882 tota
924 1823 1138 1883 communitas
1163 1823 1367 1884 medietatem

100 1926 264 1987 residuam
290 1926 433 1988 eiusdem
460 1927 576 1987 domus
613 1943 683 2009 post
714 1929 838 1988 obitum
864 1927 1052 1988 eorumdem
1079 1928 1223 1989 intestate
1248 1930 1368 2009 absque

99 2033 274 2094 heredibus
295 2032 500 2093 decessorum
518 2052 613 2114 super
629 2033 894 2094 communitatem
920 2048 949 2094 et
967 2033 1052 2114 ipsos
1069 2033 1254 2094 devolutam
1273 2034 1368 2116 privi-

100 2139 261 2219 legialiter
285 2139 370 2219 juxta
395 2139 587 2216 libertatem,
611 2139 758 2199 similiter
790 2158 847 2221 pro
873 2155 993 2221 septem
1028 2159 1100 2201 cum
1125 2140 1230 2200 media
1255 2146 1369 2201 marcis

100 2245 310 2306 denariorum
336 2244 399 2324 jam
420 2245 514 2325 plene
539 2245 710 2326 persolutis
727 2245 941 2306 vendiderunt
955 2261 1112 2328 perpetuo
1131 2245 1367 2327 possidendam.

210 2351 288 2412 Item
314 2351 389 2432 quia
426 2352 536 2411 Petrus
560 2351 682 2433 Zulyak
717 2351 747 2412 id
780 2353 955 2414 literatorie
979 2371 1086 2413 coram
1120 2353 1213 2413 nobis
1237 2354 1268 2413 in
1293 2353 1368 2414 sede

99 2456 271 2539 judiciaria
296 2457 533 2538 comprobavit,
558 2458 644 2537 quod
670 2457 765 2518 tercia
791 2477 862 2538 pars
890 2457 1055 2518 cuiusdam
1082 2458 1198 2519 domus
1223 2473 1253 2520 et
1277 2456 1367 2520 fundi

100 2566 135 2624 in
161 2564 244 2624 dicta
268 2564 396 2624 civitate
422 2564 505 2624 inter
522 2563 637 2623 domos
662 2562 793 2643 Georgii
811 2563 940 2644 pistoris
965 2580 994 2624 et
1013 2564 1190 2626 Clementis
1215 2565 1369 2626 institoria

99 2690 137 2731 ac
164 2671 193 2730 in
214 2685 364 2752 postcrgo
389 2669 506 2729 domus
523 2684 554 2729 et
575 2667 666 2729 fundi
692 2669 789 2729 Blasii
810 2669 1006 2730 Kurmanich
1025 2669 1142 2747 habite,
1160 2690 1256 2732 unam
1275 2691 1369 2752 quar-

97 2793 167 2839 tam
193 2778 223 2837 in
250 2797 282 2837 se
307 2776 513 2853 continentis,
546 2775 605 2836 sibi
631 2775 765 2854 juridice
799 2776 996 2856 pertineba13
1021 2777 1083 2837 alia
1116 2796 1246 2858 quoque
1271 2778 1366 2838 tercia

100 2905 174 2966 pars
212 2884 355 2945 eiusdem
390 2883 505 2942 domus
546 2902 601 2964 per
633 2880 809 2962 Georgium
843 2881 971 2944 fratrem
1014 2903 1106 2943 suum
1140 2899 1210 2964 post
1242 2884 1366 2945 obitum
1449 2908 1452 2912 “

102 2989 248 3050 eiusdem
273 2989 332 3049 sibi
359 2988 462 3068 legata
488 2986 615 3063 fuisset,
640 2989 737 3048 tercia
762 3007 894 3070 quoque
916 3009 987 3070 pars
1004 2990 1146 3050 eiusdem
1172 2989 1288 3050 domus
1313 3010 1368 3071 per

102 3101 262 3175 Agnctem
287 3093 387 3156 filiam
412 3095 574 3172 Mernech,
600 3092 703 3156 fratris
728 3095 828 3176 ipsius
848 3096 941 3174 Petri,
967 3116 1024 3178 pro
1041 3097 1187 3176 quinque
1212 3095 1281 3159 flor.
1299 3097 1365 3157 auri

102 3201 209 3261 eidem
228 3200 322 3261 Petro
343 3200 471 3261 vendita
489 3201 653 3277 extitisset,
673 3201 745 3262 ideo
761 3221 819 3262 nos
836 3203 970 3263 eandem
992 3203 1123 3262 domum
1144 3203 1239 3262 unius
1256 3217 1367 3283 quarte

101 3326 175 3368 cum
194 3307 365 3368 medietate
383 3307 502 3384 celarii,
520 3307 672 3387 suiusque
696 3308 818 3367 cunctis
835 3308 1050 3388 pertinenciis,
1068 3308 1242 3389 (dedimus)
1261 3308 1365 3369 eidem

101 3414 197 3476 Petro
222 3428 253 3476 et
277 3414 341 3474 suis
366 3414 537 3474 herodibus
562 3429 718 3496 perpetuo
744 3415 981 3495 possidendam.

147 3633 230 3702 licut
260 3633 344 3703 feria
373 3640 498 3720 quarta
527 3626 682 3721 proxima
712 3642 787 3720 post
821 3634 943 3704 festum
974 3633 1204 3705 Conversiouis
1233 3634 1322 3705 beati

595 3757 689 3826 Pauli
720 3757 875 3844 apostoli.

604 3905 670 3981 (28.
688 3912 853 3984 jttnuarrr').

210 4050 286 4111 ltem
305 4048 466 4130 Georgius
483 4048 571 4110 faber
589 4048 673 4109 lilius
691 4051 851 4110 Francisci
871 4049 948 4110 labri
969 4050 1173 4111 medietatem
1200 4051 1364 4111 cuiusdam

100 4156 192 4219 fundi
219 4176 274 4217 seu
293 4157 399 4237 (hlorti
419 4157 449 4216 in
468 4157 622 4216 suburbio
641 4157 775 4217 civitatis
792 4155 912 4237 prefate
931 4158 1012 4217 inter
1030 4155 1146 4220 fundos
1162 4177 1217 4217 seu
1232 4157 1366 4237 th)ortos

101 4265 277 4325 liberorum
304 4262 502 4343 Bogdanichi
518 4263 688 4339 dictorum,
713 4264 752 4323 ab
771 4283 844 4342 una,
871 4279 958 4344 parte
975 4265 1014 4324 ab
1040 4265 1139 4324 altera
1164 4284 1239 4324 veto
1265 4264 1365 4325 Eleue

102 4369 246 4431 mulieris
270 4369 377 4429 relicte
407 4369 544 4429 condam
579 4368 743 4445 lobannis,
778 4385 958 4429 nostrorum
994 4371 1186 4446 concivium,
1212 4369 1309 4430 habiti
1336 4384 1366 4430 et

102 4473 274 4548 existentis,
300 4489 416 4536 rectam
443 4490 555 4555 utputa
582 4489 612 4536 et
637 4475 798 4554 equalem,
816 4495 912 4535 unam
938 4476 1057 4536 scilicet
1082 4489 1226 4556 quartam
1252 4489 1282 4535 et
1300 4495 1365 4536 me·

102 4582 188 4642 diam
214 4594 358 4642 octavam
385 4581 470 4642 curie
495 4580 534 4640 ad
560 4600 651 4640 usum
678 4580 814 4640 civitatis
837 4581 868 4640 in
893 4601 925 4640 se
951 4581 1180 4657 continentem,
1204 4599 1275 4641 cum
1300 4581 1366 4640 suis

103 4686 307 4768 pertinenciis
335 4686 473 4768 provido
492 4687 561 4747 viro
578 4687 710 4746 Vrbano
735 4684 801 4746 filio
819 4683 1014 4767 prefatorum
1033 4686 1187 4747 lobannis
1205 4700 1235 4746 et
1252 4686 1364 4762 Eleue,

103 4793 165 4872 jam
191 4806 300 4854 nostro
332 4794 468 4870 concivi,
501 4813 558 4873 pro
593 4812 708 4853 novem
742 4793 856 4853 marcis
888 4793 1091 4858 denariorum
1118 4793 1263 4859 vendidit
1295 4813 1363 4875 per-
