3142 5356
481 506 568 563 Anno
592 519 682 582 1504.
707 537 751 549 -
774 516 822 581 27.
839 505 990 580 s’anuan'i.
1316 517 1371 582 145

144 718 241 796 Faria
270 727 381 796 tercia
409 725 564 813 proxima
594 732 670 812 post
698 723 822 794 festum
851 726 940 794 beati
972 723 1141 795 Vincencii
1170 720 1333 793 martiris.

614 887 677 952 (23.
693 875 856 952 januarii).

211 1016 318 1079 Causa
343 1029 430 1078 mota
463 1016 546 1077 inter
578 1013 778 1097 Stephanum
809 1013 971 1076 literatum
997 1029 1027 1076 et
1052 1014 1242 1077 Michaelem
1274 1013 1371 1077 freni·

101 1143 213 1207 parem
240 1124 369 1185 racione
395 1136 425 1183 et
449 1135 596 1204 pretextu
624 1121 838 1203 quarumdam
872 1121 994 1183 eutium
1019 1120 1196 1184 furatarum
1221 1122 1369 1202 duarum,

102 1231 230 1292 domini
255 1229 349 1310 jurati
381 1229 618 1309 adjudicarunt,
649 1227 737 1309 quod
770 1246 866 1289 unam
897 1243 1002 1289 cutem
1027 1227 1066 1289 de
1100 1229 1221 1290 eisdem
1246 1229 1374 1291 cutibus

102 1338 191 1398 solus
216 1337 385 1397 Emericus
401 1354 465 1396 non
492 1334 630 1415 negavit,
651 1334 684 1394 in
702 1333 816 1394 eadem
841 1347 887 1395 est
912 1334 1095 1410 convictus;
1120 1334 1160 1396 de
1185 1335 1246 1396 alia
1266 1349 1373 1396 autem

102 1458 175 1505 cute
201 1442 242 1504 ad
267 1456 418 1504 octavum
444 1441 530 1503 diem
555 1440 594 1502 ad
613 1459 728 1502 manus
749 1440 844 1501 unius
861 1440 953 1520 jurati
972 1440 1186 1521 juramentum
1213 1441 1375 1524 deponere

102 1548 212 1626 habet,
236 1547 326 1629 quod
350 1547 376 1608 si
402 1546 573 1628 nequierit,
597 1552 714 1607 extunc
737 1546 769 1607 in
794 1546 907 1608 eadem
932 1547 1098 1608 convictus
1122 1546 1216 1629 (erit).

307 1746 404 1821 Feria
432 1748 531 1820 sexta
560 1756 638 1838 post
665 1747 921 1820 conversionem
950 1749 1039 1820 beati
1069 1747 1174 1821 Pauli.

528 1981 531 1985 .
614 1901 858 1985 (26.januarir).
957 1887 1018 1897 '⁸
1112 1887 1152 1895 Η

212 2043 321 2106 Causa
346 2044 428 2105 inter
453 2043 625 2105 discretum
652 2043 822 2104 dominum
844 2043 1046 2105 Anthonium
1072 2058 1104 2105 et
1127 2043 1291 2106 Thomam
1309 2065 1384 2106 car-1

103 2151 293 2234 pentarium'
306 2150 435 2211 racione
453 2157 491 2212 'et
506 2163 652 2232 pretextu
670 2149 838 2210 cuiusdam
856 2147 1000 2226 infamie,
1022 2149 1146 2212 domini
1164 2136 1258 2232 jurati
1276 2171 1376 2233 penes

104 2255 351 2337 deposicionem
377 2256 505 2317 testium
524 2255 740 2337 plurimorum
762 2255 869 2317 taliter
885 2255 1121 2335 adjudicarunt,
1146 2257 1249 2337 quod,
1261 2256 1387 2339 prelati.

106 2377 202 2423 testes
226 2352 450 2456 testimonium
482 2346 641 2424 testificati
669 2376 753 2440 sunt,
786 2376 821 2422 ut
844 2360 986 2443 prefatus
1017 2362 1377 2451 dominusAnthonius

103 2469 163 2530 illo
187 2483 334 2551 tempore
359 2446 419 2530 fuit
442 2469 475 2529 in
500 2469 599 2530 domo
628 2488 694 2546 sua,
719 2452 816 2549 prout
832 2452 927 2529 testes
952 2448 1110 2550 ipsi'lassi
1142 2448 1227 2549 sunt,
1252 2484 1283 2533 et
1307 2490 1372 2533 non

104 2576 137 2637 in
164 2576 264 2638 domo
289 2576 394 2637 aliena
419 2595 492 2637 cum
517 2576 747 2654 meretricibus,
773 2575 847 2636 ideo
877 2575 962 2637 idem
988 2575 1134 2638 Thomas
1158 2579 1376 2659 carpentarius

104 2680 229 2765 prefato
256 2683 391 2744 domino
416 2682 583 2744 Anthonio
608 2682 774 2742 convictus
798 2695 844 2743 est
869 2682 901 2742 in
925 2681 999 2742 vivo
1028 2681 1216 2764 (h)omagi0.

213 2787 339 2849 Eodem
364 2787 416 2849 die
438 2807 532 2848 causa
550 2787 632 2848 inter
650 2806 781 2847 uxorem
802 2786 955 2848 Sinkonis
971 2800 1002 2847 et
1018 2787 1188 2850 Nicolaum
1206 2807 1376 2870 campana·

105 2911 209 2956 torem
232 2896 363 2957 racione
388 2908 419 2957 et
435 2907 579 2977 pretextu
605 2894 767 2975 vituperii,
793 2893 847 2955 ubi
866 2893 970 2954 dictus
992 2894 1145 2954 Nicolaus
1169 2894 1288 2976 objecit
1304 2915 1374 2957 eam

106 3002 292 3084 vituperans
309 3015 340 3064 et
357 3002 529 3063 nominans
542 3001 742 3062 meretricem
761 3000 992 3061 sacerdotalem
1006 3014 1037 3061 et
1053 3000 1259 3080 scholarium,
1277 3022 1375 3083 penes

106 3109 328 3171 testimonium
354 3123 463 3170 contra
489 3109 610 3170 dictum
636 3108 809 3169 Nicolaum
838 3106 957 3168 lactum
982 3107 1107 3169 domini
1131 3108 1224 3188 jurati
1249 3109 1373 3190 adjudi-

107 3231 219 3279 carunt
243 3217 349 3298 ipsum
375 3215 442 3277 fieri
468 3216 500 3277 in
525 3215 601 3277 vivo
626 3193 815 3296 (h)o'magio.

188 3421 334 3491 Sabbata
364 3417 515 3508 proximo
544 3428 620 3508 post
648 3418 770 3521 festum
808 3416 1043 3488 conversionis
1071 3417 1160 3489 beati
1191 3418 1297 3490 Pauli.

618 3582 679 3647 (27.
697 3570 865 3645 januarii).

218 3695 369 3757 Seniores
386 3693 507 3772 judices
528 3694 622 3755 huius
640 3693 777 3754 civitatis
802 3713 928 3754 causam
948 3707 1067 3755 motam
1086 3695 1168 3756 inter
1192 3709 1376 3757 executores

110 3801 247 3862 condam
280 3802 390 3862 Jacobi
426 3799 586 3862 Beledich
620 3814 650 3860 et
684 3799 819 3860 Paulum
853 3799 1007 3879 Pechich,
1040 3814 1185 3882 tempore
1218 3802 1376 3881 judicatus

110 3907 332 3989 circumspecti
359 3907 479 3969 Mathie
504 3906 639 3967 senioris
663 3905 788 3984 judicis,
813 3906 900 3987 prius
924 3926 982 3987 per
1006 3907 1125 3985 juratos
1149 3907 1375 3988 adjudicatam,

110 4015 237 4076 racione
253 4027 284 4076 et
301 4028 446 4094 pretextu
464 4013 575 4074 decem
598 4013 678 4089 flor,
697 4014 750 4072 ubi
769 4027 886 4075 eotunc
904 4013 1006 4073 dictus
1023 4013 1143 4074 Paulus
1161 4014 1296 4076 Pechich
1311 4035 1374 4076 non

110 4133 279 4183 contentus
303 4119 360 4181 sed
384 4119 560 4202 appellavit
579 4119 618 4179 ad
641 4119 786 4179 seniores
804 4118 934 4199 judices,
958 4121 1013 4180 ubi
1038 4120 1135 4181 iidem
1162 4121 1261 4182 modo
1279 4119 1373 4183 infra·

109 4226 226 4309 scripto
239 4226 344 4288 taliter
355 4226 437 4287 inter
451 4240 555 4308 partes
565 4223 702 4307 prelatas
715 4224 948 4305 adjudicarunt,
967 4242 1000 4287 ut
1015 4227 1099 4287 idem
1111 4228 1229 4288 Paulus
1239 4227 1376 4288 Pochich

108 4353 146 4394 ex
170 4352 236 4415 quo
261 4333 406 4394 debitum
433 4330 590 4414 prefatum
610 4332 739 4412 negavit
762 4352 797 4391 ac
816 4352 920 4412 neque
945 4347 1039 4393 testes
1063 4335 1157 4394 ambe
1176 4348 1280 4414 partes
1298 4333 1376 4393 inibi

107 4453 184 4501 tunc
208 4439 380 4501 existentes
404 4439 573 4500 admittere
596 4437 779 4514 noluerunt,
807 4457 864 4519 pro
882 4458 920 4498 eo
947 4439 1050 4499 dictus
1076 4440 1193 4499 Paulus
1218 4439 1257 4499 ad
1282 4440 1376 4521 quin·

106 4545 345 4608 tumdecimum
379 4546 464 4608 diem
497 4544 713 4626 juramentum
747 4545 910 4626 deponere
938 4545 1043 4624 habet,
1069 4559 1103 4607 ut
1135 4566 1241 4626 neque
1275 4547 1378 4607 dictus

109 4653 230 4714 Paulus
255 4650 315 4713 luit
340 4651 510 4714 consocius
534 4665 565 4712 et
590 4670 695 4731 neque
720 4651 881 4711 commisit
903 4671 982 4712 uxor
1006 4673 1063 4713 sua
1088 4653 1193 4713 eidem
1218 4652 1377 4734 prefatum

107 4759 256 4821 debitum
274 4758 442 4835 exolvere,
468 4759 492 4820 si
511 4757 674 4837 juraverit,
700 4771 815 4818 extunc
839 4757 922 4818 idem
942 4760 1094 4821 reddetur
1119 4760 1210 4836 liber,
1228 4760 1253 4820 si
1271 4775 1377 4821 autem

106 4867 327 4948 juramentum
351 4866 515 4948 deponere
540 4864 727 4946 neglexerit,
753 4884 791 4924 eo
821 4863 904 4926 lacto
929 4867 1095 4928 convictus
1120 4882 1166 4927 est
1192 4867 1223 4927 in
1249 4864 1378 4947 prelatis

106 4974 221 5035 decem
231 4970 302 5035 flor.
312 4993 321 5050 ;
330 4972 370 5034 de
380 4991 447 5055 quo
456 4970 578 5053 judicio
587 4970 750 5031 seniorum
761 4969 903 5051 judicum
915 4985 1020 5057 partes
1030 4975 1125 5040 ambo
1136 4986 1291 5038 contente
1300 4989 1391 5037 sunt.

632 5103 847 5119 *⁶*-
1296 5089 1339 5133 lo
