3142 5356
157 354 215 396 122
684 338 771 394 Anna
795 349 883 414 1401.

154 551 282 629 bressya
300 567 395 629 super
412 548 550 628 quadam
571 564 663 625 terra,
680 565 777 627 quam
796 547 948 627 magister
964 545 1118 606 Nicolaus
1133 544 1296 608 Praudich
1313 567 1427 610 casua·

151 652 224 714 liter
248 651 373 714 fecisset
397 653 428 713 in
454 653 520 714 suis
543 652 644 714 literis
668 653 851 727 intercludi,
875 668 1021 731 ternpore
1046 650 1122 712 dicti
1146 651 1275 729 judicis.

257 759 335 822 ltem
359 760 445 821 idem
471 759 646 822 Katherina
664 759 797 821 donavit
815 759 942 820 vineam
970 777 1062 819 suam
1079 758 1220 820 Martino
1244 760 1425 843 sagipario,

151 878 297 948 ternpore
322 867 398 929 dicti
423 867 548 947 judicis.

258 973 334 1034 ltem
361 973 542 1056 Stephanus
559 986 660 1035 sartor
685 987 716 1034 et
739 992 795 1033 sua
820 990 951 1033 consors
976 993 1049 1034 cum
1068 974 1162 1035 Petro
1186 973 1256 1035 lilio
1282 975 1422 1057 Mykech

153 1077 295 1140 fecerunt
320 1080 594 1161 permutacionem
621 1080 652 1140 in
679 1079 830 1139 domibus
862 1098 988 1158 eorum,
1019 1095 1165 1161 ternpore
1189 1079 1268 1141 dicti
1292 1080 1422 1160 judicis.

257 1185 335 1247 Item
360 1187 508 1268 Mychael
533 1184 724 1266 Dragichich
750 1205 822 1246 cum
848 1185 983 1247 Nicolao
1008 1200 1097 1268 patre
1122 1201 1153 1247 et
1177 1185 1339 1267 Dragicha
1366 1208 1421 1250 sua

152 1304 252 1352 matre
276 1289 419 1354 fecerunt
443 1293 719 1374 permutacionem
745 1291 937 1370 alternatim,
961 1306 1108 1374 tempore
1133 1292 1210 1353 dicti
1235 1292 1365 1374 judicis.

172 1468 177 1475 ‚
258 1398 334 1461 ltem
362 1398 479 1460 Paulus
496 1399 640 1460 literatus
663 1397 748 1459 iilius
766 1399 916 1459 l’eterlini
942 1412 972 1460 et
999 1399 1133 1460 Kramar
1149 1399 1290 1481 lapicida
1309 1401 1418 1462 vendi·

152 1502 267 1565 derunt
291 1503 427 1565 fundum
453 1504 585 1586 predicti
613 1504 774 1580 Peterlinr,
798 1519 945 1586 tempore
969 1503 1103 1586 predicti
1133 1504 1259 1586 judicis.

258 1609 336 1671 ltem
362 1611 515 1671 Nicolaus
541 1610 699 1692 Lipouch,
722 1613 832 1688 (deest).

257 1715 335 1777 Item
367 1717 521 1777 Nicolaus
553 1717 592 1777 de
624 1715 768 1778 Chichan
803 1717 948 1778 vendidit
988 1717 1115 1778 vineam
1148 1737 1239 1778 suam
1275 1716 1414 1799 Georgio

153 1821 262 1900 Sulelr,
287 1837 432 1904 tempore
458 1823 533 1884 dicti
559 1822 683 1902 judicis.

258 1929 335 1990 ltem
360 1928 523 1991 lohannes
548 1929 693 1991 vendidit
715 1928 850 1992 fundum
876 1949 970 1990 suum
989 1929 1132 2011 Georgio
1157 1930 1324 2010 Pohaben,
1340 1947 1410 1993 tem·

151 2053 228 2116 pore
253 2035 328 2096 dicti
358 2036 482 2117 judicis.

257 2141 333 2202 Item
360 2142 492 2203 domina
518 2143 603 2203 Rosa
629 2141 773 2202 vendidit
802 2139 938 2204 lundum
964 2162 1056 2203 suum
1084 2141 1228 2223 Georgio
1255 2143 1411 2218 Pohaben,

151 2260 296 2329 tempore
321 2249 396 2310 dicti
422 2249 546 2309 domini
571 2248 696 2329 judicis.

257 2354 334 2416 ltem
360 2356 492 2417 domina
519 2354 720 2437 Margaretha
752 2355 860 2416 relicta
887 2354 1013 2417 Petrich
1041 2354 1159 2415 sutoris
1182 2355 1412 2437 comprobavit,

151 2462 238 2541 quod
264 2463 324 2523 sibi
361 2462 463 2523 dictus
489 2462 612 2523 Petrich
642 2462 788 2540 domum,
819 2475 918 2524 terras
952 2475 1074 2543 septem
1100 2461 1202 2523 dietas
1240 2477 1272 2524 et
1296 2463 1412 2524 medie·

150 2581 248 2628 tatem
274 2569 365 2629 vinee
391 2569 522 2646 dimisit,
547 2583 692 2651 tempore
717 2568 792 2630 dicti
818 2568 944 2648 judicis.

257 2673 333 2735 ltem
360 2675 484 2735 Blasius
509 2674 687 2736 Plauchech
721 2694 776 2757 per
805 2688 1030 2736 testamentum
1064 2675 1301 2756 comprobavit,
1327 2675 1412 2757 quod

150 2779 209 2840 sibi
229 2780 347 2842 Mathei
365 2779 461 2842 irater
477 2800 552 2841 suus
574 2781 695 2842 dimisit
713 2781 847 2841 domum
858 2800 947 2841 suam
962 2794 993 2840 et
1009 2781 1040 2840 in
1059 2780 1143 2842 dicta
1158 2781 1276 2842 domus
1293 2783 1410 2843 medie·

150 2899 213 2946 tate
238 2885 362 2965 Agatha
386 2886 494 2947 relicta
519 2886 594 2947 dicti
615 2885 733 2947 Mathei
751 2887 850 2968 possit
875 2906 1014 2964 manere,
1031 2899 1177 2967 tempore
1195 2887 1272 2948 dicti
1290 2887 1413 2967 judicis.

256 2992 333 3052 ltem
364 2991 510 3053 Thomas
543 2991 743 3054 Gercheuich
774 2991 920 3052 vendidit
953 2989 1089 3053 fundum
1115 3011 1208 3054 suum
1235 2990 1342 3054 Grexe
1366 3011 1413 3054 su·

149 3098 222 3176 tori,
247 3112 392 3180 tempore
418 3099 492 3159 dicti
519 3098 643 3178 judicis.

255 3204 332 3264 ltem
359 3205 469 3266 Petrus
495 3204 630 3265 Briuach
664 3218 693 3264 et
719 3204 856 3266 Barbara
892 3204 1106 3267 vendiderunt
1139 3203 1275 3266 lundum
1303 3225 1414 3268 eorum

150 3310 321 3388 Clementi,
346 3324 492 3391 tempore
510 3311 586 3370 dicti
611 3310 735 3391 judicis,
755 3310 905 3373 videlicet
931 3331 1026 3372 unam
1045 3325 1190 3392 quartam
1209 3325 1241 3372 et
1257 3325 1414 3375 octavam.

255 3415 332 3477 ltem
351 3417 517 3478 Emericus
535 3417 766 3497 prebendarius
791 3417 878 3478 chori
898 3418 1031 3478 ecclesie
1049 3417 1133 3478 beati
1160 3417 1243 3496 regis
1261 3418 1414 3500 Stephani

148 3523 223 3584 lecit
239 3524 514 3604 permutacionem
533 3543 605 3583 cum
632 3525 771 3604 quadam
785 3525 878 3584 vinea
896 3544 950 3584 sua
969 3544 1025 3605 per
1039 3523 1207 3584 dominum
1225 3524 1414 3607 episcopum

149 3629 357 3709 Segniensem
383 3629 422 3689 ad
449 3630 549 3710 ipsam
575 3631 771 3711 prebendam
807 3630 1021 3691 condonatam
1048 3630 1079 3691 e't
1103 3629 1221 3708 datam,
1246 3649 1320 3691 cum
1347 3632 1415 3713 My·

147 3736 257 3796 chaele
283 3749 313 3796 et
331 3735 496 3796 Demetrio
514 3737 630 3798 nostris
656 3737 844 3798 concivibus
862 3735 1005 3797 lecerunt
1029 3736 1318 3818 permutacionem,
1336 3751 1413 3798 tem·

147 3862 223 3923 pore
249 3841 324 3903 dicti
350 3842 473 3902 domini
499 3842 623 3923 judicis.

252 3949 329 4009 ltem
356 3949 516 4030 Georgius
552 3949 683 4032 Gernyn
717 3949 790 4010 fecit
823 3949 1098 4030 permutacionem
1124 3968 1196 4010 cum
1222 3950 1317 4010 vinea
1342 3968 1411 4012 cum

147 4054 282 4114 domino
308 4055 415 4116 Blasio
440 4057 570 4116 custode
597 4057 729 4117 ecclesie
755 4057 981 4137 zagrabiensis,
1006 4055 1094 4136 quod
1119 4054 1286 4117 evidenter
1312 4056 1412 4118 dictus

148 4158 309 4240 Georgius
334 4163 568 4243 comprobavit,
592 4176 737 4244 tempore
763 4163 837 4224 dicti
863 4163 986 4243 judicis.

252 4269 328 4329 ltem
347 4270 449 4329 dictus
475 4268 633 4350 Georgius
651 4270 782 4353 Gernyn
801 4271 946 4331 vendidit
962 4269 1125 4351 quandam
1143 4270 1335 4351 particulam
1352 4289 1406 4331 sue

147 4377 239 4437 vinee
266 4376 384 4437 Mathei
410 4389 441 4437 et
465 4380 602 4456 Agnese,
628 4392 773 4460 tempore
798 4379 872 4440 dicti
899 4378 1022 4457 judicis.

253 4483 330 4543 ltem
356 4482 432 4543 luan
459 4482 605 4542 vendidit
637 4483 772 4545 fundum
805 4505 897 4544 suum
922 4485 1016 4544 Petro
1049 4483 1158 4564 nepoti
1183 4483 1310 4545 domini
1337 4484 1408 4546 Bar·

147 4591 229 4650 nahe
254 4591 394 4671 plebani,
419 4603 564 4670 tempore
590 4590 664 4650 dicti
691 4591 814 4652 domini
840 4591 964 4671 judicis.

254 4696 329 4757 ltem
357 4695 519 4756 lohannes
544 4696 660 4757 Donati
686 4698 831 4759 vendidit
860 4699 985 4759 vineam
1011 4717 1100 4759 suam
1128 4695 1236 4757 Bartol
1261 4697 1409 4779 lapicide,

147 4817 291 4885 tempore
316 4801 392 4864 dicti
418 4801 542 4864 domini
566 4801 690 4885 judicis.
