3142 5356
612 384 699 441 Anno
721 397 811 461 1433.
1280 402 1339 464 245

74 593 305 656 communitati
323 613 379 655 seu
403 593 576 655 comitibus
592 612 650 674 pro
673 608 819 676 tempore
836 595 1015 656 constitutis
1033 596 1198 656 annuatim
1216 615 1343 676 semper

73 715 150 762 ante
175 699 466 762 vindemiationem
494 718 628 761 uvarum
647 719 772 782 semper
789 701 1014 783 persolvendo,
1039 702 1120 764 inter
1146 702 1254 764 vineas
1280 703 1340 763 Mi·

75 806 197 885 chaelis
221 820 252 868 et
276 805 455 868 Clementis
481 806 675 886 piscatorum
701 826 737 868 ac
761 806 863 868 Frane
895 807 1160 868 molendinatoris
1186 807 1339 884 habitam,

75 912 221 994 Georgio
246 913 346 974 sutori
371 912 456 974 dicto
482 912 545 974 lsac
570 911 785 976 vendiderunt
807 927 962 996 perpetuo
988 913 1226 995 possidendam.

182 1038 260 1100 ltem
285 1038 384 1101 Elena
409 1038 518 1100 relicta
543 1038 681 1100 condam
699 1039 846 1121 Dyonisii
871 1038 1038 1121 freniparis
1056 1038 1113 1101 filii
1140 1039 1236 1116 Galli,
1255 1058 1341 1101 nune

73 1164 207 1207 consors
232 1144 372 1206 Emerici
396 1145 514 1206 sutoris
536 1142 594 1205 filii
621 1144 782 1226 Gregorii,
800 1145 1005 1207 medietatem
1028 1146 1194 1206 cuiusdam
1213 1146 1340 1224 domus,

72 1249 178 1331 fundi,
211 1251 319 1313 celarii
344 1266 375 1313 et
406 1250 630 1313 hedificiorum
661 1253 692 1313 in
726 1252 798 1313 vico
823 1253 923 1332 ipsius
955 1253 1091 1313 civitatis
1116 1254 1263 1316 exteriori
1289 1273 1338 1314 su·

71 1373 192 1436 torum,
217 1358 299 1420 inter
323 1358 438 1420 domos
463 1371 493 1420 et
518 1356 636 1419 fundos
661 1357 822 1420 Valentini
848 1359 924 1421 dicti
952 1359 1064 1420 Follen
1090 1373 1121 1421 et
1146 1360 1234 1421 Pauli
1258 1361 1338 1440 sagi-

72 1465 160 1548 paris
184 1463 302 1543 habite,
327 1464 515 1546 porcionem
541 1463 692 1526 videlicet
716 1483 818 1543 suam,
843 1485 940 1526 unam
965 1480 1110 1547 quartam
1137 1467 1222 1526 curie
1248 1467 1279 1527 in
1305 1486 1339 1527 se

73 1571 306 1649 continentem,
331 1569 455 1652 prefato
480 1570 629 1632 Emerico
652 1570 787 1632 domino
812 1586 842 1634 et
859 1573 974 1632 marito
999 1591 1058 1632 suo
1083 1585 1117 1633 ut
1141 1571 1203 1651 jam
1229 1585 1339 1633 nostro

73 1677 199 1738 concivi
217 1695 315 1755 novo,
339 1696 375 1738 ac
392 1695 429 1738 ex
448 1677 523 1758 ipsis
539 1676 757 1758 superviventi
776 1677 909 1738 donavit
926 1690 1081 1759 perpetuo
1099 1676 1337 1758 possidendam.

182 1799 260 1860 ltem
285 1799 458 1861 Katherina
485 1800 593 1862 relicta
611 1815 641 1861 et
667 1800 866 1882 Margaretha
885 1799 949 1862 filia
974 1799 1111 1861 condam
1139 1800 1336 1881 Sigismundi

73 1905 169 1986 jurati
194 1904 252 1967 filii
278 1905 430 1989 Philippi,
464 1904 522 1969 filii
549 1907 705 1986 Mauricii‚
730 1908 770 1969 de
795 1907 1051 1989 possessionibus
1075 1920 1106 1969 et
1130 1907 1339 1989 porcionibus

72 2013 214 2095 ipsarum
239 2013 484 2094 possessionaris
508 2012 715 2095 infrascriptis
745 2014 841 2075 talem
875 2014 955 2074 inter
989 2034 1021 2074 se
1046 2011 1190 2075 fecerunt
1215 2013 1337 2075 realem

75 2118 268 2180 divisionem
296 2132 451 2202 perpetuo
477 2120 673 2199 duraturam,
698 2120 787 2201 quod
815 2120 954 2202 quedam
979 2121 1071 2181 vinea
1099 2119 1337 2181 Marcowschalr

73 2238 105 2286 et
129 2225 267 2306 quedam
292 2237 374 2286 terra
399 2225 551 2286 montalis
577 2246 648 2288 cum
682 2227 809 2288 stabulo
833 2241 864 2287 et
896 2226 1013 2308 (hlorto
1038 2247 1073 2287 ac
1098 2226 1221 2308 (hloreo
1246 2241 1276 2288 et
1301 2227 1337 2287 li-

74 2333 149 2393 bera
174 2350 210 2392 ac
235 2349 345 2392 secura
377 2331 428 2392 via
453 2332 492 2393 ad
525 2333 652 2394 easdem
687 2333 836 2411 ducente,
870 2333 1070 2414 Margarethe
1100 2331 1240 2415 predicte
1271 2352 1336 2394 ces·

72 2438 165 2500 sisset
196 2437 228 2498 in
261 2438 487 2520 proprietatem
522 2453 553 2501 et
593 2440 780 2520 porcionem
813 2459 901 2501 suam
937 2439 1242 2515 condivisionaiem
1275 2439 1335 2501 alia

72 2558 179 2605 autem
206 2544 298 2604 vinea
323 2544 534 2627 Kamennyalr
560 2558 682 2623 vocata,
708 2565 780 2607 eum
811 2560 893 2607 terra
917 2547 977 2607 sibi
1003 2545 1183 2625 subjacenti
1209 2559 1335 2607 etcum

73 2649 195 2732 (h)ort0
220 2669 318 2730 penes
342 2649 495 2732 (hlortum
520 2651 684 2714 Valentini
702 2653 818 2714 literati
843 2650 900 2713 filii
920 2651 1086 2712 Michaelis
1110 2651 1263 2713 Saronich
1282 2651 1335 2713 ha·

74 2756 153 2834 bito,
177 2775 213 2817 ac
239 2775 312 2818 cum
337 2756 510 2818 medietate
528 2757 693 2819 cuiusdam
712 2758 816 2834 vinee,
841 2777 899 2838 pro
917 2758 1071 2840 porcione
1096 2758 1195 2839 ipsius
1213 2758 1335 2838 Marga-

72 2861 162 2924 rethe
188 2882 244 2945 per
269 2862 370 2944 ipsam
392 2864 431 2924 ab
449 2862 556 2924 lwano
575 2863 726 2925 Jalchiew
744 2879 937 2945 comparata,
955 2864 1096 2946 predicte
1112 2863 1285 2925 Katherine
1303 2864 1334 2924 in

72 2969 262 3051 porcionem
284 2968 432 3030 similiter
456 2969 744 3031 condivisionaiem
770 2970 936 3031 cessissent
957 2983 1112 3051 perpetuo
1133 2969 1335 3050 possidende.

179 3092 256 3154 ltem
282 3093 448 3175 quoddam
472 3091 570 3156 fenile
595 3094 676 3156 inter
708 3093 804 3155 ienile
837 3094 1012 3154 liberorum
1036 3113 1092 3154 seu
1117 3112 1334 3154 successorum

71 3199 211 3263 condam
227 3199 391 3262 Valentini
409 3199 502 3280 jurati
520 3215 550 3261 et
562 3214 678 3261 terram
697 3201 872 3262 liberorum
890 3199 1028 3260 condam
1046 3200 1202 3261 consortis
1222 3198 1335 3282 Gyane

68 3307 231 3384 habitum,
256 3325 328 3368 cum
361 3306 427 3367 suis
450 3307 642 3369 utilitatibus
673 3322 703 3368 et
732 3307 937 3388 pertinenciis
969 3306 1124 3367 universis
1160 3305 1334 3368 Benedicto

67 3413 138 3477 filio
163 3413 274 3474 Jacobi
300 3412 457 3475 carnificis
481 3429 511 3476 et
536 3414 716 3476 Laurentio
737 3413 803 3475 filio
828 3413 956 3475 Andree
974 3413 1060 3474 dicto
1086 3413 1250 3477 Churman
1279 3433 1335 3495 per

69 3521 271 3604 legacionem
297 3523 566 3583 testamentariam
593 3521 744 3604 Stephani
775 3521 848 3582 dicti
876 3521 980 3603 Spiret
1004 3522 1082 3582 olim
1107 3521 1216 3582 vicarii
1241 3522 1332 3603 spiri·

66 3627 165 3691 tualis
188 3627 391 3710 episcopatus
415 3628 640 3709 zagrabiensis,
665 3643 711 3690 est
735 3627 909 3689 literatorie
938 3629 997 3687 sub
1021 3627 1128 3707 sigillo
1152 3627 1331 3688 communi-

67 3734 141 3796 tatis
164 3748 390 3818 perpetuatum
415 3735 620 3817 perhenniter
644 3733 887 3816 possidendum.

175 3859 252 3921 ltem
274 3858 423 3941 ·quedam
455 3874 536 3921 terra
570 3859 699 3920 arabilis
724 3858 928 3920 larchenicza
963 3873 1084 3935 vocata,
1110 3859 1190 3918 inter
1213 3873 1331 3919 terram

68 3965 232 4027 Valentini
257 3965 373 4027 literati
399 3964 455 4027 filii
483 3964 648 4026 Michaelis
672 3964 747 4025 dicti
774 3964 927 4026 Saronich
960 3980 990 4025 et
1013 3963 1146 4025 fluvium
1174 3966 1212 4026 de
1242 3984 1332 4026 mon·

66 4072 154 4134 tibus
179 4071 303 4134 Zernalr
329 4072 495 4133 vinearum
521 4071 565 4132 sic
582 4071 738 4132 dictarum
764 4071 985 4132 decurrentem
1008 4071 1125 4148 habita,
1150 4091 1203 4131 sex
1229 4085 1263 4132 ut
1287 4071 1332 4131 di-

67 4178 150 4240 citur
176 4177 278 4239 dietas
300 4190 381 4239 terre
407 4178 496 4238 inse
529 4178 707 4251 continens,
733 4177 911 4238 Benedieto
935 4175 1003 4237 filio
1035 4177 1145 4238 lacubi
1178 4176 1334 4239 carnificis

66 4298 98 4347 et
123 4284 305 4345 Laurencio
341 4283 427 4344 dicto
452 4283 617 4346 Churman
651 4280 719 4343 filio
744 4283 873 4344 Andree
898 4303 952 4365 per
984 4283 1184 4363 legacionem
1210 4284 1333 4344 domini

67 4390 205 4454 condam
233 4388 387 4472 Stephani
423 4389 527 4472 Spiter
563 4389 672 4450 vicarii
705 4389 908 4470 episcopatus
939 4389 1154 4469 zagrabiensis
1187 4390 1216 4449 in
1242 4391 1331 4470 spiri·

65 4497 208 4561 tualibus
233 4511 279 4558 est
302 4496 545 4577 privilegialiter
577 4510 775 4578 perpetuata,
800 4495 890 4556 cuius
923 4510 1022 4556 metas
1046 4517 1062 4555 a
1088 4510 1176 4577 parte
1202 4497 1334 4558 orientis

65 4624 122 4688 per
146 4603 343 4665 eleccionem
369 4603 538 4665 Laurentii
579 4601 713 4684 predicti
748 4603 852 4665 eidem
880 4603 1059 4663 Laurencio
1091 4605 1193 4681 cessit,
1218 4620 1247 4664 et
1271 4605 1332 4665 alia

65 4709 222 4773 medietas
246 4730 263 4771 a
289 4724 377 4792 parte
397 4709 573 4771 occidentis
590 4709 734 4790 predicto
758 4710 935 4770 Benedicto
954 4730 1008 4790 per
1026 4709 1215 4770 divisionem
1234 4710 1332 4791 ipsius

63 4817 160 4880 cessit
184 4830 342 4898 perpetuo
367 4816 571 4898 possidenda.
