3142 5356
147 564 178 612 et
201 549 380 612 liberorum
414 545 574 612 Johannis
605 547 715 631 generi
740 547 870 609 Martini
903 546 1012 609 Terba
1044 544 1197 626 habitam,
1236 545 1412 630 dempera

149 655 200 717 via
226 655 392 717 communi
418 653 499 716 inira
524 674 624 737 usque
649 653 789 716 rivulum
815 675 848 716 se
874 652 1114 731 extendentem,
1138 672 1212 714 curn
1236 653 1305 714 suis
1320 653 1412 736 perti·

149 762 272 824 nenciis
295 759 419 844 prelato
443 760 581 823 lohanni
605 758 672 822 filio
692 760 791 841 ipsius
815 759 979 822 Valentini
1009 778 1068 842 pro
1093 772 1233 840 quatuor
1257 757 1329 821 flor.
1345 759 1413 821 auri

147 888 185 929 ex
210 887 367 930 consensu
392 867 573 928 vicinorum
598 866 816 949 predictorum
835 865 981 928 vendidit
997 877 1154 948 perpetuo
1171 864 1412 948 possidendam.

253 974 331 1036 Item
349 975 476 1052 domus,
501 972 622 1035 fundus
639 987 670 1035 et
687 970 836 1035 hedificia
863 973 895 1034 in
913 973 1041 1035 civitate
1058 970 1179 1055 prefata
1199 971 1284 1035 inter
1300 971 1413 1034 domos

148 1095 179 1144 et
203 1078 320 1143 fundos
343 1081 520 1142 liberorum
555 1079 693 1142 condam
719 1078 869 1160 Gregorii
894 1079 1008 1141 decani
1042 1078 1117 1141 dicti
1143 1077 1282 1141 Slrertha
1306 1094 1337 1141 et
1361 1079 1413 1140 lo·

148 1187 264 1250 hannis
288 1187 363 1249 dicti
389 1187 525 1269 Perprys
549 1185 657 1248 habits
681 1200 712 1248 et
736 1187 885 1266 existens,
909 1186 1051 1248 mediam
1075 1186 1197 1248 curiam
1220 1186 1253 1247 in
1278 1206 1313 1248 se
1338 1204 1412 1249 con-

148 1295 264 1373 tinens,
289 1313 362 1356 cunr
386 1293 452 1354 suis
476 1293 681 1376 pertinenciis
705 1292 835 1354 Thome
863 1293 961 1355 rasori
986 1310 1168 1374 pannorum
1193 1290 1262 1354 filio
1281 1291 1413 1371 Vrbani,

151 1400 214 1480 jam
239 1419 326 1461 novo
351 1400 475 1461 concivi
500 1413 621 1478 nostro,
637 1413 804 1482 tamquam
822 1398 933 1461 heredi
957 1412 988 1461 et
1004 1396 1092 1460 affini
1109 1417 1168 1460 suo
1187 1399 1411 1481 propinquiori

148 1505 308 1588 superstiti
333 1505 489 1568 heredum
514 1505 651 1566 condam
676 1504 830 1588 Stephani
849 1503 1006 1588 Chyphus
1029 1518 1061 1567 et
1085 1504 1243 1567 heredum
1268 1524 1411 1584 suorum,

149 1612 278 1674 nemine
302 1612 430 1694 penitus
451 1612 532 1673 trina
558 1610 675 1673 lorensi
697 1611 826 1693 publica
843 1611 1100 1693 proclamacione
1124 1611 1303 1693 superinde
1332 1609 1411 1674 faeta

149 1717 401 1797 contradicente,
426 1733 472 1779 est
495 1717 669 1780 literatorie
687 1731 804 1780 statuta
829 1732 859 1778 et
883 1730 1069 1800 perpetuata
1094 1715 1302 1799 perhenniter
1314 1718 1412 1801 possi·

150 1823 267 1888 denda.

255 1929 333 1992 ltem
359 1929 500 2012 quedam
525 1930 641 1992 domus
666 1943 696 1992 et
727 1927 845 1990 fundus
876 1929 972 1991 simul
997 1949 1070 1992 cum
1104 1927 1262 1992 hedificiis
1287 1931 1319 1993 in
1344 1932 1412 1993 vico

150 2051 260 2098 nostro
294 2037 442 2098 exteriori
475 2036 561 2117 juxta
594 2035 729 2098 fluvium
762 2048 917 2114 nostrum,
949 2035 1031 2098 inter
1063 2035 1197 2098 domum
1222 2050 1254 2099 et
1278 2036 1411 2099 fundum

151 2143 327 2206 liberorum
352 2144 490 2206 condam
522 2143 654 2227 Agyche
688 2143 796 2205 relicte
828 2143 991 2205 Valentini
1018 2143 1251 2205 Mozlavvchich
1274 2158 1306 2207 et
1330 2144 1412 2207 viam

152 2270 359 2313 communem
385 2271 402 2312 a
428 2251 608 2313 meridione
636 2249 789 2329 habitam,
814 2249 954 2312 mediam
972 2250 1094 2312 curiam
1112 2250 1144 2312 in
1168 2263 1239 2313 toto
1262 2251 1305 2312 ad
1323 2270 1412 2314 usum

152 2357 290 2420 civitatis
314 2357 346 2419 in
371 2377 403 2419 se
428 2357 595 2418 continens
620 2371 651 2419 et
674 2357 842 2436 denotans,
866 2376 939 2419 curn
964 2356 1030 2419 suis
1054 2357 1261 2439 pertinenciis
1285 2358 1411 2420 Andree

152 2462 220 2526 filio
245 2463 328 2525 Petri
353 2462 393 2524 de
417 2462 594 2525 Branowch
620 2483 676 2545 per
704 2461 915 2525 sufficientem
939 2464 987 2525 sui
1013 2464 1318 2547 comprobacionem
1343 2477 1413 2547 post

154 2582 290 2631 mortem
316 2569 446 2654 Agyche
479 2568 561 2630 dicte
594 2568 835 2650 Naglichinicza
869 2569 948 2631 olim
976 2589 1033 2632 sue
1064 2570 1222 2632 consortis
1253 2589 1293 2631 ex
1328 2571 1413 2652 legs·

153 2677 245 2738 cione
270 2676 414 2737 eiusdem
451 2689 497 2737 est
520 2675 693 2737 literatorie
723 2690 908 2758 perpetuata
934 2676 1139 2758 perhenniter
1162 2676 1371 2759 possidenda.

256 2781 333 2844 Item
365 2782 555 2844 Valentinus
586 2781 726 2843 carnifex
759 2781 843 2844 filius
876 2782 1095 2845 Bartholomei
1129 2782 1205 2846 dicti
1239 2783 1414 2862 Meschich,

152 2888 305 2950 directam
332 2902 362 2950 et
386 2888 535 2970 equalem
553 2888 759 2951 medietatem
784 2889 949 2951 cuiusdam
968 2889 1084 2952 domus
1099 2903 1131 2952 et
1154 2889 1247 2952 fundi
1271 2911 1309 2954 ac
1326 2890 1413 2953 hedi·

151 2993 297 3057 liciorum
319 2995 350 3055 in
375 2995 458 3056 dicta
483 2995 610 3056 civitate
636 2996 719 3057 inter
736 2997 851 3058 domos
875 3011 906 3058 et
929 2995 1047 3058 fundos
1072 2996 1250 3059 liberorum
1274 2998 1411 3060 condam

152 3101 316 3164 Valentini
343 3101 461 3162 Malich
477 3103 708 3183 cognominati,
726 3103 805 3165 olim
829 3102 977 3166 similiter
994 3103 1136 3165 concivis
1160 3105 1270 3185 nostri,
1297 3119 1329 3168 et
1348 3106 1411 3167 vias

153 3228 341 3272 communes
365 3206 482 3286 habite,
512 3228 609 3269 unam
638 3209 787 3272 videlicet
811 3224 957 3291 quartam
982 3210 1207 3272 tantummodo
1226 3211 1257 3272 in
1282 3231 1316 3272 se
1341 3211 1411 3274 reti-

152 3329 292 3392 nentem,
310 3315 481 3376 Francisco
498 3314 584 3377 dicto
602 3316 726 3400 Ztoylro
743 3315 810 3378 lilio
829 3315 961 3397 Georgii
979 3315 1019 3378 de
1033 3317 1201 3400 Zawersya
1218 3337 1277 3400 pro
1290 3332 1411 3402 septem

152 3441 224 3484 cum
249 3422 357 3482 medio
382 3418 452 3482 flor.
477 3421 545 3482 auri
571 3421 716 3482 vendidit
748 3437 903 3504 perpetuo
931 3422 1159 3504 possidendam
1192 3442 1231 3485 ex
1255 3443 1412 3487 consensu

153 3529 308 3616 Demetrii
332 3527 389 3590 filii
415 3527 543 3612 Mathye
579 3529 675 3589 aliam
708 3529 914 3592 medietatem
947 3529 1092 3591 eiusdem
1124 3530 1241 3592 domus
1265 3545 1297 3593 et
1322 3529 1412 3593 fundi

152 3656 188 3698 ac
212 3633 454 3712 hedificiorum‚
489 3654 585 3695 unam
610 3635 758 3697 similiter
781 3649 928 3717 quartam
960 3635 992 3696 in
1016 3655 1050 3697 se
1075 3635 1277 3716 retinentem,
1312 3637 1411 3721 possi·

151 3742 266 3821 dentis,
291 3761 328 3803 ex
352 3760 510 3803 consensu
535 3739 713 3803 vicinorum
738 3741 967 3824 predictorum.

259 3848 337 3910 ltem
362 3847 524 3908 Fabianus
554 3845 639 3908 filius
671 3848 846 3927 Kuskonis,
879 3848 1021 3910 concivis
1052 3862 1169 3927 noster,
1198 3848 1353 3912 directam
1384 3865 1413 3912 et

152 3954 301 4036 equalem
328 3953 532 4015 medietatem
558 3953 724 4015 cuiusdam
743 3954 851 4037 (h)orti
877 3956 926 4016 sui
951 3956 982 4016 in
1000 3956 1156 4017 suburbio
1180 3956 1318 4018 civitatis
1334 3957 1413 4021 inter

152 4061 288 4144 (h)ortos
312 4062 445 4144 provide
470 4059 613 4121 mulieris
637 4060 751 4122 Vrsula
780 4076 891 4124 vocate
925 4063 1034 4125 relicte
1059 4061 1197 4124 condam
1220 4062 1343 4126 Vrbani
1367 4063 1412 4143 ju·

152 4169 211 4231 rati
236 4167 293 4231 filii
319 4169 403 4231 Petri
436 4167 512 4229 dicti
538 4166 694 4249 Krapech,
728 4169 768 4229 ab
801 4170 936 4247 oriente,
960 4170 1000 4230 ab
1031 4168 1196 4231 occidente
1227 4189 1305 4232 vero
1336 4170 1413 4232 libe·

151 4295 260 4338 rorum
284 4275 423 4337 condam
449 4273 583 4356 Chupor
607 4294 643 4335 ac
666 4293 757 4336 secus
780 4275 865 4337 viam
890 4294 1097 4337 communem
1120 4294 1138 4337 a
1162 4275 1344 4340 meridione
1361 4276 1413 4338 ha·

151 4383 262 4462 bitam,
286 4381 491 4444 medietatem
516 4379 666 4442 videlicet
683 4394 800 4442 rectam
824 4395 855 4444 et
879 4381 1039 4463 equalem,
1064 4396 1187 4464 aparte
1211 4381 1289 4445 dicti
1306 4383 1413 4467 (h)orti

150 4489 294 4572 ipsorum
327 4489 502 4551 liberorum
535 4484 649 4570 prelati
682 4488 820 4549 condam
853 4487 987 4571 Chupor
1018 4487 1111 4550 sitam
1141 4502 1172 4550 et
1202 4487 1412 4570 adjacentem,

150 4614 248 4657 unam
272 4609 419 4676 quartam
453 4594 540 4656 curie
574 4593 604 4655 in
629 4613 661 4654 se
694 4594 925 4674 continentem,
958 4594 1058 4656 Paulo
1090 4592 1157 4656 filio
1181 4593 1268 4658 lwsn
1292 4596 1333 4659 de
1356 4598 1412 4659 Za·

149 4723 282 4789 wersya,
307 4717 342 4766 ut
365 4702 429 4784 jam
454 4721 540 4764 novo
564 4701 689 4763 concivi
715 4716 836 4781 nostro,
860 4722 919 4784 pro
951 4720 1069 4763 novem
1093 4700 1162 4764 flor.
1187 4703 1257 4764 auri
1281 4716 1315 4766 et
1337 4723 1413 4786 qua·

148 4824 222 4872 tuor
246 4810 353 4891 pensis
377 4809 583 4870 denariorum
601 4809 748 4870 vendidit
772 4823 929 4892 perpetuo
945 4807 1173 4891 possidendam
1199 4827 1237 4870 ex
1256 4828 1413 4874 consensu
