3142 5356
159 309 215 371 108
686 311 771 367 Anno
793 322 886 386 1399.

259 520 336 582 ltem
362 521 543 602 Stephanus
569 520 711 583 Turchel
735 519 881 580 vendidit
905 518 1040 582 [undum
1074 539 1168 581 suum
1193 520 1226 581 in
1253 520 1324 581 vico
1341 518 1408 580 luti-

153 626 323 690 liculorum
349 628 477 689 Andree
503 627 541 688 de
568 627 728 704 Grachan‚
752 640 898 708 tempore
923 627 998 688 dicti
1025 626 1158 688 lvliclini.

258 734 336 796 ltem
363 734 481 797 Mathei
508 734 641 796 Milsich
677 733 824 796 vendidit
847 733 984 795 fundum
1017 752 1111 794 suum
1137 731 1283 794 Francha
1308 731 1412 806 sutori,

151 855 297 922 tempore
322 841 397 902 dicti
424 841 551 902 Miklini
576 840 701 919 judicis.

258 966 334 1026 ltem
353 965 516 1026 lohannes
533 965 572 1026 de
597 963 799 1026 Nouakourh
816 963 960 1024 vendidit
984 961 1121 1024 lundum
1139 982 1233 1024 suum
1252 962 1414 1044 Stephano

151 1071 262 1149 sutori,
287 1085 432 1152 tempore
458 1071 533 1131 dicti
561 1071 684 1132 Miklini
710 1069 835 1150 judicis.

259 1178 335 1238 ltem
355 1177 452 1238 lucia
470 1177 578 1239 relicta
603 1177 739 1238 condam
760 1176 908 1258 Gregorii
925 1175 1102 1256 turgouech
1128 1175 1274 1236 vendidit
1292 1176 1412 1237 vineam

152 1303 243 1344 suam
270 1283 392 1365 prefato
419 1284 554 1344 lvliklino
579 1283 677 1364 iudici
704 1298 814 1344 nostro
839 1282 1005 1343 modern0.

257 1390 333 1451 ltem
359 1388 491 1472 provide
509 1389 640 1450 domine
667 1388 813 1470 Magicha
837 1402 948 1449 vocata
974 1388 1081 1449 relicta
1100 1388 1239 1449 condam
1265 1387 1410 1450 Peterlini

152 1515 187 1556 ac
212 1499 341 1576 Agnesa
367 1510 397 1556 et
430 1494 629 1576 Margaretha
663 1493 727 1555 filie
759 1495 837 1555 olim
864 1494 954 1555 Pauli
988 1494 1064 1555 dicti
1089 1493 1179 1556 Thot
1203 1494 1412 1555 vendiderunt

151 1602 265 1663 silvam
292 1622 403 1664 eorum
431 1602 559 1663 Matheo
586 1601 736 1679 Plaueclr‚
761 1616 905 1682 tempore
931 1601 1006 1662 dieti
1032 1601 1170 1662 Miklini.

259 1728 335 1788 ltem
370 1728 535 1788 Emericus
566 1725 651 1788 filius
683 1727 807 1788 Nicolai
841 1726 880 1787 de
905 1726 1049 1806 Nezpesa
1081 1725 1228 1786 vendidit
1249 1723 1410 1806 quoddam

152 1833 327 1913 (h)0rreum
352 1853 409 1895 seu
440 1833 602 1894 stabulum
628 1832 745 1895 Chuno
771 1833 901 1910 Latino,
934 1847 1079 1914 tempore
1103 1831 1178 1894 dicti
1204 1831 1331 1892 domini
1357 1831 1410 1891 Mi·

153 1940 231 2001 ltlini
256 1940 380 2017 judicis.

257 2043 334 2106 Item
368 2046 521 2106 Nicolaus
551 2059 639 2106 sutor
671 2045 775 2105 dictus
808 2045 939 2105 Criuicb
973 2045 1117 2107 vendidit
1149 2043 1286 2107 fundum
1319 2064 1408 2106 suum

153 2151 319 2212 Anthonio
344 2151 430 2213 dieto
454 2152 565 2229 sutori,
590 2166 734 2233 tempore
760 2150 835 2212 dicti
861 2151 985 2212 domini
1011 2151 1149 2212 Miklini.

258 2256 336 2319 Item
361 2257 485 2338 Agatha
511 2258 574 2318 alio
600 2258 731 2318 nomine
749 2257 861 2318 Philka
887 2257 1032 2319 vendidit
1056 2258 1220 2340 quandam
1246 2279 1336 2320 suam
1354 2279 1412 2319 ses·

150 2363 275 2425 sionem
301 2364 332 2424 in
358 2363 434 2424 villa
460 2362 620 2440 Grachan,
646 2379 789 2444 tempore
815 2363 889 2424 dicti
918 2364 1055 2427 Miklini.

257 2488 334 2550 ltem
354 2487 535 2567 Stephanus
553 2485 636 2547 lilius
653 2488 729 2547 luan
755 2485 829 2547 lecit
846 2487 1007 2548 cambium
1026 2507 1098 2548 cum
1117 2487 1236 2550 Chuno
1255 2489 1286 2549 in
1304 2507 1412 2549 eorum

152 2595 262 2670 vineis,
297 2593 415 2655 Chuno
448 2594 540 2654 cessit
564 2594 657 2654 vinea
683 2594 714 2654 in
741 2608 849 2654 nostro
874 2593 1033 2655 territorio
1059 2607 1089 2655 et
1107 2593 1274 2676 Stephano
1299 2595 1329 2656 in
1357 2595 1414 2655 Bu·

151 2700 285 2777 ltoucha,
310 2716 454 2782 tempore
480 2701 579 2782 ipsius
609 2701 746 2762 Miklini.

257 2807 334 2867 Item
360 2807 523 2868 lohannes
548 2807 700 2868 Babetich
733 2807 879 2868 vendidit
902 2807 1030 2868 vineam
1062 2827 1153 2868 suam
1180 2807 1346 2890 Stephano
1370 2807 1415 2888 ju·

152 2926 220 2974 rato
245 2911 312 2973 filio
339 2912 439 2991 Pauli,
464 2926 610 2994 tempore
635 2912 710 2973 dicti
736 2914 873 2975 Miklini.

257 3037 334 3099 ltem
354 3038 516 3099 lohannes
535 3037 622 3099 Baho
644 3038 784 3099 obtinuit
801 3038 974 3119 quemdam
992 3038 1199 3120 jobagionem
1218 3040 1248 3100 in
1269 3038 1414 3101 Grachan

151 3146 259 3221 situm,
284 3146 415 3205 nomine
441 3145 574 3221 luanlro,
597 3165 693 3226 super
725 3145 840 3206 eodem
865 3145 1014 3207 dedimus
1046 3147 1153 3208 literas
1176 3159 1309 3224 nostras,
1335 3160 1416 3207 tem·

151 3272 227 3334 pore
253 3253 329 3314 dicti
356 3253 494 3314 Miklini.

256 3360 333 3420 ltem
362 3358 563 3420 llanchlinus
587 3357 672 3418 lilius
690 3360 868 3441 lllychaelis
892 3361 1038 3422 vendidit
1054 3360 1192 3423 fundum
1217 3382 1313 3424 suum
1335 3364 1415 3424 Mar·

150 3465 218 3526 tino
243 3463 309 3526 filio
335 3465 466 3541 Detrici‚
490 3478 636 3546 tempore
661 3464 736 3526 dicti
761 3464 903 3531 Miklini.

256 3573 333 3632 ltem
359 3571 508 3632 dedimus
525 3571 631 3632 literas
656 3570 816 3633 Clementi
840 3572 906 3634 lilio
925 3574 1091 3636 Benedicti
1117 3594 1172 3656 per
1189 3589 1415 3638 testamentum

151 3677 254 3738 fratris
278 3679 326 3739 sui
352 3678 485 3754 Vrbem,
509 3692 654 3758 tempore
680 3678 756 3738 dicti
781 3677 922 3742 Miklini.

256 3803 333 3864 ltem
359 3804 471 3864 Petrus
495 3801 580 3863 filius
605 3802 757 3884 Stephani
790 3802 847 3864 filii
872 3803 1012 3888 lllylrech
1046 3807 1134 3869 dedit
1159 3805 1298 3868 lundum
1322 3827 1416 3869 suum

150 3910 180 3969 in
206 3910 277 3970 vico
302 3910 331 3970 T
335 3909 530 3970 heutonicali
557 3908 721 3990 Stephano
746 3913 858 3971 sartori
884 3933 941 3993 pro
975 3913 1117 3993 quodam
1142 3913 1207 3974 alio
1231 3932 1291 3974 suo
1316 3912 1416 3975 fundo

149 4029 180 4075 et
205 4029 306 4076 rastro
330 4035 399 4092 suo,
423 4029 569 4095 tempore
594 4013 669 4075 dicti
695 4013 835 4078 Miklini.

255 4122 332 4183 ltem
358 4121 520 4183 lohannes
545 4120 688 4200 Zagorch
722 4141 860 4182 unacum
887 4124 1051 4205 Stephano
1068 4139 1188 4185 sartore
1213 4125 1245 4185 in
1271 4126 1415 4207 personis

149 4248 285 4290 uxorum
311 4227 500 4288 eorumdem
525 4227 565 4286 ad
593 4242 780 4308 perpetuam
815 4249 925 4310 pacem
951 4230 1149 4293 devenerunt
1173 4249 1282 4292 coram
1307 4233 1413 4308 nobis,

148 4349 292 4416 tempore
318 4334 392 4395 dicti
418 4331 560 4395 Miklini.

253 4441 330 4502 ltem
365 4440 513 4500 dedimus
546 4440 653 4500 literas
685 4440 819 4501 domino
853 4442 953 4502 l'aulo
986 4444 1125 4523 plebano
1158 4445 1244 4506 dictu
1279 4444 1415 4528 Spiritus

148 4552 211 4620 (sic)
237 4567 331 4629 super
355 4546 496 4628 quodam
523 4545 635 4623 fundu,
659 4560 805 4628 tempore
830 4548 904 4608 dicti
931 4547 1072 4612 Miklini.

253 4672 328 4732 ltem
349 4671 499 4732 dedimus
513 4671 620 4732 literas
633 4685 756 4731 nostras
773 4672 878 4733 eidem
896 4675 1030 4736 domino
1045 4676 1146 4736 Paulo
1159 4694 1254 4758 super
1271 4677 1411 4760 quadarn

145 4780 237 4848 vinea
262 4778 392 4845 domine
416 4775 574 4859 Marethe‚
598 4791 741 4866 tempore
766 4779 842 4845 dicti
867 4778 1008 4848 Miklini.
