3142 5356
685 319 771 376 Anno
794 332 885 395 1432.
1354 337 1412 400 231

151 424 473 432 ———-—-.-.
498 427 572 431 .---.
1167 425 1256 429 .-,-.
1287 424 1415 433 —---—-

148 549 211 612 pro
235 544 380 611 tempore
405 548 602 612 possessores
627 528 761 608 singulis
786 529 877 589 annis
910 528 940 589 in
965 528 1127 589 vindemia
1162 549 1296 591 uvarum
1329 550 1416 592 com·

149 635 304 697 munitati
338 654 394 695 seu
426 634 598 696 comitibus
631 635 869 696 communitatis
901 654 958 717 pro
990 648 1135 717 tempore
1169 637 1348 697 constitutis
1379 638 1412 698 in

147 743 281 825 proptia
306 756 434 804 vectura
466 761 521 803 sua
546 754 666 804 sextam
698 755 821 823 partem
846 742 911 801 vini
943 741 1176 804 amministrare
1207 744 1412 806 tenebuntur.

165 944 246 1016 Item
276 943 359 1015 seria
389 942 507 1034 quinta
535 947 691 1033 proxima
720 953 798 1015 ante
825 944 948 1016 festum
974 943 1227 1016 Purificacinnis
1256 947 1401 1034 gloriose

563 1088 695 1157 semper
723 1060 864 1156 virginis
893 1068 1008 1139 llarie.

665 1205 725 1280 (31.
742 1205 907 1280 januarii).

259 1327 337 1388 Item
362 1327 501 1408 quedam
527 1328 619 1388 vinea
639 1327 670 1387 in
695 1327 855 1388 territorio
873 1326 1009 1388 civitatis
1026 1326 1108 1387 inter
1133 1326 1242 1386 vineas
1260 1323 1414 1386 Iohannis

151 1433 306 1494 Kusnech
332 1433 408 1494 dicti
434 1449 465 1494 et
481 1433 658 1495 liberorum
677 1433 814 1494 condam
842 1431 973 1513 Georgii
992 1430 1126 1513 Mosych
1143 1430 1262 1509 habita,
1279 1429 1415 1511 desuper

149 1560 169 1600 a
196 1540 246 1600 via
271 1540 436 1601 communi
462 1555 493 1600 et
517 1539 599 1601 infra
624 1559 725 1621 usque
744 1539 878 1600 fluvium
897 1558 953 1599 seu
978 1538 1118 1599 rivulum
1142 1538 1239 1599 simul
1263 1557 1336 1598 cum
1353 1537 1414 1598 vir-

147 1647 241 1727 gulto
266 1647 372 1708 eidem
396 1647 490 1709 vinee
515 1648 691 1729 subjacenti
715 1667 748 1708 se
773 1647 957 1724 extendens,
982 1666 1037 1728 per
1063 1646 1263 1726 legacionem
1281 1645 1415 1725 Agnetis

149 1754 296 1815 mulieris
320 1755 430 1815 relicte
455 1753 592 1815 condam
619 1753 773 1834 Stephani
807 1754 953 1814 similiter
979 1755 1111 1839 Musych
1137 1755 1224 1833 dicti,
1250 1753 1414 1835 Stephano

148 1861 250 1921 sutori
275 1859 343 1922 filio
368 1859 516 1941 Gregorii
542 1874 573 1921 et
591 1861 730 1922 Martino
756 1858 823 1920 filio
848 1880 906 1920 suo
924 1874 970 1922 est
994 1862 1237 1943 privilegialiter
1261 1862 1319 1922 sub
1336 1878 1414 1942 pen·

149 1967 238 2028 denti
263 1967 371 2047 sigillo
396 1981 592 2048 perpetuata.

256 2073 335 2136 ltem
360 2074 498 2154 quedam
524 2073 642 2133 domus
665 2073 770 2132 medie
795 2074 882 2134 curie
900 2074 996 2135 simul
1020 2095 1094 2136 cum
1120 2073 1222 2136 fundo
1246 2088 1276 2135 et
1293 2074 1412 2136 celario

148 2181 359 2242 subterraneo
383 2199 419 2241 ac
444 2178 599 2240 hedificiis
624 2179 655 2239 in
682 2180 810 2241 civitate
835 2181 975 2261 predicta
1001 2182 1082 2243 inter
1106 2182 1221 2242 domos
1246 2194 1277 2242 et
1293 2179 1411 2242 fundos

148 2287 358 2369 providarum
384 2286 558 2348 Scolastice
591 2302 621 2347 et
646 2286 846 2367 Margarethe
875 2287 1058 2365 mulierum,
1091 2289 1131 2348 ab
1156 2307 1219 2348 una
1245 2302 1344 2368 parte,
1369 2289 1408 2348 ab

148 2393 246 2454 altera
273 2412 349 2454 vero
373 2393 548 2454 liberorum
575 2392 711 2453 condam
738 2392 834 2452 Blasii
867 2393 999 2453 textoris
1023 2393 1142 2471 habita,
1167 2414 1222 2475 per
1247 2393 1412 2455 vendicio·

149 2519 223 2561 nem
249 2499 543 2561 commissariorum
562 2498 744 2560 testamenti
763 2499 899 2559 condam
923 2499 1048 2560 Nicolai
1067 2499 1230 2582 Hortvoya
1248 2520 1286 2560 ex
1310 2499 1412 2578 certis,

148 2606 465 2686 racionabilibusque
500 2605 538 2666 de
564 2605 666 2666 causis
691 2605 722 2665 in
747 2605 811 2665 alio
837 2619 966 2665 caterno
999 2621 1107 2667 nostro
1132 2605 1298 2666 communi
1330 2604 1412 2686 judi-

148 2712 221 2774 ciali
252 2727 465 2795 expresseram
491 2726 520 2772 et
554 2711 785 2792 consignatam,
819 2711 975 2793 Dyonisio
1004 2713 1152 2793 piscatori
1184 2710 1251 2773 filio
1280 2711 1411 2793 Georgii

149 2832 196 2880 est
219 2820 278 2879 sub
312 2818 464 2899 pendenti
498 2818 605 2898 sigillo
638 2818 880 2899 privilegialiter
908 2832 1094 2900 perpetuata
1127 2817 1194 2896 jure
1226 2818 1412 2900 perhennali

148 2923 343 3006 possidenda
368 2938 399 2986 et
415 2925 723 3004 quomodocumque
746 2923 883 2984 voluerit
908 2923 1118 3004 disponenda.

256 3030 333 3091 ltem
358 3030 547 3092 Valentinus
571 3029 656 3092 filius
682 3029 836 3092 lohannis
861 3031 1015 3111 quasdam
1041 3031 1120 3092 duas
1144 3031 1314 3112 porciones
1338 3051 1411 3092 suas

149 3137 294 3199 vineales
318 3137 559 3198 condicionales
591 3138 622 3198 in
647 3137 810 3198 territorio
842 3137 979 3198 civitatis
1010 3138 1152 3218 predicte
1184 3137 1412 3215 condicionali,

149 3243 232 3304 inter
256 3243 383 3305 vineam
409 3243 556 3305 similiter
581 3243 839 3304 condicionalem
865 3243 923 3304 viri
941 3243 1067 3325 providi
1093 3243 1272 3305 Clementis
1297 3244 1411 3304 Mraw·

149 3351 242 3411 kanis
266 3349 341 3411 dicti
366 3349 423 3411 filii
449 3349 616 3428 Anthonii,
642 3371 658 3410 a
691 3351 944 3432 septemtrionali
976 3351 1070 3432 plaga
1095 3351 1250 3429 habitam,
1274 3371 1292 3411 a
1317 3351 1410 3412 meri·

149 3456 272 3517 dionali
298 3469 403 3517 autem
439 3456 532 3537 plaga
568 3458 649 3517 inter
680 3457 808 3517 vineam
841 3477 897 3517 seu
921 3457 1111 3538 particulam
1143 3457 1303 3519 vinealem
1335 3477 1410 3518 con·

148 3563 296 3624 similiter
320 3548 587 3624 condicionalem
614 3562 762 3643 Gregorii
798 3561 855 3624 filii
881 3564 980 3645 ipsius
1012 3563 1169 3625 Anthonii
1200 3562 1303 3625 fratris
1335 3564 1410 3624 dicti

149 3669 346 3730 Mrawlronis
376 3669 512 3747 habitas,
545 3671 603 3730 sub
636 3669 828 3731 condicione
860 3671 938 3731 sexti
970 3670 1078 3731 cubuli
1112 3670 1205 3731 nobis
1236 3689 1292 3732 seu
1324 3689 1410 3732 com·

149 3775 298 3836 munitati
331 3791 437 3837 nostre
469 3790 523 3838 aut
555 3776 727 3836 comitibus
759 3776 874 3836 nostris
903 3796 961 3857 pro
992 3792 1138 3858 tempore
1163 3776 1352 3849 constitutis,
1378 3776 1409 3837 in

148 3880 312 3942 vindemia
337 3882 501 3943 annuatim
527 3901 652 3964 semper
685 3884 724 3942 ab
749 3882 867 3942 eisdem
903 3883 1110 3963 porcionibus
1135 3883 1314 3944 vinealibus
1337 3902 1408 3964 pro·

148 3986 321 4066 venienda,
354 3985 512 4068 Gregorio
537 3987 604 4049 filio
634 3989 730 4049 Blasii
764 3989 803 4050 de
829 3990 1053 4071 anyaltouina
1085 3989 1232 4050 vendidit
1255 4004 1410 4071 perpetuo

147 4093 376 4176 possidendam
402 4109 432 4154 et
455 4094 627 4175 superinde
656 4096 714 4154 sub
746 4095 898 4176 pendenti
924 4096 1031 4175 sigillo
1065 4096 1156 4163 litera
1181 4109 1228 4156 est
1252 4110 1409 4158 emanata.

256 4199 332 4260 ltem
358 4200 497 4279 quedam
522 4201 638 4261 domus
663 4201 768 4261 medie
802 4201 887 4261 curie
912 4216 943 4262 et
971 4202 1066 4262 unius
1090 4216 1201 4262 octave
1227 4201 1258 4261 in
1282 4202 1409 4263 civitate

148 4305 230 4367 inter
256 4305 372 4366 domos
396 4320 427 4367 et
451 4304 569 4367 fundos
594 4307 749 4367 Anthonii
783 4306 940 4368 carnificis
964 4309 1003 4368 ab
1029 4328 1092 4368 una
1124 4322 1222 4389 parte,
1247 4310 1287 4368 ab
1312 4308 1409 4369 altera

148 4433 224 4474 vero
249 4413 424 4474 liberorum
458 4414 593 4475 condam
621 4413 775 4495 Stephani
809 4414 883 4475 dicti
909 4414 1041 4496 Zudych
1074 4414 1181 4475 habita
1206 4429 1236 4475 et
1261 4415 1409 4493 existens,

147 4539 204 4603 per
228 4519 454 4581 vendicionem
480 4521 569 4581 Pauli
603 4521 715 4582 decani
747 4520 803 4581 lilii
837 4521 1037 4599 Marthonos,
1063 4521 1196 4603 Symoni
1229 4519 1296 4581 filio
1324 4519 1409 4581 lwan

147 4640 194 4689 est
217 4625 358 4688 totaliter
381 4628 440 4687 sub
464 4627 616 4708 pendenti
642 4628 749 4708 sigillo
774 4628 1018 4708 privilegialiter
1042 4641 1238 4708 perpetuata.

253 4733 330 4794 ltem
355 4733 510 4795 medietas
534 4735 699 4794 cuiusdam
720 4735 846 4813 domus,
871 4733 973 4811 fundi,
999 4734 1105 4794 celarii
1131 4748 1162 4794 et
1185 4731 1407 4793 hedificiorum

147 4840 179 4902 in
205 4839 290 4902 dicta
321 4840 460 4919 civitate,
486 4841 567 4901 inter
600 4841 725 4919 domos,
759 4839 876 4902 fundos
908 4856 937 4902 et
962 4842 1065 4903 curias
1091 4840 1222 4923 Georgii
1256 4837 1407 4922 lutifiguli
