3142 5356
428 1337 557 1436 (Anno
584 1336 740 1426 Domini
767 1335 1141 1437 Mooouxxxxtx.)

148 1675 257 1766 Nota,
287 1678 352 1751 sub
382 1700 475 1752 anno
506 1676 649 1751 Domini
676 1676 862 1750 millesimo
893 1677 1149 1751 tercentesimo
1179 1678 1413 1775 nonagesimo

147 1825 256 1895 nono,
277 1810 441 1901 tempore
457 1801 637 1899 judicatus
667 1801 797 1875 domini
820 1799 962 1900 llylrlini
984 1800 1041 1874 lilii
1060 1800 1239 1897 iohannis,
1264 1825 1413 1899 presens

537 1925 689 2009 laterna
717 1938 775 1999 est
804 1925 1021 2023 conscripta.

258 2173 335 2233 ltem
362 2173 488 2232 Marcus
512 2172 607 2249 judex
633 2172 769 2233 condam
790 2172 933 2232 vendidit
958 2171 1130 2252 quemdam
1156 2192 1250 2232 suum
1277 2170 1412 2233 fundum

150 2280 233 2340 inter
259 2278 376 2339 fundos
401 2279 557 2339 lobannis
589 2279 804 2339 archidiaconi
839 2279 877 2337 de
904 2278 1054 2339 Vrbouch
1080 2293 1110 2340 et
1136 2279 1253 2339 Mathei
1280 2278 1336 2339 lilii
1363 2280 1413 2340 lo-

150 2385 276 2463 bannis,
296 2384 442 2445 vendidit
467 2386 587 2446 lacobo
612 2385 697 2445 dicto
723 2385 854 2460 Zedina‚
880 2405 944 2445 non
970 2386 1116 2445 obstante
1143 2399 1248 2445 tamen
1275 2385 1414 2466 quadam

150 2491 384 2571 regestracione
410 2489 526 2551 iactum
554 2491 651 2572 ipsius
676 2489 766 2550 fundi
793 2511 850 2572 pro
874 2491 997 2573 prelato
1023 2491 1167 2552 iohanne
1187 2491 1414 2552 archidiacono

151 2596 242 2676 iacta,
267 2612 412 2679 tempore
438 2597 550 2679 prefati
576 2597 699 2658 domini
727 2598 862 2680 Myklini
887 2597 1010 2677 judicis.

258 2722 335 2784 ltcm
368 2721 529 2784 lohannes
562 2722 712 2806 Grachyn
746 2742 910 2803 nunquam
954 2724 1052 2805 possit
1083 2724 1229 2805 aquirere
1263 2743 1416 2806 expensas

151 2849 231 2911 quas
255 2826 328 2890 lecit
352 2848 447 2909 super
471 2829 728 2910 possessionibus
757 2843 788 2889 et
818 2826 927 2889 fundis
951 2829 1134 2909 ligneorum
1160 2829 1291 2889 domine
1318 2829 1413 2889 Frau-

153 2934 270 3012 cische‚
294 2954 389 3015 super
416 2934 593 3012 Elizaberh,
617 2950 648 2995 et
679 2933 745 3015 ipsa
768 2934 898 2996 domina
934 2935 1102 2995 Franciska
1135 2954 1235 3015 usque
1260 2935 1299 2994 ad
1324 2953 1414 2994 suam

152 3042 250 3102 vitam
276 3040 379 3102 valeat
404 3040 566 3121 possidere
592 3056 622 3100 ot
645 3043 835 3120 gubernare,
860 3056 1084 3122 postmortem
1110 3057 1215 3101 autem
1242 3041 1341 3123 ipsius
1358 3041 1413 3101 do·

151 3148 238 3209 mine
258 3148 440 3225 Franciska,
465 3149 531 3229 ipsa
559 3147 724 3209 Elizabeth
754 3149 940 3229 porcionem
967 3162 1083 3209 rectam
1110 3149 1209 3229 possit
1233 3147 1349 3208 habere
1375 3147 1413 3208 de

152 3253 353 3316 hereditariis
377 3255 644 3335 possessionibus,
669 3269 813 3335 ternpore
847 3255 921 3314 dicti
946 3254 1069 3315 domini
1098 3255 1233 3315 Miklini.

259 3377 335 3440 ltern
361 3378 491 3439 domina
527 3379 624 3439 Lucia
657 3378 802 3439 vendidit
833 3379 1038 3439 medietatem
1073 3381 1120 3439 sui
1156 3377 1245 3439 fundi
1272 3378 1414 3458 Georgio

155 3485 353 3568 Kukoryavi‚
377 3499 521 3566 tempore
548 3485 621 3546 dicti
647 3484 769 3545 domini
797 3485 942 3566 Myklini.

258 3590 334 3652 ltem
350 3591 550 3672 Margaretha
565 3591 629 3651 iilia
648 3591 784 3652 condam
800 3591 929 3652 Thome
949 3592 1106 3673 selliparis
1123 3594 1255 3654 donavit
1272 3592 1415 3673 Georgio

152 3717 208 3759 suo
234 3697 350 3759 marito
374 3716 467 3758 suum
494 3696 641 3773 fundum,
666 3712 809 3779 tempore
834 3698 908 3759 dicti
936 3699 1072 3759 Miklini.

257 3803 335 3865 ltetn
363 3803 540 3864 Kathalena
575 3804 683 3865 relicta
710 3803 842 3886 Georgii
871 3806 958 3865 Norlr
991 3806 1137 3866 vendidit
1160 3804 1295 3865 fundum
1321 3823 1414 3865 suum

153 3910 273 3972 lacobo
300 3911 447 3988 institori,
471 3925 616 3992 tempore
642 3912 716 3972 dicti
744 3912 869 3972 lliklini
896 3911 1019 3989 judicis.

257 4017 335 4080 Item
363 4018 479 4079 Paulus
505 4018 716 4099 Mylrcheuich
752 4019 884 4079 donavit
909 4018 1044 4079 luridum
1078 4039 1170 4079 suum
1198 4019 1335 4080 lohauni
1360 4041 1414 4100 ge-

152 4143 229 4186 nero
254 4144 291 4185 ac
316 4125 416 4185 Elene
441 4123 517 4199 filie,
541 4125 617 4199 suis,
641 4138 786 4206 tempore
812 4125 887 4186 dicti
915 4125 1039 4185 Miklini
1066 4125 1190 4203 judicis.

257 4230 334 4292 ltem
368 4231 406 4290 de
440 4250 526 4291 novo
559 4230 692 4292 fecimus
729 4232 835 4292 literas
867 4232 1006 4312 sigillare
1036 4252 1093 4311 pro
1126 4232 1262 4292 condam
1288 4231 1414 4293 Vidone

150 4358 270 4419 genero
294 4338 460 4399 cuiusdam
485 4338 622 4398 condam
650 4338 776 4420 Mapbie
805 4358 899 4419 super
932 4339 1070 4418 quadam
1098 4339 1190 4398 vinea
1216 4339 1246 4398 iu
1273 4338 1359 4400 lsech
1385 4354 1415 4400 et

151 4444 277 4506 duabus
300 4444 556 4524 possessionibus
582 4444 612 4503 in
640 4443 712 4503 villa
740 4443 899 4525 l'obresya
924 4443 1142 4521 existentibus,
1168 4458 1313 4525 tempore
1338 4445 1413 4506 dicti

151 4549 275 4611 domini
301 4548 444 4633 Myklini.

258 4655 334 4718 ltem
370 4655 493 4735 Cbigan
528 4656 665 4716 carnifex
700 4656 845 4717 vendidit
877 4655 1012 4716 fundum
1045 4676 1137 4717 suum
1172 4655 1315 4737 Georgio
1347 4654 1413 4717 filio

153 4762 283 4845 Endrey
308 4761 347 4823 de
372 4782 487 4843 campo
512 4763 723 4842 zagrabiensi,
749 4777 894 4844 tempore
917 4763 993 4823 dicti
1020 4763 1142 4823 domini
1172 4764 1307 4826 Miklini.
