3142 5356
510 497 595 554 Anno
619 510 709 573 1491.
735 529 775 538 -
800 510 851 555 20.
875 496 1033 555 drcembrrr.
1361 516 1400 578 73

171 705 226 768 lavit
245 711 279 770 ab
304 709 421 770 eodem
455 708 639 768 huiusmodi
674 727 800 767 causam
834 707 992 768 committi
1025 706 1144 785 judicio
1169 706 1402 784 dirinaendam3

171 811 391 896 ipsesiquidem
425 814 577 875 dominus
610 814 674 874 dux
703 828 774 894 post
807 814 908 895 ipsam
940 814 1214 895 supplicacionem
1239 827 1402 894 acceptam

172 921 303 983 mandavit
325 921 425 1001 judici
451 935 481 982 et
497 919 619 1001 juratis,
645 920 823 1000 ceterisque
841 920 964 980 civibus
984 919 1080 980 huius
1104 920 1250 997 civitatis,
1277 935 1311 980 ut
1327 919 1403 1000 quia

173 1024 221 1105 ipsa
241 1048 325 1091 causa
352 1029 384 1089 in
409 1043 497 1110 parte
529 1027 761 1089 testamentalis
793 1046 860 1087 esse
889 1026 1067 1104 videbatur,
1100 1026 1185 1087 idern
1211 1025 1306 1105 judex
1330 1045 1401 1088 cum

172 1129 254 1208 juratis
275 1150 304 1197 et
328 1136 452 1197 civibus
476 1154 513 1194 ex
538 1133 691 1195 mandato
717 1133 816 1215 ipsius
848 1133 971 1194 domini
998 1133 1088 1194 ducis
1120 1152 1218 1214 penes
1242 1153 1274 1195 se
1300 1148 1402 1195 certos

171 1235 289 1303 dominos
314 1241 516 1322 jurisperitos
549 1240 588 1300 de
621 1239 774 1322 Capitulo
808 1240 1006 1321 zagrabiensi
1039 1239 1209 1301 advocaret
1232 1260 1268 1301 ac
1300 1241 1401 1321 ipsam

170 1359 267 1408 causam
291 1349 409 1429 pariter
432 1367 504 1407 cum
531 1346 577 1408 eis
601 1346 744 1407 revidere
769 1359 800 1406 et
824 1345 901 1425 juris
936 1347 1049 1407 ordine
1074 1347 1246 1407 terminare
1273 1346 1405 1425 debere,

169 1466 242 1527 quern
256 1455 372 1516 scilicet
388 1452 576 1515 eorumdem
600 1452 804 1513 causancium
823 1454 907 1514 bona
925 1453 1105 1534 supradicta
1131 1467 1161 1513 et
1185 1453 1403 1534 possessiones

170 1553 274 1636 dejure
297 1580 489 1622 concernere
515 1559 775 1634 dinoscerentur;
799 1559 865 1638 ipse
884 1559 992 1640 itaque
1017 1558 1111 1638 judex
1130 1559 1292 1620 advocatis
1309 1579 1404 1621 vene-

169 1660 294 1728 rabilibus
317 1687 353 1728 ac
370 1665 616 1727 honorabilibus
633 1664 792 1725 dominis:
817 1665 911 1725 Petro
928 1665 1059 1742 lectore,
1084 1664 1226 1744 Georgia
1245 1665 1285 1726 de
1303 1666 1402 1726 Bexin

169 1764 261 1833 vicario
284 1774 314 1834 in
339 1773 572 1855 spiritualibus,
598 1771 705 1831 Blasio
730 1771 932 1832 decretorum
957 1771 1088 1832 doctore
1114 1773 1153 1834 de
1179 1773 1326 1848 Kemlelr,
1351 1772 1403 1833 lo·

169 1869 251 1940 banne
282 1881 461 1958 Goricensi,
493 1878 738 1955 archidiaconis,
772 1880 857 1939 Luca
888 1894 919 1939 et
951 1879 1080 1940 Matheo
1112 1880 1274 1940 canonicis
1298 1880 1331 1939 in
1355 1898 1404 1940 ec-

170 1978 245 2047 clesia
265 1987 474 2070 zagrabiensi,
500 1987 618 2067 quibus
641 1984 737 2045 simul
762 1985 794 2045 in
812 1986 886 2046 sede
912 1984 1078 2064 judiciaria
1103 1985 1239 2047 civitatis
1263 1985 1404 2067 predicte

169 2094 399 2172 consedentibus,
418 2093 627 2175 partibusque
645 2091 812 2152 antedictis
830 2091 949 2152 ibidem
967 2093 1143 2153 astantibus
1165 2107 1195 2153 et
1211 2091 1250 2152 ad
1266 2093 1296 2152 id
1315 2092 1404 2152 beni·

169 2191 226 2255 vole
246 2199 518 2262 consencientibus
543 2210 573 2258 et
596 2198 823 2273 annuentibus,
848 2218 904 2278 per
922 2198 1050 2258 easdem
1076 2213 1180 2280 partes
1203 2199 1404 2279 propositum

169 2309 269 2366 ruraum
292 2321 323 2368 et
346 2307 521 2386 allegatum
546 2304 648 2365 extitit
672 2303 786 2365 ordine
810 2305 999 2364 subsecuto:

254 2411 408 2495 lmprimis
424 2411 593 2494 proposuit
609 2408 750 2492 prelatus
770 2410 968 2486 Dominicus,
987 2430 1025 2471 ex
1043 2430 1108 2491 quo
1126 2410 1284 2471 antelatus
1303 2409 1404 2472 Geor·

165 2501 222 2577 llus
233 2513 318 2580 lrater
331 2539 408 2580 suus
424 2517 643 2599 superioribus
660 2517 859 2597 temporibus
883 2517 1083 2597 aliquamdiu
1100 2518 1264 2578 transactis
1284 2519 1404 2597 absque

164 2601 294 2686 heredum
319 2625 441 2686 solacio
466 2624 505 2684 de
530 2623 589 2684 hoc
614 2623 723 2685 seculo
742 2623 918 2703 migrasset,
943 2623 1017 2683 ideo
1034 2623 1143 2683 omnia
1169 2624 1253 2683 bona
1279 2637 1309 2684 et
1334 2643 1405 2704 pos-

160 2719 297 2792 ⁸²⁸⁸lones
321 2731 435 2792 avitice
461 2743 491 2790 et
514 2743 645 2811 paterne
679 2729 816 2791 mobiles
840 2743 870 2790 et
902 2729 1074 2789 inmobiles
1106 2729 1137 2789 in
1163 2729 1268 2810 ipsum
1295 2729 1405 2789 Donni·

157 2814 254 2898 nlcum
280 2852 446 2918 tamquam
472 2855 583 2897 verum
615 2835 767 2896 heredem
798 2856 834 2896 ac
867 2855 1082 2897 successorem
1114 2832 1247 2897 fratrum
1272 2854 1404 2896 suorum

156 2933 447 3006 ⁰⁰¹¹descendissent
470 2956 501 3003 et
525 2942 841 3018 condescenderunt3
866 2962 915 3003 res
946 2961 1021 3002 vero
1046 2957 1077 3003 et
1102 2942 1186 3001 bona
1211 2941 1344 3002 mobilia
1370 2959 1405 3001 ac

152 3023 289 3112 clenodia
313 3070 377 3131 que
402 3049 505 3110 dictus
531 3047 692 3130 Georgius
716 3046 811 3109 irater
836 3049 903 3109 eius
932 3049 1069 3130 propriis
1093 3048 1314 3129 acquisivisset
1338 3048 1405 3128 ipse

151 3126 274 3218 dotnine
299 3155 491 3237 Magdalene
516 3154 601 3216 idem
627 3154 817 3215 Dominicus
845 3155 994 3215 benivole
1019 3155 1195 3216 remitteret
1220 3173 1278 3215 nec
1303 3153 1342 3214 de
1359 3167 1405 3214 ta·

151 3233 230 3319 libus
253 3264 420 3344 quitquam
444 3262 585 3323 accionis
610 3260 741 3322 haberet
765 3262 796 3320 in
819 3281 923 3336 causa,
948 3273 978 3322 et
1003 3261 1151 3342 quamvis
1176 3261 1279 3321 dictus
1304 3258 1406 3320 Geor·

154 3347 217 3426 gius
240 3368 332 3432 frater
357 3370 456 3451 ipsius
480 3368 643 3430 Dominici
669 3367 810 3448 quodam
829 3366 945 3428 frivolo
974 3382 1165 3429 testamento
1189 3368 1407 3449 possessiones

156 3470 178 3518 Ε(
200 3466 282 3538 bona
305 3476 420 3538 avitica
445 3496 501 3537 seu
526 3492 656 3557 paterna
681 3475 741 3556 ipsi
759 3475 890 3535 domine
920 3475 1111 3555 Magdalene
1136 3475 1281 3554 legasset,
1299 3491 1406 3536 tamen

160 3563 216 3645 lule
237 3585 324 3665 regni
349 3598 380 3645 et
404 3583 541 3644 civitatis
565 3583 672 3662 legare
696 3601 761 3643 non
786 3582 891 3663 potuit
916 3596 946 3642 et
974 3601 1032 3643 nec
1057 3582 1157 3643 valuit
1182 3597 1212 3642 et
1236 3601 1341 3663 neque
1366 3582 1405 3644 de

166 3675 240 3750 dictis
254 3690 512 3773 possessionibus
529 3703 559 3750 et
578 3689 671 3750 bonis
688 3689 811 3749 aviticis
828 3701 857 3749 et
871 3690 1011 3769 paternis
1028 3689 1112 3749 dicta
1129 3688 1259 3749 domina
1275 3689 1408 3769 Magda-

166 3781 219 3854 lena
241 3797 408 3878 quitquam
433 3794 596 3877 possidere
613 3809 668 3856 aut
692 3795 808 3855 habere
826 3793 967 3872 deberet,
991 3795 1082 3855 salvo
1107 3815 1156 3872 eo,
1182 3794 1270 3875 quod
1288 3795 1406 3855 dictam

167 3890 308 3965 dominam
335 3902 561 3983 Magdalenam
587 3922 642 3984 per
666 3902 792 3963 obitum
817 3901 892 3961 dicti
914 3902 1051 3963 condam
1076 3901 1208 3982 Georgii
1234 3901 1338 3962 mariti
1357 3901 1406 3961 sui

165 3997 230 4077 iuxta
254 4009 517 4071 consvetudinem
543 4008 678 4069 civitatis
710 4008 908 4069 concernerit
940 4023 970 4069 et
998 4008 1030 4068 id
1063 4008 1151 4088 quod
1176 4027 1231 4088 per
1255 4007 1406 4067 dominos

160 4106 264 4186 judices
287 4116 455 4176 inventurn
480 4111 575 4175 fuerit
600 4114 631 4174 in
657 4133 706 4192 e0,
732 4115 833 4195 ipsam
859 4115 1025 4175 dominam
1051 4113 1278 4194 Magdalenam
1302 4113 1405 4174 dictus

158 4211 336 4283 Dominicus
359 4234 544 4282 contentare
569 4220 675 4282 vellet.

250 4328 296 4389 Ex
328 4327 463 4388 adverso
496 4346 571 4388 vero
605 4326 766 4388 lohannes
802 4328 976 4407 Hungarus
1007 4327 1182 4388 modernus
1213 4326 1346 4387 maritus
1378 4338 1408 4386 et

152 4448 332 4514 procurator
356 4431 492 4495 antelate
518 4432 649 4495 domine
675 4434 866 4515 Magdalene
891 4434 999 4495 relicte
1023 4433 1161 4494 condam
1187 4432 1319 4513 Georgii
1337 4452 1407 4514 pre·

151 4538 231 4618 dicti,
249 4541 316 4623 ipsa
329 4539 462 4600 domina
481 4540 671 4621 Magdalena
685 4554 841 4621 presente,
855 4540 1019 4621 respondit
1030 4541 1148 4618 dicens,
1167 4540 1406 4621 postulavitque

149 4660 180 4706 ut
202 4646 261 4707 dos
285 4660 416 4728 paterna
441 4646 540 4727 ipsius
569 4647 699 4707 domine
722 4647 923 4727 Magdalena,
956 4668 1019 4728 que
1044 4649 1209 4709 dicebatur
1241 4667 1273 4707 se
1299 4661 1407 4708 exten·

148 4750 220 4812 dere
244 4751 284 4812 ad
309 4751 472 4832 sexaginta
497 4751 564 4814 flor.
587 4753 666 4831 auri,
700 4755 940 4834 quamprimum
966 4755 1024 4834 ipsi
1058 4755 1189 4814 domine
1215 4753 1406 4834 Magdalene

147 4857 185 4918 de
209 4859 303 4921 dictis
326 4859 422 4921 bonis
446 4859 637 4938 restituetur,
662 4861 778 4921 deinde
804 4881 861 4942 pro
891 4863 983 4920 rebus
1007 4858 1260 4942 parafernalibus
1284 4860 1324 4920 de
1349 4861 1408 4919 eis·

146 4964 220 5027 dem
244 4965 339 5029 bonis
355 4965 458 5049 ipsam
475 4968 741 5030 concernentibus
765 4968 870 5029 eidem
889 4987 1029 5049 congrua
1046 4966 1224 5030 satisfaccio
1242 4966 1406 5052 impende-
