3142 5356
545 527 753 610 Ann014d'6.
777 548 890 611 -13.
915 535 994 595 maii.
1368 556 1407 619 39

146 757 171 802 er
194 743 273 804 dixit
298 743 386 825 quod
411 764 468 826 per
486 745 642 805 invidiam
660 743 837 807 diffamavit
854 746 1003 826 eandem,
1021 748 1113 829 jurati
1132 747 1407 831 adjudicaverunt,

150 850 230 929 quod
253 850 341 913 idem
368 850 452 911 Dora
479 852 574 912 hebet
599 851 629 911 in
657 853 823 913 katernum
844 854 1001 914 conscribi
1027 868 1058 915 et
1083 855 1114 915 in
1140 856 1267 917 civitate
1293 857 1407 920 habeat

153 956 351 1017 residenciam
378 958 438 1017 sub
461 957 517 1017 tali
543 957 746 1036 condicione,
771 959 860 1038 quod
884 960 909 1019 si
935 960 1054 1020 amodo
1079 961 1277 1042 quicumque
1303 978 1408 1044 posset

154 1062 253 1124 audire
277 1063 329 1124 vel
354 1064 491 1144 probare
509 1064 597 1144 quod
623 1064 759 1125 minaret
777 1065 981 1146 cuicumque,
1007 1067 1091 1127 idem
1118 1067 1214 1129 debet
1231 1069 1406 1131 secundum

157 1167 296 1246 iudicium
320 1169 457 1231 civitatis
480 1169 616 1250 judicari
641 1185 671 1231 et
702 1171 826 1251 justicia
860 1172 1075 1234 administrari
1109 1174 1197 1254 quod
1223 1175 1406 1240 merebitur.

223 1405 315 1479 Feria
344 1418 442 1480 sexta
470 1408 625 1497 proxima
662 1423 741 1481 aute
783 1409 982 1482 dominicam
1012 1411 1327 1500 Ramispalmarum.

667 1565 727 1639 (17.
753 1567 880 1636 inertie).

250 1704 323 1765 Item
349 1705 442 1785 jurati
468 1705 743 1785 adjudicaverunt,
767 1705 846 1767 Orsa
884 1707 1037 1768 ribariezu
1063 1708 1159 1769 debet
1183 1709 1328 1769 comburi
1355 1709 1406 1769 die

172 1819 198 1865 ut
214 1828 304 1891 supra,
329 1828 460 1895 propter
484 1813 573 1894 quod
593 1812 682 1874 dedit
705 1833 867 1874 venenum
897 1815 986 1874 uxori
1020 1815 1207 1876 Zavariczar
1232 1815 1340 1876 bibere
1365 1815 1405 1878 de

174 1913 274 1990 pulvere
298 1920 507 1981 muscellinis.

253 2023 323 2085 Item
351 2025 440 2086 dedit
464 2045 536 2086 curn
563 2026 732 2086 Zavaricza
764 2025 937 2086 Ambrosio
970 2025 1048 2085 alias
1081 2025 1249 2086 tributario
1271 2025 1311 2086 de
1336 2025 1405 2107 pul·

176 2141 227 2184 vere
247 2149 311 2191 cunr
336 2132 478 2213 piscibus
502 2131 683 2193 comedere.

255 2236 325 2299 ltem
352 2239 438 2301 idem
472 2239 560 2300 dedit
591 2258 664 2300 cum
690 2238 845 2299 Zuehaira
879 2237 1021 2319 Georgio
1052 2237 1225 2299 castellano
1250 2239 1280 2299 iu
1307 2238 1405 2321 Selyn

178 2342 311 2406 comedere
336 2347 494 2408 azmerios
518 2366 590 2406 cum
617 2346 702 2406 idem
729 2345 859 2426 pulvere
885 2344 995 2422 iactos,
1020 2359 1055 2405 ut
1078 2364 1183 2426 supra.

252 2449 320 2513 Item
346 2453 616 2514 Mokchekovicza
652 2471 724 2512 cum
758 2451 843 2512 Dora
869 2451 1112 2512 Mazthuovicza
1145 2450 1263 2511 debent
1287 2450 1402 2532 expelli

176 2544 328 2621 decivitate
353 2574 384 2620 et
409 2560 478 2621 eius
502 2559 662 2621 territorio
680 2573 810 2640 propter
832 2559 919 2638 quod
938 2556 1099 2618 diffamare
1124 2571 1198 2617 sunt
1214 2576 1287 2617 cum
1305 2556 1404 2618 male·

177 2649 240 2738 ficiis,
259 2665 296 2727 ita
320 2666 409 2747 quod
434 2667 459 2726 si
486 2666 685 2748 reperientur
708 2666 740 2725 in
767 2665 880 2725 eadem
910 2665 1037 2726 civitate
1070 2664 1188 2726 debent
1213 2664 1348 2726 detineri
1373 2678 1404 2727 et

177 2755 272 2832 iudicari
296 2770 381 2850 juxta
407 2773 613 2854 privilegium
639 2771 785 2833 civitatis.

252 2875 321 2938 Item
347 2878 550 2959 Margaretha
568 2878 787 2963 Zayechiczna
813 2877 908 2939 debet
932 2877 1036 2958 jurare
1053 2875 1131 2938 feria
1155 2891 1240 2937 sexta
1257 2877 1404 2958 proxima

177 2987 227 3048 pon
244 2998 378 3046 octavam
412 2985 672 3047 Resurreccionis
701 2985 832 3045 Domini
865 2984 1126 3045 duodecimamet
1158 2984 1400 3065 propterquod

177 3091 208 3138 ert
225 3084 368 3152 diffamata
386 3111 459 3152 cum
485 3090 671 3166 maleficiis3
697 3104 728 3151 et
751 3091 986 3173 propterquod
1011 3089 1160 3151 dixerunt
1184 3090 1271 3170 quod
1297 3091 1401 3151 virum

177 3198 241 3251 tuum
259 3198 412 3277 perderet,
436 3198 611 3279 suspiciose
636 3197 794 3259 dixerunt.

451 3438 597 3508 Sabbata
628 3440 659 3506 in
689 3436 806 3523 vigilia
838 3434 1083 3508 Pentbecostes.

662 3591 726 3666 (13.
758 3587 859 3656 ntat'i).

249 3728 318 3793 item
342 3752 471 3793 causam
496 3733 578 3793 inter
602 3731 782 3792 iohannem
816 3729 1025 3811 Soldinarycz
1058 3743 1087 3789 et
1113 3729 1195 3789 inter
1220 3729 1398 3789 Jankonem

175 3819 244 3893 potat
264 3840 388 3900 racione
414 3838 580 3899 cuiusdam
606 3838 680 3919 equi
710 3853 741 3898 et
765 3857 820 3918 per
853 3838 956 3917 ipsum
982 3835 1163 3897 Johannent
1190 3835 1398 3917 Soldinarycz

174 3930 201 3989 ἃᾶ
218 3944 341 4007 seniores
365 3945 489 4025 judices
515 3944 572 4005 tuit
604 3945 814 4026 appellatum,
845 3943 987 4004 seniores
1019 3957 1125 4003 autern
1149 3941 1271 4021 judices
1294 3942 1400 4003 taliter

174 4036 414 4129 diminuerunt,
438 4052 527 4133 quod
546 4072 582 4112 ex
608 4071 673 4132 quo
691 4049 832 4132 prefatus
850 4048 1234 4129 JohannesSoldinarych
1261 4048 1311 4129 pie
1330 4068 1396 4108 me-

173 4152 244 4215 morie
265 4159 301 4220 de
327 4160 387 4220 hac
410 4159 474 4220 vita
493 4159 629 4234 recessit,
655 4157 788 4218 domina
812 4176 868 4217 sua
886 4156 980 4217 debet
994 4157 1209 4236 juramentum
1235 4153 1397 4235 deponere

173 4242 374 4327 inuastauere
400 4264 513 4326 Crucis
530 4264 735 4345 quindecima
762 4264 813 4324 die
832 4283 849 4324 a
867 4262 943 4323 feria
969 4275 1054 4322 sexta
1081 4281 1143 4342 que
1169 4276 1215 4320 est
1240 4261 1321 4321 inter
1345 4280 1396 4321 oc-

171 4365 232 4424 tavas
251 4370 460 4448 Pethecostes‚
476 4390 572 4452 super
595 4391 634 4432 eo
659 4371 771 4452 quanti
796 4370 894 4451 precii
913 4369 971 4430 fuit
989 4369 1043 4428 iiie
1068 4388 1170 4448 equus
1194 4387 1233 4428 eo
1251 4381 1395 4448 tempore

171 4474 267 4539 quando
291 4477 350 4539 iuit
373 4476 483 4539 furtim
508 4491 654 4560 receptus
680 4491 710 4538 et
727 4477 829 4537 Janko
854 4476 950 4537 debet
967 4476 1089 4536 solvere
1107 4473 1246 4536 eundern
1265 4493 1396 4554 equum.

245 4581 316 4645 item
348 4584 463 4646 eodem
493 4583 545 4645 die
576 4602 705 4645 causam
738 4584 820 4643 inter
851 4582 987 4642 Paulum
1021 4579 1219 4641 aurifabrum
1252 4595 1282 4640 et
1315 4580 1397 4641 inter

169 4677 300 4752 dadream
325 4691 392 4753 Lah
418 4690 546 4752 racione
564 4689 778 4772 quorumdam
797 4689 892 4750 trium
911 4686 980 4749 flor.
1005 4701 1036 4747 et
1059 4707 1115 4768 per
1141 4687 1245 4768 ipsum
1260 4684 1396 4746 Paulum

164 4790 331 4858 turturum
355 4797 394 4858 ad
419 4797 561 4859 seniores
584 4795 707 4876 judices
731 4794 791 4857 fuit
815 4794 1023 4877 appellatum,
1049 4794 1190 4854 seniores
1216 4805 1321 4854 autem
1348 4792 1395 4872 ju·

161 4890 231 4962 dices
250 4902 514 4965 confirmaverant
539 4903 628 4964 illam
660 4902 936 4982 adjudicationem
963 4921 1025 4982 que
1051 4899 1110 4962 fuit
1134 4899 1314 4982 adjudicata
1340 4920 1396 4982 per

153 5000 291 5087 juratores
313 5008 392 5073 feria
415 5024 502 5073 sexta
525 5009 749 5094 suprascripta.
