3142 5356
692 312 891 390 Anno1431.
1359 332 1421 394 2¹5

270 522 348 585 ltem
373 522 529 585 medietas
560 537 645 586 recta
669 538 701 586 et
732 523 856 606 equalis
881 523 1048 586 cuiusdam
1079 525 1173 587 vinee
1198 547 1254 588 sue
1279 527 1311 589 in
1335 530 1425 590 terri-

154 629 245 690 torio
278 629 415 691 civitatis
439 630 521 692 inter
554 631 663 692 vineas
695 631 825 713 Matbye
858 631 988 692 sartoris
1020 630 1076 692 filii
1109 632 1274 715 Stephani,
1298 636 1338 697 ab
1363 655 1425 698 una

157 749 262 817 parte,
285 737 325 797 ab
358 735 457 798 altera
489 756 565 798 vero
599 736 728 797 Andree
765 736 982 820 Ztepkowych
1015 736 1134 817 habita,
1166 738 1303 821 desuper
1334 741 1426 803 avia

156 843 325 903 communi
350 856 381 905 et
404 863 422 904 a
447 843 613 925 quoddam
638 842 756 906 fossato
780 864 840 927 pro
862 858 947 907 meta
972 844 1137 927 deputat0,
1162 844 1244 910 infra
1268 867 1368 929 usque
1384 850 1424 911 ri·

154 947 270 1010 vulum
295 968 368 1009 cum
392 948 533 1030 virgulto
558 949 663 1011 eidem
692 949 871 1032 subjacenti
894 969 927 1011 se
952 949 1138 1030 extendens,
1163 951 1269 1014 eidem
1294 953 1424 1038 Mathye

155 1055 270 1116 sartori
295 1074 354 1137 pro
378 1075 432 1117 sex
456 1075 530 1117 cum
555 1056 661 1118 media
686 1056 793 1139 pensis
826 1056 1032 1118 denariorum
1063 1072 1109 1118 est
1132 1058 1261 1120 vendita
1285 1078 1342 1141 per
1367 1060 1423 1145 Sy·

155 1180 291 1222 monam
323 1159 422 1222 filiam
459 1162 595 1224 condam
622 1164 758 1242 Marcus,
791 1176 838 1224 est
870 1163 1000 1224 vendita
1032 1178 1064 1226 et
1086 1164 1330 1247 privilegialiter
1353 1186 1424 1249 per·

155 1282 299 1350 petuata.

263 1374 340 1436 Item
365 1375 497 1436 domina
522 1375 686 1438 Dorothea
712 1375 777 1439 filia
811 1377 949 1439 condam
975 1377 1116 1439 Ladislai
1142 1377 1181 1438 de
1207 1377 1352 1461 Elyench
1376 1398 1422 1440 re·

154 1480 230 1542 licta
263 1481 401 1543 condam
436 1482 565 1543 Thome
597 1483 705 1544 vicarii
746 1485 777 1545 in
810 1483 1044 1566 temporalibus
1079 1484 1282 1566 episcopatus
1314 1505 1423 1565 zagru-

155 1587 287 1666 biensis,
319 1588 482 1669 quendam
515 1586 671 1670 (h)0rtum
703 1610 797 1652 suum
832 1591 863 1651 in
900 1591 1061 1652 territorio
1093 1590 1229 1652 civitatis
1261 1611 1361 1673 prope
1393 1606 1425 1654 et

154 1695 267 1756 subtus
292 1714 421 1755 murum
447 1695 584 1757 civitatis
608 1696 762 1777 predicte,
795 1697 882 1777 juxta
906 1696 1059 1776 (hlortum
1084 1697 1260 1758 liberorum
1285 1698 1423 1759 condam

155 1800 264 1863 Choni
289 1800 404 1880 judicis
428 1803 468 1863 ab
500 1802 624 1863 oriente
659 1817 689 1864 et
720 1823 818 1884 penes
842 1803 926 1864 viam
960 1823 1167 1865 communem
1192 1807 1232 1865 ab
1257 1804 1421 1866 occidente

154 1905 314 1985 habitum,
346 1926 420 1968 cum
444 1907 509 1968 suis
533 1909 740 1989 pertinenciis
764 1909 888 1970 Briccio
917 1909 1066 1991 piscatori
1090 1908 1158 1971 filio
1183 1909 1338 1971 Johannis
1361 1930 1420 1993 pro

153 2013 285 2094 triginta
310 2013 438 2074 duobus
462 2012 531 2077 flor.
556 2014 624 2074 auri
650 2014 796 2077 vendidit
818 2029 975 2098 perpetuo
999 2015 1243 2098 possidendum.

260 2120 337 2182 Item
371 2121 531 2182 Fabianus
562 2120 646 2183 filius
678 2122 822 2203 Dragech
854 2142 964 2184 servus
997 2122 1136 2184 condam
1169 2123 1260 2184 Pauli
1292 2123 1418 2207 Wgryn

153 2227 320 2309 quandam
345 2243 467 2310 partem
493 2229 651 2290 vinealem
678 2230 759 2291 inter
782 2230 892 2291 vineas
917 2230 1016 2291 Elene
1042 2230 1186 2291 mulieris
1210 2231 1319 2292 relicte
1344 2250 1419 2292 con-

152 2335 229 2396 dam
256 2334 347 2396 Pauli
363 2334 511 2420 Gywani,
536 2337 595 2397 sub
619 2337 712 2397 metis
737 2352 768 2397 et
783 2337 929 2397 terminis
952 2337 1028 2415 suis,
1053 2356 1088 2398 ac
1105 2337 1187 2398 inter
1211 2337 1337 2399 vineam
1362 2337 1419 2398 Vr-

153 2441 230 2503 bani
255 2441 373 2503 sutoris
396 2441 550 2519 habitam,
576 2442 715 2503 Johanni
740 2440 808 2504 filio
831 2443 993 2503 Valentini
1019 2461 1077 2524 pro
1102 2457 1186 2504 certa
1210 2444 1419 2524 pecuniarum

150 2548 331 2629 quantitate
356 2548 502 2610 vendidit
526 2563 683 2631 perpetuo
713 2549 951 2630 possidendam.

260 2654 337 2718 Item
371 2655 544 2717 Scolastica
577 2654 641 2716 filia
676 2655 853 2734 Michaelis,
886 2655 1027 2717 concivis
1062 2668 1179 2733 nostra,
1204 2655 1356 2717 directam
1389 2669 1420 2719 et

149 2761 301 2842 equalem
327 2761 533 2824 medietatem
566 2762 734 2822 cuiusdam
767 2762 894 2841 domus,
918 2760 1019 2840 fundi,
1053 2762 1225 2842 celariique
1248 2776 1279 2823 et
1305 2760 1417 2823 hedifi-

150 2869 277 2930 ciorum
303 2870 335 2930 in
357 2868 431 2930 'vico
456 2869 605 2930 exteriori
631 2889 687 2929 seu
712 2869 816 2950 platea
835 2868 1064 2930 Theutonicali
1082 2868 1218 2930 civitatis
1241 2882 1417 2949 prenotate,

149 2976 234 3037 inter
258 2975 374 3036 domos
398 2976 541 3056 magistri
575 2975 705 3059 Mathey
729 2990 759 3036 et
790 2974 915 3056 Agathe
947 2994 1003 3035 sue
1037 2974 1203 3054 consortis,
1224 2976 1264 3036 ab
1289 2994 1363 3053 una,
1387 2989 1418 3036 et

149 3097 240 3165 parte
266 3084 306 3144 ab
330 3082 429 3144 altera
455 3082 608 3165 Stephani
633 3082 749 3143 sutoris
773 3082 967 3159 habitorum,
998 3100 1137 3163 quorum
1162 3081 1289 3160 domus,
1314 3079 1417 3161 fundi,

151 3188 264 3250 celarii
289 3204 319 3250 et
344 3189 567 3251 hedificiorum
594 3190 689 3250 aliam
723 3188 941 3267 medietatem,
964 3206 1063 3248 unam
1088 3187 1235 3249 similiter
1259 3201 1417 3269 quartam,

150 3294 331 3376 Gregorius
361 3311 450 3358 sutor
484 3296 661 3357 dinoscitur
691 3295 874 3378 possidere,
907 3294 1003 3355 simul
1035 3313 1109 3355 cum
1135 3294 1286 3356 omnibus
1318 3294 1417 3376 ipsius

149 3402 331 3465 medietatis
354 3404 480 3482 domus,
497 3401 601 3480 fundi,
619 3402 726 3463 celarii
752 3415 782 3463 et
799 3399 1033 3479 hedificiorum,
1050 3420 1149 3462 unam
1166 3414 1312 3483 quartam
1330 3401 1415 3462 curie

147 3508 184 3569 in
208 3529 242 3570 se
280 3509 484 3587 continentis,
517 3509 697 3570 Laurencio
728 3508 828 3569 sutori
860 3507 976 3570 marito
1007 3526 1065 3568 suo
1097 3506 1229 3569 donavit
1260 3520 1415 3590 perpetuo

149 3614 391 3697 possidendam.

150 3818 231 3888 ltem
261 3819 347 3890 feria
376 3827 499 3909 quarta
529 3818 682 3908 proxima
721 3825 799 3890 ante
838 3818 959 3890 festum
987 3815 1242 3889 Purificacionis
1270 3818 1417 3906 gloriose

560 3963 691 4031 semper
719 3945 861 4032 virginis
891 3943 1006 4014 Maris.

661 4090 722 4157 (31.
738 4079 902 4156 januarii).

257 4221 333 4282 Item
360 4220 492 4282 domina
518 4220 649 4303 Agycha
666 4218 731 4281 filia
757 4220 852 4281 Blasii
877 4219 986 4281 relicta
1015 4219 1153 4281 condam
1170 4220 1299 4282 Andree
1316 4219 1410 4283 freni·

152 4328 246 4409 paris,
272 4347 356 4389 nunc
382 4347 513 4390 consors
537 4328 679 4408 magistri
705 4327 824 4389 Mathei
857 4327 972 4389 notarii
998 4341 1028 4389 et
1053 4327 1193 4388 concivis
1230 4328 1329 4388 nostri
1354 4326 1411 4389 filii

156 4435 252 4513 Luce,
277 4435 480 4496 medietatem
507 4435 673 4498 cuiusdam
706 4434 833 4512 domus,
864 4433 967 4512 fundi,
992 4434 1098 4496 celarii
1131 4449 1161 4496 et
1191 4434 1414 4496 hedificiorum

151 4541 183 4603 in
215 4542 286 4603 vico
319 4542 417 4623 ipsius
450 4543 585 4603 civitatis
617 4541 765 4602 exteriori
797 4561 852 4601 seu
885 4541 989 4622 platea
1021 4541 1292 4619 Theuthonicali,
1333 4542 1415 4604 inter

152 4647 267 4709 domos
280 4649 442 4710 Ambrosii
468 4647 636 4728 freniparis
660 4661 691 4710 et
707 4647 838 4730 Agyche
857 4647 1009 4726 mulieris,
1034 4649 1073 4709 ab
1092 4667 1164 4726 una,
1190 4662 1278 4730 parte
1303 4649 1343 4709 ab
1367 4648 1411 4708 al·

150 4766 215 4816 tera
248 4774 325 4816 vero
360 4754 507 4837 Gregorii
541 4755 717 4817 Carintiani
752 4769 782 4816 et
815 4754 984 4815 Laurentii
1019 4754 1135 4818 sutoris
1167 4754 1284 4833 habite,
1316 4774 1413 4820 unam
