3142 5356
149 514 190 575 86
511 517 712 592 Ann01492.
738 549 777 559 -
804 529 849 576 rt.
874 513 1047 589 septembris.

148 727 365 789 subtrahendo
390 729 518 789 easdem
538 747 586 788 res
610 727 755 806 auffugit,
773 727 866 809 jurati
884 727 1159 807 adjudicaverunt,
1179 730 1267 810 quod
1294 750 1332 792 ex
1348 750 1413 812 quo

148 835 215 916 ipse
239 855 288 895 res
313 835 344 895 in
370 834 468 895 domo
494 834 592 912 ipsius
617 834 789 895 Mikulicza
809 831 938 895 luerunt
959 835 1064 896 ablate
1089 836 1121 896 in
1147 835 1245 898 domo
1263 852 1412 898 suasum

148 957 179 1003 et
201 941 332 1003 tandem
357 960 413 1022 per
437 941 575 1002 eundem
596 939 766 1001 Mikulicza
792 940 877 1002 idem
896 941 1012 1001 mulier
1037 955 1200 1023 comperta
1225 958 1255 1005 et
1282 944 1413 1005 inventa

149 1068 222 1109 eum
246 1049 339 1109 rebus
356 1046 426 1124 luit,
451 1063 481 1108 et
505 1046 633 1107 easdem
659 1067 708 1108 res
725 1046 810 1128 apud
833 1046 969 1108 eandem
987 1048 1111 1109 habitas
1135 1049 1221 1110 idem
1240 1050 1414 1111 Mitculicza

148 1156 188 1216 ab
213 1153 326 1216 eadem
351 1153 509 1231 rehabuit,
533 1153 607 1214 ideo
632 1153 672 1213 ad
698 1153 809 1214 leriam
835 1167 953 1214 sextam
989 1154 1168 1235 proximam
1194 1155 1280 1217 idern
1308 1156 1416 1217 Miku·

149 1262 226 1323 liczu
252 1261 356 1342 jurare
381 1260 552 1336 tenebitur,
577 1260 664 1340 quod
697 1259 846 1341 quitquid
879 1261 983 1341 primo
1009 1259 1048 1321 de
1081 1261 1157 1343 ipsis
1182 1263 1276 1323 rebus
1302 1261 1417 1324 babuit

150 1367 225 1429 dare
250 1367 364 1428 debeat
381 1380 412 1427 et
430 1366 565 1447 desuper
583 1365 698 1426 habitis
715 1380 745 1426 et
770 1386 826 1446 per
843 1385 912 1427 eam
932 1367 1066 1448 receptis
1091 1367 1188 1428 nichil
1206 1367 1279 1449 plus
1296 1366 1412 1444 hubet;

150 1474 224 1535 ideo
237 1473 262 1534 si
277 1473 393 1554 jurabit
407 1473 466 1534 erit
479 1485 669 1533 exoneratus
686 1487 716 1533 et
735 1472 900 1533 absolutus
914 1474 952 1533 ab
972 1473 1177 1554 impericione
1195 1473 1295 1555 ipsius
1314 1474 1417 1552 Luce,

151 1581 219 1662 ipse
243 1599 319 1640 vero
345 1580 447 1639 Lucas
471 1578 510 1639 sit
534 1592 701 1638 contentus
726 1578 764 1638 de
789 1579 909 1640 eisdem
939 1598 997 1639 nec
1029 1579 1167 1640 eundem
1193 1580 1416 1662 peramplius

151 1689 190 1747 de
214 1685 427 1766 superbabitis
452 1687 546 1745 rebus
570 1684 731 1764 requirere
760 1685 860 1766 possit
893 1685 967 1765 quia
993 1701 1085 1746 etex
1110 1704 1175 1766 quo
1208 1685 1275 1767 ipse
1308 1686 1414 1746 Milcu·

151 1793 230 1855 licza
256 1806 328 1874 post
352 1790 487 1852 eandem
513 1790 680 1852 mulierem
714 1791 883 1851 ambulans
911 1790 950 1851 de
975 1791 1039 1852 suis
1070 1792 1146 1854 satis
1171 1792 1337 1872 exposuit;
1363 1791 1417 1853 ubi

152 1901 246 1960 ambe
272 1913 358 1981 parte
383 1899 422 1959 de
448 1897 567 1977 judicio
592 1911 740 1960 contente
766 1895 903 1959 fuerunt.

457 2138 603 2208 Sabbalo
632 2137 694 2221 die,
723 2140 753 2206 in
785 2137 871 2208 lesto
900 2138 989 2208 beati
1020 2130 1132 2226 Egidii.

655 2290 697 2366 (1.
723 2290 912 2367 septembris).

260 2431 410 2492 Seniores
427 2430 548 2510 judices
566 2451 692 2491 causam
712 2431 793 2492 inter
810 2432 966 2492 Jacobum
984 2432 1063 2492 alias
1080 2432 1224 2492 villicum
1242 2431 1282 2493 de
1301 2433 1419 2495 Justte·

153 2538 266 2598 barzcu
292 2550 322 2598 et
348 2537 466 2597 Lucem
493 2537 654 2618 Ribarych
679 2537 807 2598 racione
840 2538 1089 2619 vituperacionis
1114 2552 1209 2618 prout
1234 2538 1265 2597 in
1290 2537 1418 2618 adjudi-

153 2644 283 2704 cacione
308 2642 483 2721 juratorum
516 2659 732 2723 expressorum
765 2658 821 2721 est,
854 2644 898 2704 sic
930 2644 1205 2722 adjudicaverunt,
1237 2644 1325 2724 quod
1352 2644 1421 2725 ipse

154 2749 256 2810 Lucas
281 2748 441 2833 Ribarych
460 2765 588 2830 propter
605 2749 862 2830 vituperaciooes
880 2766 989 2811 contra
1008 2751 1112 2832 ipsum
1138 2751 1293 2811 Jacobum
1314 2750 1422 2812 illatas

154 2855 319 2917 convictus
343 2869 388 2915 est
414 2855 445 2914 in
478 2855 588 2915 decem
621 2856 727 2936 pensis
759 2856 966 2917 denariorum
992 2857 1111 2917 usualis
1142 2870 1271 2918 monete
1297 2871 1328 2918 et
1353 2877 1420 2918 non

155 2963 187 3023 in
212 2961 363 3042 homagio
389 2961 480 3037 vivo;
505 2976 608 3042 partes
633 2964 726 3023 ambe
752 2977 900 3025 contente
926 2977 1000 3026 sunt
1025 2963 1064 3023 de
1089 2963 1219 3043 judicio

355 3195 450 3268 Ferit
481 3198 587 3270 tercia
615 3210 690 3288 post
720 3200 843 3270 festum
874 3199 1073 3272 Nativitalis
1103 3203 1217 3272 llarie.

648 3353 710 3430 (11.
734 3353 923 3432 septembris).

260 3495 364 3557 Causa
384 3495 464 3555 inter
479 3495 583 3555 Eliam
602 3493 794 3576 ireniparem
813 3509 843 3555 et
857 3494 1035 3576 Georgium
1053 3510 1205 3572 sutorem,
1224 3493 1422 3558 modernum

155 3602 305 3683 juratum,
330 3603 458 3663 racione
477 3617 507 3663 et
524 3617 667 3683 pretextu
685 3603 936 3683 vituperacionis
953 3617 983 3664 et
1001 3601 1131 3663 infamie
1158 3619 1188 3664 et
1205 3603 1310 3664 verbis
1327 3603 1421 3683 igno·

154 3709 300 3771 miniosis
324 3709 378 3769 ubi
403 3709 588 3770 altercando
612 3729 644 3769 se
670 3723 782 3770 mutuo
815 3710 1039 3791 vituperabant
1064 3724 1093 3771 et
1118 3711 1199 3770 inter
1233 3710 1295 3770 alia
1320 3711 1421 3772 verba

154 3837 209 3877 seu
234 3816 488 3897 vituperaciones
514 3835 627 3876 eorum
653 3817 718 3897 ipse
738 3816 824 3877 Elias
849 3817 888 3876 ed
907 3817 1027 3878 dictum
1055 3815 1233 3897 Georgium
1258 3816 1355 3878 dixit:
1382 3830 1418 3879 tu

152 3943 220 4001 ave,
238 3923 337 4003 vulgo
354 3921 530 4004 scz(u)rych
557 3923 587 3983 in
606 3924 712 3983 tunica
738 3924 834 3982 rubea
854 3923 958 4003 recipe
984 3923 1139 4003 quartale,
1164 3936 1195 3983 et
1211 3936 1325 4003 expost
1351 3923 1421 4004 ipse

154 4029 314 4110 Georgius
338 4043 423 4089 extra
441 4029 537 4088 exivit
554 4043 583 4088 et
609 4029 652 4088 ibi
666 4029 781 4089 iterum
800 4029 866 4109 ipse
894 4029 979 4089 Elias
1004 4029 1098 4089 dixit:
1117 4049 1135 4088 o
1154 4044 1187 4089 tu
1211 4048 1302 4089 sorax
1320 4049 1420 4110 parve

154 4151 184 4198 et
208 4155 334 4196 saccum
360 4135 534 4196 meretricis
558 4148 588 4195 et
612 4136 636 4195 si
663 4134 760 4195 homo
785 4149 876 4211 esset,
895 4150 925 4195 et
940 4135 1005 4216 ipse
1024 4134 1185 4216 Georgius
1200 4135 1255 4195 hec
1281 4135 1422 4198 audiens

153 4261 298 4302 reversus
323 4256 369 4301 est
394 4256 423 4300 et
457 4241 536 4302 dixit
560 4241 669 4301 animo
701 4241 892 4319 injuriandi:
924 4254 958 4302 tu
985 4241 1070 4301 Elias
1105 4256 1274 4301 consvetus
1303 4263 1336 4302 es
1361 4263 1422 4304 nos

161 4366 274 4408 omnes
298 4346 507 4407 debonestare
526 4360 555 4407 et
574 4348 751 4428 vituperare
770 4361 893 4407 sutores
910 4367 1016 4407 nonne
1035 4349 1096 4408 scis
1113 4349 1250 4428 qualiter
1267 4349 1421 4431 expulsus

154 4454 252 4534 vulgo
276 4450 410 4515 frustrari
437 4473 470 4513 es
495 4454 532 4513 de
552 4453 688 4514 Chasma
715 4468 745 4515 et
762 4454 866 4514 simile
892 4454 996 4515 adhuc
1018 4454 1150 4515 babebis
1175 4468 1205 4516 et
1222 4455 1342 4536 emergi
1370 4455 1421 4518 bic

152 4559 208 4621 tibi
229 4572 342 4639 potest,
368 4575 462 4640 prout
486 4559 548 4620 hoc
565 4574 658 4620 testes
676 4560 863 4620 eorumdem
882 4560 964 4620 clare
983 4560 1201 4641 deposuerunt
1226 4574 1257 4621 et
1280 4563 1420 4624 attestati

153 4677 236 4742 sunt,
254 4663 346 4744 jurari
371 4665 644 4745 adjudicaverunt,
663 4667 749 4746 quod
780 4687 816 4726 ex
841 4685 906 4746 quo
932 4667 997 4747 ipse
1017 4666 1176 4748 Georgius
1195 4667 1275 4727 inter
1299 4683 1422 4731 ceteras

154 4770 410 4851 vitupereciones
427 4772 505 4831 dixit
524 4773 580 4854 ipsi
598 4773 684 4832 Elie:
711 4773 860 4852 expulsus
878 4772 977 4852 vulgo
1001 4771 1120 4832 frusteo
1147 4793 1180 4833 es
1205 4773 1243 4833 de
1269 4772 1421 4854 Chasma,

153 4876 178 4936 si
196 4875 256 4937 hoc
281 4877 347 4958 ipse
366 4876 525 4958 Georgius
542 4880 675 4959 probate
702 4898 764 4938 nou
784 4879 909 4959 poterit,
927 4893 1041 4939 extunc
1059 4894 1167 4939 contra
1183 4880 1286 4960 ipsum
1313 4879 1421 4943 Ellam

154 4982 319 5046 convictus
344 4996 390 5047 est
414 4984 446 5046 in
472 4984 624 5068 homagio
647 4985 740 5063 vivo;
765 4984 805 5045 de
822 4985 894 5048 aliis
919 5005 993 5048 vero
1016 4986 1220 5068 vituperiosis
1245 4999 1275 5047 et
1299 4985 1423 5053 illicitis
