3156 5364
405 1350 534 1449 (Anno
562 1347 719 1436 Domini
745 1346 1159 1447 Mooooxxxxvffl.)

151 1704 239 1781 ltem
269 1714 366 1796 nota,
395 1705 460 1781 sub
489 1727 582 1780 anno
616 1703 759 1780 Domini
799 1705 986 1780 millesimo
1014 1705 1276 1781 tercentesimo
1305 1729 1412 1781 nona-

152 1830 294 1927 gesimo
325 1838 468 1923 octav0,
488 1838 654 1928 tempore
669 1827 851 1927 judicatus
877 1829 1009 1903 domini
1026 1829 1196 1929 johannis
1224 1829 1287 1905 filii
1309 1831 1414 1921 Pauli,

451 1977 602 2053 presens
631 1955 785 2029 laterna
813 1961 872 2028 est
900 1954 1123 2050 conscripta.

258 2199 336 2264 ltem
370 2200 504 2281 provida
538 2199 671 2262 domina
704 2199 851 2263 Marecha
881 2215 992 2262 vocata
1025 2200 1133 2261 relicta
1159 2200 1286 2263 Nicolai
1312 2201 1414 2276 Virus,

151 2304 216 2366 filia
243 2326 319 2368 vero
352 2305 508 2367 Johannis
532 2305 608 2367 dicti
641 2306 783 2381 Churen,
819 2320 920 2367 rectas
951 2306 1139 2368 medietates
1163 2305 1281 2368 domus
1313 2308 1413 2390 primo

152 2432 208 2473 sue
233 2413 264 2473 in
290 2412 432 2494 predicta
457 2412 583 2474 civitate
609 2415 679 2491 sita,
703 2432 738 2474 ac
757 2412 849 2473 vinee
875 2413 905 2472 in
931 2412 1091 2474 territorio
1116 2426 1227 2473 nostro
1251 2412 1360 2476 habite
1384 2414 1412 2474 in

151 2520 302 2600 opposito
327 2518 460 2580 ecclesie
482 2519 565 2580 beati
585 2517 728 2599 Georgii,
752 2532 874 2600 partem
900 2518 1021 2579 scilicet
1045 2531 1165 2580 rectam
1190 2531 1221 2580 et
1252 2520 1409 2601 equalem,

153 2624 228 2685 luan
246 2623 314 2687 filio
332 2624 474 2687 Charant
490 2639 520 2685 et
538 2625 644 2686 Blasio
667 2644 787 2706 genero
808 2643 866 2685 suo
891 2626 931 2685 ab
949 2644 1093 2687 amorem
1111 2624 1302 2688 dileccionis
1325 2626 1411 2688 dedit

152 2744 183 2792 et
207 2730 348 2804 tradidit,
373 2745 518 2813 ternpore
543 2729 656 2812 prefati
681 2731 805 2793 domini
830 2731 996 2794 iohannis.

259 2836 335 2898 ltem
362 2836 486 2919 Gaspar
509 2837 654 2899 literatus
677 2836 762 2898 filius
787 2836 905 2899 Cosme
934 2836 1086 2899 aurifabri
1111 2838 1277 2920 quandam
1302 2840 1411 2901 stacio·

154 2962 227 3003 nem
252 2963 342 3004 suam
368 2944 449 3004 intra
472 2963 545 3004 suas
574 2942 732 3005 staciones
765 2958 922 3005 muratam
947 2957 977 3006 et
1009 2944 1161 3025 ligneam,
1186 2944 1327 3006 Johanni
1351 2944 1415 3006 filio

155 3050 264 3111 Jacobi
288 3049 363 3110 dicti
397 3049 496 3133 Bnlye
521 3049 658 3111 condam
692 3049 801 3131 judici,
833 3070 891 3131 pro
923 3049 1064 3131 quadam
1097 3051 1190 3112 vinea
1215 3070 1273 3113 sua
1298 3070 1333 3112 ac
1358 3070 1411 3132 pro

153 3152 387 3216 reformacione
411 3174 467 3215 seu
492 3155 738 3237 recuperacione
772 3155 898 3233 domus,
927 3175 984 3216 nec
1010 3176 1073 3216 non
1098 3169 1221 3237 septem
1247 3156 1316 3220 flor.
1346 3157 1409 3218 auri

154 3260 311 3338 vendidit,
335 3275 481 3342 tempore
504 3261 618 3343 prefati
644 3261 767 3323 domini
793 3261 958 3324 lobannis.

258 3366 335 3428 ltem
369 3367 456 3446 quod
482 3368 556 3448 quia
591 3367 753 3429 lohannes
784 3366 869 3429 filius
902 3367 1012 3429 lacobi
1046 3367 1121 3430 dicti
1151 3368 1254 3451 Bolye
1280 3370 1411 3432 condam

152 3470 259 3549 judex,
284 3471 323 3532 de
342 3473 497 3533 universis
521 3476 616 3534 rebus
632 3488 663 3535 et
687 3474 943 3555 possessionibus
962 3473 1100 3535 condam
1120 3473 1241 3536 Cosme
1266 3475 1413 3538 aurifabri

151 3597 247 3660 super
280 3578 383 3659 ipsum
416 3580 679 3640 testamentaliter
711 3579 871 3656 dimissis,
910 3593 1067 3660 quantum
1104 3578 1144 3640 de
1175 3600 1231 3641 sua
1265 3582 1412 3664 porcione

153 3682 276 3764 Gaspar
300 3682 367 3744 lilio
393 3684 537 3744 eiusdem
563 3685 682 3745 Cosme
716 3685 939 3746 omnimodam
971 3685 1129 3766 impendit
1151 3685 1412 3763 satisfaccionem,

152 3789 226 3850 ideo
251 3790 389 3851 eundem
416 3790 595 3851 iohannem
621 3791 821 3853 reddidimus
846 3790 914 3852 fore
947 3792 1144 3873 expeditum,
1177 3806 1325 3876 ternpore
1348 3811 1412 3876 pre·

152 3892 205 3954 fati
232 3894 356 3954 domini
384 3895 549 3957 lobannis.

257 4018 333 4079 ltem
360 4019 447 4099 quod
475 4019 551 4100 quia
569 4019 692 4102 Gaspar
718 4021 879 4082 literatum
896 4019 999 4083 filium
1018 4021 1137 4084 Cosme
1162 4022 1329 4101 aurifabri,
1347 4023 1408 4085 uni·

152 4144 223 4185 cum
250 4124 400 4185 heredem
427 4125 559 4188 domine
587 4127 740 4205 Anesine,
776 4127 938 4188 lohannes
962 4126 1047 4189 filius
1079 4129 1189 4190 lacobi
1215 4130 1292 4191 dicti
1318 4130 1411 4212 Bolye

152 4229 218 4291 fore
244 4231 420 4309 adinvenit,
447 4232 519 4293 ideo
544 4233 603 4293 sibi
630 4253 730 4293 unum
756 4233 910 4314 (h)ortum
942 4254 1035 4295 suum
1061 4254 1096 4296 ac
1121 4249 1240 4297 terram
1263 4237 1410 4299 arabilem

151 4336 260 4396 decem
287 4337 387 4397 dietas
413 4339 444 4398 in
480 4359 511 4398 se
544 4340 775 4416 continentem,
808 4340 897 4402 dedit
921 4356 952 4402 et
975 4341 1131 4421 restituit,
1155 4356 1304 4426 tempore
1336 4343 1410 4423 judi·

151 4455 238 4502 catus
262 4443 385 4503 domini
411 4444 577 4504 lobannis.

257 4548 333 4609 ltem
366 4548 527 4610 lohannes
560 4548 644 4611 filius
678 4552 767 4612 Jurse
796 4552 942 4613 vendidit
974 4553 1108 4615 domum
1140 4574 1232 4616 suam
1259 4572 1411 4619 muratam

150 4673 248 4735 prope
281 4654 413 4716 domum
447 4655 601 4716 Johannis
632 4657 757 4736 judicis,
791 4659 904 4719 l'eroni
940 4659 1044 4739 jurato
1076 4675 1253 4743 nostroque
1291 4662 1411 4725 conciri

151 4763 317 4822 mercatori
344 4763 383 4821 de
410 4763 585 4824 l⁴'lorencha
611 4784 668 4845 pro
694 4780 822 4826 centum
851 4767 919 4828 flor.
952 4768 1031 4830 auri.
