3142 5356
155 333 214 411 156
682 331 769 388 Anno
791 325 885 407 1428.

154 439 421 446 ——-.-.--.--
470 439 473 443 -
497 439 576 443 .....—
594 439 603 443 ..
985 437 1091 443 ›——.
1133 438 1187 443 .—...
1228 438 1339 444 --..-
1361 436 1413 443 .-

257 543 333 604 ltem
360 542 551 603 Dominicus
579 541 749 603 Marsetich
775 540 859 602 filius
888 541 997 619 Blasii,
1022 541 1186 621 quandam
1210 555 1328 601 terram
1354 561 1403 600 ara

150 649 248 709 bilem
274 650 305 710 in
331 668 446 730 campo
472 647 609 709 civitatis
635 647 721 727 juxta
756 646 889 708 fluvium
916 646 1159 708 Chernonrerch
1181 668 1200 708 a
1224 661 1315 728 parte
1339 647 1416 707 occi·

150 755 270 815 dentali
306 769 336 815 et
360 775 458 836 penes
482 768 598 815 terram
631 754 787 815 arabilem
820 754 996 814 liberorum
1023 752 1162 813 condam
1189 752 1289 813 Lucie
1315 751 1416 811 relicte

149 861 227 922 olim
254 862 336 922 Petri
370 859 515 941 Hungari
548 862 587 920 ab
620 860 769 920 orientali
794 873 883 941 parte
918 859 1073 936 habitam,
1100 877 1196 919 unam
1223 872 1253 917 et
1279 857 1414 918 mediam

150 967 251 1028 dietas
274 981 355 1028 terre
381 967 411 1026 in
437 987 469 1026 se
494 967 727 1041 continentem,
767 985 840 1027 cum
865 966 930 1026 suis
960 965 1167 1046 pertinenciis
1190 964 1327 1046 Symoni
1352 961 1416 1024 lilio

151 1072 318 1133 Michaelis
342 1073 382 1134 de
408 1072 539 1133 llaboch
567 1092 624 1152 pro
653 1071 826 1133 duodecim
852 1070 921 1132 flor.
955 1070 1101 1131 vendidit
1134 1083 1295 1152 perpetuo
1319 1070 1414 1152 possi-

151 1179 301 1240 dendam.

256 1285 333 1345 lrem
358 1289 467 1364 Agnes
500 1284 608 1345 relicta
637 1284 773 1345 condam
802 1282 980 1365 Michalych
1015 1301 1145 1342 consors
1182 1280 1332 1362 Gregorii
1358 1279 1411 1342 filii

151 1390 291 1467 Thome,
309 1389 480 1451 habitatrix
497 1390 642 1466 civitatis,
660 1390 824 1471 quandam
838 1403 953 1449 terram
968 1407 1057 1448 suam
1075 1387 1231 1449 arabilem
1250 1388 1282 1447 in
1301 1406 1412 1468 campo

150 1510 179 1555 et
197 1496 357 1556 territorio
374 1496 510 1556 civitatis
528 1496 609 1555 inter
622 1508 653 1556 et
671 1493 1048 1576 penesterrascolendini
1066 1493 1270 1554 sacerdotum
1289 1514 1307 1554 a
1322 1494 1412 1554 meri·

150 1601 283 1675 dionali,
309 1615 339 1662 et
364 1602 403 1661 ab
429 1600 619 1662 occidentali
646 1601 789 1681 partibus
807 1620 905 1681 penes
928 1616 1044 1660 terram
1062 1600 1239 1660 liberorum
1269 1599 1412 1679 llungari

152 1707 246 1783 l’etri,
270 1728 287 1766 a
304 1707 533 1787 septemtrione
551 1726 627 1767 vero
652 1726 742 1767 secus
765 1708 849 1766 viam
868 1725 1086 1784 communem,
1103 1707 1143 1766 ab
1168 1706 1293 1766 oriente
1311 1720 1414 1766 autern

153 1813 378 1889 iuxtaterram
411 1815 566 1873 arabilem
601 1813 777 1874 liberorum
813 1811 980 1873 Michaelis
1012 1811 1179 1889 Saronich,
1204 1812 1286 1873 duas
1318 1812 1415 1872 dietas

151 1935 233 1980 terre
260 1920 290 1980 in
327 1940 360 1981 se
392 1920 622 1995 continentem,
655 1939 727 1980 cum
759 1920 825 1980 suis
856 1919 1062 2000 pertinenciis
1094 1918 1229 2002 Symoni
1262 1917 1330 1978 filio
1357 1918 1413 1978 Mi·

149 2025 270 2086 clraelis
295 2026 334 2086 de
361 2025 491 2086 llaboch
517 2046 575 2107 pro
601 2025 773 2086 duodecim
792 2025 861 2086 flor.
886 2025 954 2086 auri
979 2025 1124 2086 vendidit
1141 2039 1299 2107 perpetuo
1318 2023 1415 2107 possi·

150 2131 300 2192 dendam.

255 2238 331 2299 Item
360 2239 500 2320 Kyrinus
524 2236 609 2298 lilius
634 2237 789 2298 lobannis
814 2239 853 2300 de
883 2237 1073 2300 llemetinch
1099 2252 1129 2298 et
1154 2242 1263 2318 Agnes
1290 2237 1412 2314 mulier,

152 2344 271 2420 relicta,
296 2364 331 2404 ac
365 2345 529 2404 Emericus
554 2358 585 2405 et
619 2344 806 2404 Leonardus
837 2343 892 2404 lilii
920 2344 1056 2405 condam
1090 2343 1216 2404 Nicolai
1243 2341 1325 2403 fabri
1356 2340 1410 2402 lilii

151 2448 247 2526 lwan,
281 2469 428 2510 necnon
462 2449 624 2510 lohannes
655 2447 750 2510 frater
783 2451 927 2511 eiusdem
959 2450 1083 2511 Nicolai
1117 2448 1217 2527 fabri,
1249 2449 1408 2531 quandam

151 2556 283 2615 domum
303 2575 413 2615 eorum
433 2571 589 2616 muratam
616 2558 647 2616 in
667 2556 793 2616 civitate
811 2557 893 2617 inter
917 2571 947 2617 et
964 2576 1061 2639 penes
1079 2556 1212 2617 domum
1239 2558 1410 2618 liberorum

150 2661 288 2721 condam
315 2660 434 2722 Mathei
453 2662 564 2742 Zupan
591 2676 621 2722 et
646 2661 784 2742 plateam
803 2682 1009 2724 communem
1033 2662 1187 2740 habitam,
1212 2683 1285 2724 cum
1312 2663 1408 2725 fundo

148 2780 178 2826 et
204 2764 370 2844 hedificiis,
396 2767 536 2826 mediam
562 2768 683 2828 curiam
714 2768 745 2828 in
771 2788 803 2828 se
837 2771 1070 2847 continentem,
1101 2769 1238 2850 provido
1263 2771 1333 2831 viro
1358 2770 1410 2852 Sy·

150 2874 237 2933 moni
271 2872 339 2934 frlio
375 2873 541 2934 Michaelis
566 2873 604 2933 de
639 2875 771 2935 Raboch
797 2888 827 2936 et
859 2877 987 2937 Andree
1010 2875 1078 2938 filio
1110 2877 1268 2955 eiusdem,
1301 2879 1410 2940 nostris

149 2980 352 3058 concivibus,
386 3000 444 3060 pro
476 2979 688 3060 quadraginta
720 3001 774 3041 sex
807 2981 921 3042 marcis
955 2981 1163 3043 denariorum
1200 2984 1411 3044 vendiderunt

150 3100 305 3167 perpetuo
331 3087 568 3167 possidendam.

255 3193 331 3253 ltem
369 3192 523 3274 providus
558 3193 605 3252 vir
642 3193 786 3254 Andreas
818 3195 942 3275 pridem
975 3194 1071 3274 judex
1102 3193 1188 3256 filius
1220 3195 1305 3256 Petri
1340 3194 1408 3255 dicti

150 3300 282 3380 Saphar,
308 3313 496 3381 procurator
520 3299 646 3379 providi
672 3300 730 3359 viri
757 3300 852 3371 Vlrici
885 3301 1031 3362 Drulrlrer
1069 3302 1147 3363 civis
1173 3301 1408 3375 Pethowiensis‚

149 3426 221 3466 cum
247 3405 476 3487 procuratoriis
501 3405 600 3464 literis
624 3419 654 3466 et
679 3405 709 3465 in
739 3425 876 3487 persona
909 3407 1065 3485 eiusdem,
1090 3408 1253 3488 quandam
1280 3408 1407 3469 domum

150 3526 306 3572 muratam
333 3511 428 3571 simul
455 3530 527 3570 cum
554 3508 655 3571 fundo
690 3526 720 3570 et
745 3511 902 3572 hedificiis
935 3514 965 3572 in
992 3513 1118 3573 civitate
1144 3513 1286 3594 predicta
1313 3513 1344 3573 in
1367 3512 1407 3571 vi·

148 3619 277 3679 cinirate
302 3619 443 3679 virorum
470 3617 680 3698 providorum
708 3619 847 3679 Ladislai
873 3619 1024 3680 aurifabri
1051 3634 1081 3680 et
1106 3619 1243 3679 Emerici
1268 3620 1409 3680 similiter

147 3722 298 3785 aurifabri
337 3723 476 3784 liliorum
503 3723 639 3801 Nicolai,
662 3725 701 3784 ab
728 3744 790 3784 una
816 3739 914 3805 parte,
939 3727 979 3786 ab
1008 3726 1106 3786 altera
1132 3745 1207 3785 vero
1233 3725 1359 3787 Nicolai
1382 3737 1409 3784 et

147 3829 262 3891 Vrsule
287 3850 341 3890 sue
360 3829 526 3905 consortis,
544 3849 616 3889 cum
635 3830 776 3910 quodam
796 3832 904 3911 spacio
922 3847 1002 3892 terre
1021 3851 1118 3913 penes
1143 3832 1261 3891 dictam
1279 3831 1406 3893 domum

148 3937 178 3996 in
205 3935 407 4015 longitudine
433 3956 449 3995 a
479 3935 530 3995 via
547 3936 714 3996 communi
735 3956 834 4016 usque
860 3937 956 3997 aliam
974 3938 1058 3998 viam
1083 3956 1303 4015 communem,
1320 3949 1407 4019 prout

147 4062 179 4101 se
205 4042 286 4102 dicta
320 4042 437 4101 domus
461 4057 491 4102 et
523 4040 641 4102 fundus
674 4042 868 4120 extendunt,
902 4044 931 4103 in
966 4043 1135 4105 latitudine
1167 4062 1286 4104 veroa
1321 4059 1406 4104 muro

147 4148 264 4208 domus
300 4168 401 4228 usque
438 4147 573 4208 fundum
611 4148 828 4229 predictorum
864 4149 990 4210 Nicolai
1027 4166 1057 4211 et
1094 4149 1229 4228 Vrsule,
1267 4150 1406 4231 quinque

147 4255 273 4316 brachia
300 4254 399 4315 ferrea
434 4255 581 4332 habenti,
615 4255 752 4315 mediam
788 4257 909 4316 curiam
935 4270 965 4317 et
997 4271 1143 4317 octavam
1169 4269 1293 4337 partem
1327 4255 1405 4318 curie

147 4362 179 4422 in
204 4382 236 4421 se
262 4362 492 4437 continentem,
517 4361 622 4421 eidem
648 4361 775 4420 Andree
802 4381 859 4441 pro
884 4362 1000 4422 debitis
1025 4362 1124 4442 ipsius
1142 4361 1240 4422 Vlrici
1265 4361 1406 4424 Drulclrer

147 4487 163 4527 a
189 4467 325 4548 provido
351 4467 488 4528 condam
514 4467 683 4528 Clemente
708 4465 872 4527 aurifabro
890 4468 1034 4529 debitore
1061 4467 1205 4529 eiusdem
1233 4467 1331 4529 Vlrici
1356 4483 1405 4549 per

147 4594 330 4655 processum
359 4574 591 4653 litigionarium
621 4573 651 4632 in
685 4573 749 4632 alio
775 4574 907 4636 katerno
942 4589 1050 4635 nosrro
1075 4574 1241 4636 communi
1266 4571 1403 4655 judiciali

147 4682 239 4741 vendi
266 4696 428 4757 statutam,
455 4680 591 4760 provido
627 4681 696 4740 viro
721 4680 859 4741 Johanni
894 4680 961 4742 filio
987 4682 1084 4743 Vlrici
1109 4681 1196 4743 dicto
1229 4680 1404 4744 Grosshans

147 4805 176 4849 cr
201 4808 356 4870 pereum
383 4786 507 4867 Agiche
531 4805 586 4846 sue
612 4787 750 4847 consorti
777 4803 806 4847 er
832 4787 973 4869 ipsorum
1002 4787 1175 4849 heredibus
1197 4807 1257 4870 pro
1280 4789 1403 4869 triginta
