3142 5356
559 492 646 550 Anno
669 487 762 569 1487.
788 525 828 534 -
846 506 903 568 30.
927 489 1043 565 aprilis.

701 705 886 786 Gregorius.

698 812 892 873 Anthonius.

700 917 891 999 Stephanus.

697 1023 854 1085 Andreas.

700 1130 899 1191 Valentinus.

699 1236 832 1297 Blasius.

697 1343 776 1403 alter
801 1342 934 1403 Blasius.

700 1450 862 1509 Nicolaus.

701 1554 850 1617 Michael.

702 1662 847 1723 Mathias.

697 1768 838 1830 Kirinus.

700 1874 855 1937 Andreas.

698 1979 868 2061 Georgius.

700 2087 779 2148 alter
804 2086 973 2168 Georgius

700 2191 888 2273 Gregorius.

279 2406 356 2468 Item
383 2405 573 2466 Dominicus
599 2404 754 2465 Perouich
781 2418 890 2466 contra
908 2406 1049 2466 Blasium
1076 2406 1252 2466 Almanum
1277 2404 1442 2485 juramen-

172 2528 240 2576 tum
273 2532 367 2573 suum
400 2512 549 2593 deposuit
580 2511 756 2571 secundum
789 2511 877 2592 quod
910 2512 1001 2592 jurati
1035 2512 1140 2573 cidem
1173 2512 1444 2593 dejudicaverunt

172 2635 317 2702 tempore
341 2618 499 2699 judicatus
525 2617 693 2677 Laurencii
718 2636 839 2698 sporar.

307 2873 403 2946 Faria
431 2883 530 2945 sexta
559 2872 710 2962 proxima
740 2881 817 2944 ante
847 2875 1047 2945 dominicam
1075 2874 1196 2963 Judica
1225 2897 1287 2946 mc.

705 3052 771 3121 (30.
796 3044 925 3124 aprilis).

280 3203 385 3265 Causa
410 3222 473 3284 quc
498 3216 544 3264 est
569 3203 650 3263 inter
674 3204 853 3263 Jankonem
883 3202 1070 3265 Fistrouche
1103 3216 1134 3265 et
1158 3204 1240 3264 inter
1264 3204 1439 3265 dominum

175 3309 377 3371 Anthonium
402 3310 590 3389 magistrum
623 3308 789 3390 hospitalis
822 3309 948 3370 racione
981 3309 1089 3389 (h)orti
1123 3311 1155 3370 in
1179 3311 1336 3371 suburbio
1363 3311 1442 3372 civi-

174 3416 258 3495 tatis,
286 3415 374 3496 quod
400 3414 530 3475 dederat
553 3415 684 3475 domina
714 3415 876 3476 Dorothea
909 3435 987 3476 uxor
1013 3415 1171 3476 Stefanicz
1204 3416 1244 3477 ad
1270 3417 1441 3478 ecclesiam

175 3524 266 3584 beate
292 3521 424 3602 virginis
448 3521 598 3601 hospitali
630 3521 766 3581 civitatis
798 3541 856 3600 pro
880 3522 986 3582 anima
1017 3522 1136 3582 sororis
1168 3542 1224 3584 sue
1251 3523 1332 3584 Bera
1357 3523 1443 3585 dicte

175 3647 247 3690 cum
273 3628 401 3688 racione
425 3627 493 3704 tali,
518 3624 605 3706 quod
630 3626 654 3685 si
680 3625 837 3706 (mesenes
858 3627 957 3707 aliqui
976 3627 1105 3709 insuper
1130 3648 1195 3689 non
1219 3629 1376 3707 vixerant,
1393 3630 1443 3711 ju·

176 3735 233 3797 rati
257 3748 364 3796 autem
389 3732 665 3813 dejudicaverunt,
690 3753 727 3792 ex
752 3740 821 3812 'quo
853 3732 937 3794 iilius
963 3734 1042 3797 Bere
1075 3735 1153 3795 vivit
1177 3749 1207 3796 et
1233 3736 1358 3796 laborat
1383 3756 1444 3818 pro

176 3840 352 3902 hereditate
384 3858 452 3916 sua,
476 3852 553 3899 tunc
585 3857 649 3898 non
679 3839 784 3919 potuit
804 3839 943 3920 cuipiam
975 3841 1100 3902 mittere
1132 3842 1187 3901 sed
1220 3842 1320 3904 libere
1346 3843 1441 3905 debet

177 3947 294 4009 dimitti
320 3946 376 4006 illo
401 3944 468 4005 filio
497 3944 588 4005 Bere.

283 4071 360 4131 item
386 4089 479 4131 causa
506 4069 587 4129 inter
610 4069 782 4129 Nicolaum
808 4069 941 4130 Horwat
965 4085 995 4131 et
1020 4073 1174 4133 Mathiam
1200 4072 1383 4135 carnificem
1402 4075 1441 4136 de

176 4180 249 4240 vico
274 4177 416 4238 Abbacie
440 4175 567 4237 racione
586 4174 777 4255 cuius(dam)
802 4176 894 4237 vinee
912 4196 1009 4257 quam
1028 4178 1215 4240 vendiderat
1240 4180 1325 4241 idem
1345 4182 1444 4243 Nieo·

176 4286 247 4347 laus
271 4283 426 4344 Horwath
451 4281 556 4342 eidem
585 4280 689 4341 Mathe
715 4281 746 4341 in
767 4301 903 4362 persona
928 4285 1034 4343 uxoris
1066 4304 1133 4361 sue,
1158 4285 1220 4363 jam
1247 4306 1312 4347 non
1337 4302 1446 4368 potest

178 4391 323 4453 inhibere
348 4389 379 4449 in
406 4388 550 4470 personis
574 4386 714 4448 filiorum
739 4407 870 4449 suorum
894 4389 948 4448 sed
980 4390 1074 4451 debet
1099 4390 1204 4452 eidem
1231 4392 1340 4455 Mathe
1365 4394 1444 4457 dare

178 4498 285 4559 literae
309 4495 427 4575 quibus
451 4494 667 4554 mediantibus
691 4492 786 4553 debet
813 4495 986 4574 possidere.
1019 4496 1097 4556 item
1122 4498 1278 4559 Nicolaus
1305 4499 1445 4562 Horwat

178 4621 244 4664 non
269 4614 437 4662 contentus
461 4598 636 4681 appellavit
660 4598 698 4658 ad
724 4599 865 4660 seniores
894 4600 1023 4680 judices.

285 4725 362 4787 item
388 4744 481 4786 causa
507 4744 568 4805 que
594 4735 640 4784 cst
664 4723 745 4783 inter
777 4724 943 4786 dominam
973 4727 1168 4789 Dorotheam
1194 4730 1339 4793 relictam
1366 4753 1444 4795 con·

179 4833 254 4895 dam
279 4830 429 4893 Merthlin
462 4844 493 4891 et
526 4830 660 4890 Paulum
693 4843 858 4907 sartorem,
891 4832 1003 4891 citacio
1036 4835 1148 4913 prima,
1174 4839 1297 4918 accepit
1323 4840 1445 4903 Paulus

181 4940 265 5001 idem
284 4938 323 4999 ad
349 4936 502 5011 iudicium
529 4934 782 4996 communitatis.
