<?xml version="1.0" encoding="UTF-8"?>
<!DOCTYPE html PUBLIC "-//W3C//DTD XHTML 1.0 Transitional//EN"
    "http://www.w3.org/TR/xhtml1/DTD/xhtml1-transitional.dtd">
<html xmlns="http://www.w3.org/1999/xhtml" xml:lang="en" lang="en">
 <head>
  <title>
</title>
<meta http-equiv="Content-Type" content="text/html;charset=utf-8" />
  <meta name='ocr-system' content='tesseract 3.04.00' />
  <meta name='ocr-capabilities' content='ocr_page ocr_carea ocr_par ocr_line ocrx_word'/>
</head>
<body>
  <div class='ocr_page' id='page_1' title='image "./monumentahistor17laszgoog_0598.png"; bbox 0 0 3142 5356; ppageno 0'>
   <div class='ocr_carea' id='block_1_1' title="bbox 147 555 1421 1388">
    <p class='ocr_par' dir='ltr' id='par_1_1' title="bbox 147 555 1421 1388">
     <span class='ocr_line' id='line_1_1' title="bbox 148 555 1418 640; baseline -0.002 -21"><span class='ocrx_word' id='word_1_1' title='bbox 148 577 209 620; x_wconf 84' lang='lat' dir='ltr'>seu</span> <span class='ocrx_word' id='word_1_2' title='bbox 237 557 406 640; x_wconf 84' lang='lat' dir='ltr'>porciones</span> <span class='ocrx_word' id='word_1_3' title='bbox 429 557 596 620; x_wconf 80' lang='lat' dir='ltr'>cuiusdam</span> <span class='ocrx_word' id='word_1_4' title='bbox 615 555 722 637; x_wconf 77' lang='lat' dir='ltr'>(h)orti</span> <span class='ocrx_word' id='word_1_5' title='bbox 748 569 833 616; x_wconf 82' lang='lat' dir='ltr'>extra</span> <span class='ocrx_word' id='word_1_6' title='bbox 858 555 983 616; x_wconf 90' lang='lat' dir='ltr'>Novam</span> <span class='ocrx_word' id='word_1_7' title='bbox 1013 572 1137 638; x_wconf 89' lang='lat' dir='ltr'>portam</span> <span class='ocrx_word' id='word_1_8' title='bbox 1159 557 1258 638; x_wconf 91' lang='lat' dir='ltr'>ipsius</span> <span class='ocrx_word' id='word_1_9' title='bbox 1282 556 1418 617; x_wconf 90' lang='lat' dir='ltr'>civitatis</span> 
     </span>
     <span class='ocr_line' id='line_1_2' title="bbox 154 661 1418 748; baseline -0.003 -21"><span class='ocrx_word' id='word_1_10' title='bbox 154 685 258 748; x_wconf 89' lang='lat' dir='ltr'>penes</span> <span class='ocrx_word' id='word_1_11' title='bbox 282 664 433 747; x_wconf 87' lang='lat' dir='ltr'>(h)ortum</span> <span class='ocrx_word' id='word_1_12' title='bbox 453 662 622 727; x_wconf 78' lang='lat' dir='ltr'>Laurentii</span> <span class='ocrx_word' id='word_1_13' title='bbox 640 662 793 724; x_wconf 89' lang='lat' dir='ltr'>institoris</span> <span class='ocrx_word' id='word_1_14' title='bbox 817 681 852 723; x_wconf 89' lang='lat' dir='ltr'>ac</span> <span class='ocrx_word' id='word_1_15' title='bbox 869 661 936 722; x_wconf 89' lang='lat' dir='ltr'>vias</span> <span class='ocrx_word' id='word_1_16' title='bbox 961 681 1160 742; x_wconf 90' lang='lat' dir='ltr'>communes,</span> <span class='ocrx_word' id='word_1_17' title='bbox 1178 682 1235 724; x_wconf 88' lang='lat' dir='ltr'>nec</span> <span class='ocrx_word' id='word_1_18' title='bbox 1253 682 1317 724; x_wconf 91' lang='lat' dir='ltr'>non</span> <span class='ocrx_word' id='word_1_19' title='bbox 1337 662 1418 724; x_wconf 90' lang='lat' dir='ltr'>inter</span> 
     </span>
     <span class='ocr_line' id='line_1_3' title="bbox 148 768 1419 856; baseline -0.003 -22"><span class='ocrx_word' id='word_1_20' title='bbox 148 772 307 856; x_wconf 90' lang='lat' dir='ltr'>(h)ortum</span> <span class='ocrx_word' id='word_1_21' title='bbox 333 772 462 856; x_wconf 89' lang='lat' dir='ltr'>Mathye</span> <span class='ocrx_word' id='word_1_22' title='bbox 487 770 627 848; x_wconf 88' lang='lat' dir='ltr'>sartoris,</span> <span class='ocrx_word' id='word_1_23' title='bbox 658 769 759 830; x_wconf 84' lang='lat' dir='ltr'>nostri</span> <span class='ocrx_word' id='word_1_24' title='bbox 792 768 940 830; x_wconf 89' lang='lat' dir='ltr'>similiter</span> <span class='ocrx_word' id='word_1_25' title='bbox 964 768 1117 848; x_wconf 84' lang='lat' dir='ltr'>concivis,</span> <span class='ocrx_word' id='word_1_26' title='bbox 1150 788 1247 830; x_wconf 90' lang='lat' dir='ltr'>unam</span> <span class='ocrx_word' id='word_1_27' title='bbox 1272 783 1419 851; x_wconf 85' lang='lat' dir='ltr'>quartam</span> 
     </span>
     <span class='ocr_line' id='line_1_4' title="bbox 148 874 1421 956; baseline -0.004 -15"><span class='ocrx_word' id='word_1_28' title='bbox 148 879 240 941; x_wconf 88' lang='lat' dir='ltr'>curie</span> <span class='ocrx_word' id='word_1_29' title='bbox 265 879 297 939; x_wconf 93' lang='lat' dir='ltr'>in</span> <span class='ocrx_word' id='word_1_30' title='bbox 322 898 354 938; x_wconf 93' lang='lat' dir='ltr'>se</span> <span class='ocrx_word' id='word_1_31' title='bbox 380 877 585 955; x_wconf 88' lang='lat' dir='ltr'>continentis,</span> <span class='ocrx_word' id='word_1_32' title='bbox 614 875 709 937; x_wconf 85' lang='lat' dir='ltr'>cuius</span> <span class='ocrx_word' id='word_1_33' title='bbox 740 874 871 937; x_wconf 77' lang='lat' dir='ltr'>terciam</span> <span class='ocrx_word' id='word_1_34' title='bbox 906 888 1029 956; x_wconf 89' lang='lat' dir='ltr'>partem</span> <span class='ocrx_word' id='word_1_35' title='bbox 1054 874 1207 936; x_wconf 91' lang='lat' dir='ltr'>dominus</span> <span class='ocrx_word' id='word_1_36' title='bbox 1238 875 1421 937; x_wconf 84' lang='lat' dir='ltr'>Anthonius</span> 
     </span>
     <span class='ocr_line' id='line_1_5' title="bbox 147 979 1421 1069; baseline -0.003 -23"><span class='ocrx_word' id='word_1_37' title='bbox 147 986 308 1069; x_wconf 85' lang='lat' dir='ltr'>presbiter</span> <span class='ocrx_word' id='word_1_38' title='bbox 339 983 487 1046; x_wconf 90' lang='lat' dir='ltr'>similiter</span> <span class='ocrx_word' id='word_1_39' title='bbox 519 982 676 1064; x_wconf 79' lang='lat' dir='ltr'>plebanus</span> <span class='ocrx_word' id='word_1_40' title='bbox 705 979 828 1064; x_wconf 84' lang='lat' dir='ltr'>prefate</span> <span class='ocrx_word' id='word_1_41' title='bbox 861 981 994 1043; x_wconf 86' lang='lat' dir='ltr'>ecclesie</span> <span class='ocrx_word' id='word_1_42' title='bbox 1033 981 1209 1043; x_wconf 86' lang='lat' dir='ltr'>literatorie</span> <span class='ocrx_word' id='word_1_43' title='bbox 1241 980 1421 1044; x_wconf 88' lang='lat' dir='ltr'>dinoscitur</span> 
     </span>
     <span class='ocr_line' id='line_1_6' title="bbox 148 1085 1419 1176; baseline -0.004 -22"><span class='ocrx_word' id='word_1_44' title='bbox 148 1091 327 1176; x_wconf 90' lang='lat' dir='ltr'>possidere,</span> <span class='ocrx_word' id='word_1_45' title='bbox 352 1110 424 1152; x_wconf 90' lang='lat' dir='ltr'>cum</span> <span class='ocrx_word' id='word_1_46' title='bbox 450 1089 602 1151; x_wconf 89' lang='lat' dir='ltr'>omnibus</span> <span class='ocrx_word' id='word_1_47' title='bbox 620 1088 760 1170; x_wconf 86' lang='lat' dir='ltr'>ipsarum</span> <span class='ocrx_word' id='word_1_48' title='bbox 783 1087 918 1150; x_wconf 90' lang='lat' dir='ltr'>duarum</span> <span class='ocrx_word' id='word_1_49' title='bbox 937 1088 1081 1169; x_wconf 89' lang='lat' dir='ltr'>parcium</span> <span class='ocrx_word' id='word_1_50' title='bbox 1107 1087 1183 1149; x_wconf 93' lang='lat' dir='ltr'>dicti</span> <span class='ocrx_word' id='word_1_51' title='bbox 1209 1085 1317 1169; x_wconf 91' lang='lat' dir='ltr'>(h)orti</span> <span class='ocrx_word' id='word_1_52' title='bbox 1334 1088 1419 1149; x_wconf 92' lang='lat' dir='ltr'>utili·</span> 
     </span>
     <span class='ocr_line' id='line_1_7' title="bbox 148 1193 1419 1280; baseline -0.006 -19"><span class='ocrx_word' id='word_1_53' title='bbox 148 1199 271 1262; x_wconf 90' lang='lat' dir='ltr'>tatibus</span> <span class='ocrx_word' id='word_1_54' title='bbox 295 1213 326 1259; x_wconf 91' lang='lat' dir='ltr'>et</span> <span class='ocrx_word' id='word_1_55' title='bbox 350 1196 559 1280; x_wconf 88' lang='lat' dir='ltr'>pertinenciis</span> <span class='ocrx_word' id='word_1_56' title='bbox 588 1195 744 1257; x_wconf 88' lang='lat' dir='ltr'>universis</span> <span class='ocrx_word' id='word_1_57' title='bbox 775 1194 882 1256; x_wconf 88' lang='lat' dir='ltr'>eidem</span> <span class='ocrx_word' id='word_1_58' title='bbox 915 1193 1083 1256; x_wconf 89' lang='lat' dir='ltr'>Anthonio</span> <span class='ocrx_word' id='word_1_59' title='bbox 1114 1194 1254 1277; x_wconf 85' lang='lat' dir='ltr'>plebano</span> <span class='ocrx_word' id='word_1_60' title='bbox 1280 1194 1419 1256; x_wconf 89' lang='lat' dir='ltr'>donave-</span> 
     </span>
     <span class='ocr_line' id='line_1_8' title="bbox 151 1302 672 1388; baseline -0.004 -20"><span class='ocrx_word' id='word_1_61' title='bbox 151 1321 230 1368; x_wconf 88' lang='lat' dir='ltr'>runt</span> <span class='ocrx_word' id='word_1_62' title='bbox 252 1319 408 1388; x_wconf 88' lang='lat' dir='ltr'>perpetuo</span> <span class='ocrx_word' id='word_1_63' title='bbox 433 1302 672 1385; x_wconf 85' lang='lat' dir='ltr'>possidendam.</span> 
     </span>
    </p>
   </div>
   <div class='ocr_carea' id='block_1_2' title="bbox 271 1402 1511 1473">
    <p class='ocr_par' dir='ltr' id='par_1_2' title="bbox 271 1402 1511 1473">
     <span class='ocr_line' id='line_1_9' title="bbox 271 1402 1511 1473; baseline -0.002 0"><span class='ocrx_word' id='word_1_64' title='bbox 271 1411 348 1473; x_wconf 88' lang='lat' dir='ltr'>ltem</span> <span class='ocrx_word' id='word_1_65' title='bbox 381 1409 534 1472; x_wconf 84' lang='lat' dir='ltr'>medietas</span> <span class='ocrx_word' id='word_1_66' title='bbox 565 1408 731 1470; x_wconf 89' lang='lat' dir='ltr'>cuiusdam</span> <span class='ocrx_word' id='word_1_67' title='bbox 769 1408 861 1469; x_wconf 91' lang='lat' dir='ltr'>vinee</span> <span class='ocrx_word' id='word_1_68' title='bbox 892 1406 1124 1470; x_wconf 81' lang='lat' dir='ltr'>condicionalis</span> <span class='ocrx_word' id='word_1_69' title='bbox 1156 1407 1188 1469; x_wconf 91' lang='lat' dir='ltr'>in</span> <span class='ocrx_word' id='word_1_70' title='bbox 1221 1421 1330 1469; x_wconf 91' lang='lat' dir='ltr'>nostro</span> <span class='ocrx_word' id='word_1_71' title='bbox 1362 1427 1418 1470; x_wconf 89' lang='lat' dir='ltr'>seu</span> <span class='ocrx_word' id='word_1_72' title='bbox 1506 1402 1511 1412; x_wconf 88' lang='grc'>’</span> 
     </span>
    </p>
   </div>
   <div class='ocr_carea' id='block_1_3' title="bbox 147 1513 1421 3089">
    <p class='ocr_par' dir='ltr' id='par_1_3' title="bbox 147 1513 1421 3089">
     <span class='ocr_line' id='line_1_10' title="bbox 156 1513 1421 1601; baseline -0.006 -19"><span class='ocrx_word' id='word_1_73' title='bbox 156 1519 297 1582; x_wconf 89' lang='lat' dir='ltr'>civitatis</span> <span class='ocrx_word' id='word_1_74' title='bbox 330 1516 473 1601; x_wconf 87' lang='lat' dir='ltr'>predicte</span> <span class='ocrx_word' id='word_1_75' title='bbox 506 1516 667 1578; x_wconf 90' lang='lat' dir='ltr'>territorio</span> <span class='ocrx_word' id='word_1_76' title='bbox 691 1534 791 1597; x_wconf 90' lang='lat' dir='ltr'>prope</span> <span class='ocrx_word' id='word_1_77' title='bbox 815 1515 911 1576; x_wconf 91' lang='lat' dir='ltr'>silvas</span> <span class='ocrx_word' id='word_1_78' title='bbox 934 1530 990 1576; x_wconf 89' lang='lat' dir='ltr'>seu</span> <span class='ocrx_word' id='word_1_79' title='bbox 1014 1514 1151 1595; x_wconf 89' lang='lat' dir='ltr'>virgulta</span> <span class='ocrx_word' id='word_1_80' title='bbox 1176 1513 1258 1575; x_wconf 91' lang='lat' dir='ltr'>dicte</span> <span class='ocrx_word' id='word_1_81' title='bbox 1285 1515 1421 1576; x_wconf 87' lang='lat' dir='ltr'>civitatis</span> 
     </span>
     <span class='ocr_line' id='line_1_11' title="bbox 151 1620 1414 1699; baseline -0.006 -11"><span class='ocrx_word' id='word_1_82' title='bbox 151 1627 187 1688; x_wconf 91' lang='lat' dir='ltr'>in</span> <span class='ocrx_word' id='word_1_83' title='bbox 213 1625 377 1687; x_wconf 90' lang='lat' dir='ltr'>montibus</span> <span class='ocrx_word' id='word_1_84' title='bbox 402 1623 545 1687; x_wconf 88' lang='lat' dir='ltr'>eiusdem</span> <span class='ocrx_word' id='word_1_85' title='bbox 570 1621 718 1699; x_wconf 89' lang='lat' dir='ltr'>civitatis,</span> <span class='ocrx_word' id='word_1_86' title='bbox 743 1621 880 1683; x_wconf 88' lang='lat' dir='ltr'>condam</span> <span class='ocrx_word' id='word_1_87' title='bbox 905 1620 1025 1683; x_wconf 89' lang='lat' dir='ltr'>inculte</span> <span class='ocrx_word' id='word_1_88' title='bbox 1048 1637 1135 1682; x_wconf 90' lang='lat' dir='ltr'>nunc</span> <span class='ocrx_word' id='word_1_89' title='bbox 1159 1633 1266 1682; x_wconf 90' lang='lat' dir='ltr'>autem</span> <span class='ocrx_word' id='word_1_90' title='bbox 1292 1621 1324 1682; x_wconf 94' lang='lat' dir='ltr'>in</span> <span class='ocrx_word' id='word_1_91' title='bbox 1348 1621 1414 1681; x_wconf 90' lang='lat' dir='ltr'>cul·</span> 
     </span>
     <span class='ocr_line' id='line_1_12' title="bbox 147 1726 1418 1810; baseline -0.006 -15"><span class='ocrx_word' id='word_1_92' title='bbox 147 1747 257 1795; x_wconf 90' lang='lat' dir='ltr'>turam</span> <span class='ocrx_word' id='word_1_93' title='bbox 283 1730 420 1810; x_wconf 87' lang='lat' dir='ltr'>redacte,</span> <span class='ocrx_word' id='word_1_94' title='bbox 445 1731 527 1792; x_wconf 93' lang='lat' dir='ltr'>inter</span> <span class='ocrx_word' id='word_1_95' title='bbox 552 1729 662 1790; x_wconf 92' lang='lat' dir='ltr'>vineas</span> <span class='ocrx_word' id='word_1_96' title='bbox 679 1726 810 1789; x_wconf 88' lang='lat' dir='ltr'>Fabiani</span> <span class='ocrx_word' id='word_1_97' title='bbox 837 1727 1026 1809; x_wconf 86' lang='lat' dir='ltr'>carpentarii</span> <span class='ocrx_word' id='word_1_98' title='bbox 1052 1741 1082 1789; x_wconf 90' lang='lat' dir='ltr'>et</span> <span class='ocrx_word' id='word_1_99' title='bbox 1105 1740 1212 1789; x_wconf 88' lang='lat' dir='ltr'>nostre</span> <span class='ocrx_word' id='word_1_100' title='bbox 1237 1727 1418 1789; x_wconf 90' lang='lat' dir='ltr'>communi·</span> 
     </span>
     <span class='ocr_line' id='line_1_13' title="bbox 147 1833 1420 1919; baseline -0.005 -19"><span class='ocrx_word' id='word_1_101' title='bbox 147 1839 236 1917; x_wconf 87' lang='lat' dir='ltr'>tatis,</span> <span class='ocrx_word' id='word_1_102' title='bbox 260 1839 300 1900; x_wconf 87' lang='lat' dir='ltr'>ab</span> <span class='ocrx_word' id='word_1_103' title='bbox 324 1857 387 1898; x_wconf 92' lang='lat' dir='ltr'>una</span> <span class='ocrx_word' id='word_1_104' title='bbox 405 1851 505 1919; x_wconf 90' lang='lat' dir='ltr'>parte,</span> <span class='ocrx_word' id='word_1_105' title='bbox 530 1838 570 1898; x_wconf 88' lang='lat' dir='ltr'>ab</span> <span class='ocrx_word' id='word_1_106' title='bbox 595 1834 693 1896; x_wconf 90' lang='lat' dir='ltr'>altera</span> <span class='ocrx_word' id='word_1_107' title='bbox 711 1853 787 1895; x_wconf 92' lang='lat' dir='ltr'>vero</span> <span class='ocrx_word' id='word_1_108' title='bbox 810 1835 891 1895; x_wconf 91' lang='lat' dir='ltr'>inter</span> <span class='ocrx_word' id='word_1_109' title='bbox 908 1834 1018 1895; x_wconf 90' lang='lat' dir='ltr'>vineas</span> <span class='ocrx_word' id='word_1_110' title='bbox 1036 1833 1176 1895; x_wconf 87' lang='lat' dir='ltr'>desertas</span> <span class='ocrx_word' id='word_1_111' title='bbox 1197 1851 1257 1895; x_wconf 78' lang='lat' dir='ltr'>seu</span> <span class='ocrx_word' id='word_1_112' title='bbox 1274 1834 1306 1895; x_wconf 93' lang='lat' dir='ltr'>in</span> <span class='ocrx_word' id='word_1_113' title='bbox 1324 1835 1420 1895; x_wconf 90' lang='lat' dir='ltr'>silvas</span> 
     </span>
     <span class='ocr_line' id='line_1_14' title="bbox 150 1940 1419 2025; baseline -0.003 -18"><span class='ocrx_word' id='word_1_114' title='bbox 150 1945 298 2007; x_wconf 91' lang='lat' dir='ltr'>redactas</span> <span class='ocrx_word' id='word_1_115' title='bbox 321 1965 356 2006; x_wconf 89' lang='lat' dir='ltr'>ac</span> <span class='ocrx_word' id='word_1_116' title='bbox 381 1943 518 2025; x_wconf 88' lang='lat' dir='ltr'>virgulta</span> <span class='ocrx_word' id='word_1_117' title='bbox 544 1943 644 2025; x_wconf 90' lang='lat' dir='ltr'>ipsius</span> <span class='ocrx_word' id='word_1_118' title='bbox 668 1954 775 2002; x_wconf 92' lang='lat' dir='ltr'>nostre</span> <span class='ocrx_word' id='word_1_119' title='bbox 793 1941 1035 2002; x_wconf 86' lang='lat' dir='ltr'>communitatis</span> <span class='ocrx_word' id='word_1_120' title='bbox 1056 1940 1164 2002; x_wconf 91' lang='lat' dir='ltr'>habite</span> <span class='ocrx_word' id='word_1_121' title='bbox 1189 1954 1220 2003; x_wconf 92' lang='lat' dir='ltr'>et</span> <span class='ocrx_word' id='word_1_122' title='bbox 1245 1940 1419 2021; x_wconf 78' lang='lat' dir='ltr'>existentis,</span> 
     </span>
     <span class='ocr_line' id='line_1_15' title="bbox 151 2046 1419 2133; baseline -0.003 -21"><span class='ocrx_word' id='word_1_123' title='bbox 151 2051 293 2133; x_wconf 89' lang='lat' dir='ltr'>desuper</span> <span class='ocrx_word' id='word_1_124' title='bbox 317 2071 333 2112; x_wconf 93' lang='lat' dir='ltr'>a</span> <span class='ocrx_word' id='word_1_125' title='bbox 359 2049 500 2131; x_wconf 90' lang='lat' dir='ltr'>quodam</span> <span class='ocrx_word' id='word_1_126' title='bbox 527 2047 656 2127; x_wconf 80' lang='lat' dir='ltr'>fossam,</span> <span class='ocrx_word' id='word_1_127' title='bbox 683 2046 765 2108; x_wconf 82' lang='lat' dir='ltr'>infra</span> <span class='ocrx_word' id='word_1_128' title='bbox 782 2067 884 2129; x_wconf 91' lang='lat' dir='ltr'>usque</span> <span class='ocrx_word' id='word_1_129' title='bbox 902 2047 1043 2108; x_wconf 93' lang='lat' dir='ltr'>rivulum</span> <span class='ocrx_word' id='word_1_130' title='bbox 1067 2047 1238 2128; x_wconf 88' lang='lat' dir='ltr'>antiquum</span> <span class='ocrx_word' id='word_1_131' title='bbox 1262 2067 1295 2109; x_wconf 92' lang='lat' dir='ltr'>se</span> <span class='ocrx_word' id='word_1_132' title='bbox 1312 2058 1419 2109; x_wconf 80' lang='lat' dir='ltr'>eaten-</span> 
     </span>
     <span class='ocr_line' id='line_1_16' title="bbox 149 2152 1419 2236; baseline -0.003 -18"><span class='ocrx_word' id='word_1_133' title='bbox 149 2157 270 2236; x_wconf 91' lang='lat' dir='ltr'>dentis,</span> <span class='ocrx_word' id='word_1_134' title='bbox 296 2157 453 2218; x_wconf 90' lang='lat' dir='ltr'>medietas</span> <span class='ocrx_word' id='word_1_135' title='bbox 478 2169 511 2216; x_wconf 94' lang='lat' dir='ltr'>ut</span> <span class='ocrx_word' id='word_1_136' title='bbox 536 2153 711 2236; x_wconf 91' lang='lat' dir='ltr'>predicitur</span> <span class='ocrx_word' id='word_1_137' title='bbox 729 2154 829 2236; x_wconf 90' lang='lat' dir='ltr'>ipsius</span> <span class='ocrx_word' id='word_1_138' title='bbox 847 2153 939 2214; x_wconf 91' lang='lat' dir='ltr'>vinee</span> <span class='ocrx_word' id='word_1_139' title='bbox 963 2152 1197 2214; x_wconf 89' lang='lat' dir='ltr'>condicionalis</span> <span class='ocrx_word' id='word_1_140' title='bbox 1223 2167 1254 2215; x_wconf 92' lang='lat' dir='ltr'>et</span> <span class='ocrx_word' id='word_1_141' title='bbox 1278 2153 1419 2235; x_wconf 84' lang='lat' dir='ltr'>virgulti,</span> 
     </span>
     <span class='ocr_line' id='line_1_17' title="bbox 148 2259 1416 2345; baseline -0.002 -20"><span class='ocrx_word' id='word_1_142' title='bbox 148 2263 352 2345; x_wconf 88' lang='lat' dir='ltr'>aliarumque</span> <span class='ocrx_word' id='word_1_143' title='bbox 379 2277 563 2324; x_wconf 86' lang='lat' dir='ltr'>cunctarum</span> <span class='ocrx_word' id='word_1_144' title='bbox 598 2279 728 2321; x_wconf 92' lang='lat' dir='ltr'>suarum</span> <span class='ocrx_word' id='word_1_145' title='bbox 761 2259 1032 2341; x_wconf 87' lang='lat' dir='ltr'>pertinenciatum</span> <span class='ocrx_word' id='word_1_146' title='bbox 1058 2280 1075 2321; x_wconf 92' lang='lat' dir='ltr'>a</span> <span class='ocrx_word' id='word_1_147' title='bbox 1100 2273 1189 2341; x_wconf 90' lang='lat' dir='ltr'>parte</span> <span class='ocrx_word' id='word_1_148' title='bbox 1214 2260 1416 2342; x_wconf 89' lang='lat' dir='ltr'>septemtrio·</span> 
     </span>
     <span class='ocr_line' id='line_1_18' title="bbox 149 2365 1418 2450; baseline -0.002 -19"><span class='ocrx_word' id='word_1_149' title='bbox 149 2369 217 2432; x_wconf 92' lang='lat' dir='ltr'>nali</span> <span class='ocrx_word' id='word_1_150' title='bbox 242 2369 360 2448; x_wconf 91' lang='lat' dir='ltr'>habita,</span> <span class='ocrx_word' id='word_1_151' title='bbox 386 2368 551 2430; x_wconf 90' lang='lat' dir='ltr'>Demetrio</span> <span class='ocrx_word' id='word_1_152' title='bbox 575 2366 642 2429; x_wconf 90' lang='lat' dir='ltr'>filio</span> <span class='ocrx_word' id='word_1_153' title='bbox 677 2367 761 2428; x_wconf 88' lang='lat' dir='ltr'>Petri</span> <span class='ocrx_word' id='word_1_154' title='bbox 787 2365 862 2427; x_wconf 89' lang='lat' dir='ltr'>dicti</span> <span class='ocrx_word' id='word_1_155' title='bbox 888 2365 1104 2449; x_wconf 85' lang='lat' dir='ltr'>Ztepltowych</span> <span class='ocrx_word' id='word_1_156' title='bbox 1129 2385 1187 2448; x_wconf 95' lang='lat' dir='ltr'>pro</span> <span class='ocrx_word' id='word_1_157' title='bbox 1212 2380 1297 2428; x_wconf 87' lang='lat' dir='ltr'>certa</span> <span class='ocrx_word' id='word_1_158' title='bbox 1322 2387 1418 2450; x_wconf 89' lang='lat' dir='ltr'>pecu·</span> 
     </span>
     <span class='ocr_line' id='line_1_19' title="bbox 150 2471 1417 2557; baseline -0.001 -20"><span class='ocrx_word' id='word_1_159' title='bbox 150 2477 278 2538; x_wconf 90' lang='lat' dir='ltr'>niarum</span> <span class='ocrx_word' id='word_1_160' title='bbox 304 2476 481 2557; x_wconf 89' lang='lat' dir='ltr'>quantitate</span> <span class='ocrx_word' id='word_1_161' title='bbox 507 2488 554 2536; x_wconf 89' lang='lat' dir='ltr'>est</span> <span class='ocrx_word' id='word_1_162' title='bbox 579 2473 720 2550; x_wconf 86' lang='lat' dir='ltr'>vendita,</span> <span class='ocrx_word' id='word_1_163' title='bbox 751 2473 838 2534; x_wconf 90' lang='lat' dir='ltr'>salva</span> <span class='ocrx_word' id='word_1_164' title='bbox 863 2473 924 2534; x_wconf 93' lang='lat' dir='ltr'>alia</span> <span class='ocrx_word' id='word_1_165' title='bbox 958 2471 1129 2534; x_wconf 90' lang='lat' dir='ltr'>medietate</span> <span class='ocrx_word' id='word_1_166' title='bbox 1155 2472 1299 2534; x_wconf 92' lang='lat' dir='ltr'>eiusdem</span> <span class='ocrx_word' id='word_1_167' title='bbox 1324 2474 1417 2536; x_wconf 91' lang='lat' dir='ltr'>vinee</span> 
     </span>
     <span class='ocr_line' id='line_1_20' title="bbox 148 2577 1418 2664; baseline -0.002 -19"><span class='ocrx_word' id='word_1_168' title='bbox 148 2597 183 2645; x_wconf 91' lang='lat' dir='ltr'>et</span> <span class='ocrx_word' id='word_1_169' title='bbox 208 2582 336 2664; x_wconf 83' lang='lat' dir='ltr'>virgulti</span> <span class='ocrx_word' id='word_1_170' title='bbox 361 2580 594 2643; x_wconf 91' lang='lat' dir='ltr'>condicionalis</span> <span class='ocrx_word' id='word_1_171' title='bbox 632 2593 762 2661; x_wconf 88' lang='lat' dir='ltr'>aparte</span> <span class='ocrx_word' id='word_1_172' title='bbox 795 2578 999 2640; x_wconf 88' lang='lat' dir='ltr'>meridionali</span> <span class='ocrx_word' id='word_1_173' title='bbox 1025 2577 1145 2657; x_wconf 89' lang='lat' dir='ltr'>habita,</span> <span class='ocrx_word' id='word_1_174' title='bbox 1170 2598 1265 2660; x_wconf 91' lang='lat' dir='ltr'>quam</span> <span class='ocrx_word' id='word_1_175' title='bbox 1293 2580 1418 2661; x_wconf 89' lang='lat' dir='ltr'>Marga-</span> 
     </span>
     <span class='ocr_line' id='line_1_21' title="bbox 147 2684 1418 2770; baseline -0.002 -20"><span class='ocrx_word' id='word_1_176' title='bbox 147 2687 240 2751; x_wconf 89' lang='lat' dir='ltr'>retha</span> <span class='ocrx_word' id='word_1_177' title='bbox 264 2686 330 2749; x_wconf 91' lang='lat' dir='ltr'>filia</span> <span class='ocrx_word' id='word_1_178' title='bbox 355 2688 441 2749; x_wconf 89' lang='lat' dir='ltr'>Luce</span> <span class='ocrx_word' id='word_1_179' title='bbox 466 2687 576 2748; x_wconf 90' lang='lat' dir='ltr'>relicta</span> <span class='ocrx_word' id='word_1_180' title='bbox 609 2685 746 2748; x_wconf 87' lang='lat' dir='ltr'>condam</span> <span class='ocrx_word' id='word_1_181' title='bbox 773 2684 901 2770; x_wconf 89' lang='lat' dir='ltr'>Mathye</span> <span class='ocrx_word' id='word_1_182' title='bbox 928 2684 1139 2748; x_wconf 87' lang='lat' dir='ltr'>Cwethkonis</span> <span class='ocrx_word' id='word_1_183' title='bbox 1163 2687 1338 2748; x_wconf 86' lang='lat' dir='ltr'>literatorie</span> <span class='ocrx_word' id='word_1_184' title='bbox 1371 2686 1418 2749; x_wconf 92' lang='lat' dir='ltr'>di·</span> 
     </span>
     <span class='ocr_line' id='line_1_22' title="bbox 149 2792 1415 2878; baseline -0.001 -22"><span class='ocrx_word' id='word_1_185' title='bbox 149 2795 294 2856; x_wconf 90' lang='lat' dir='ltr'>noscitur</span> <span class='ocrx_word' id='word_1_186' title='bbox 318 2794 493 2878; x_wconf 91' lang='lat' dir='ltr'>possidere,</span> <span class='ocrx_word' id='word_1_187' title='bbox 519 2793 571 2871; x_wconf 89' lang='lat' dir='ltr'>ita,</span> <span class='ocrx_word' id='word_1_188' title='bbox 597 2792 684 2875; x_wconf 92' lang='lat' dir='ltr'>quod</span> <span class='ocrx_word' id='word_1_189' title='bbox 711 2794 804 2853; x_wconf 89' lang='lat' dir='ltr'>ambe</span> <span class='ocrx_word' id='word_1_190' title='bbox 829 2806 935 2875; x_wconf 91' lang='lat' dir='ltr'>partes</span> <span class='ocrx_word' id='word_1_191' title='bbox 965 2793 1104 2875; x_wconf 91' lang='lat' dir='ltr'>predicte</span> <span class='ocrx_word' id='word_1_192' title='bbox 1130 2793 1169 2854; x_wconf 94' lang='lat' dir='ltr'>de</span> <span class='ocrx_word' id='word_1_193' title='bbox 1194 2793 1306 2856; x_wconf 92' lang='lat' dir='ltr'>eadem</span> <span class='ocrx_word' id='word_1_194' title='bbox 1324 2794 1415 2856; x_wconf 88' lang='lat' dir='ltr'>totali</span> 
     </span>
     <span class='ocr_line' id='line_1_23' title="bbox 147 2898 1417 2980; baseline 0 -18"><span class='ocrx_word' id='word_1_195' title='bbox 147 2901 245 2962; x_wconf 92' lang='lat' dir='ltr'>vinea</span> <span class='ocrx_word' id='word_1_196' title='bbox 270 2916 300 2962; x_wconf 92' lang='lat' dir='ltr'>et</span> <span class='ocrx_word' id='word_1_197' title='bbox 324 2919 520 2962; x_wconf 84' lang='lat' dir='ltr'>successores</span> <span class='ocrx_word' id='word_1_198' title='bbox 553 2898 698 2960; x_wconf 92' lang='lat' dir='ltr'>eiusdem</span> <span class='ocrx_word' id='word_1_199' title='bbox 723 2917 849 2980; x_wconf 89' lang='lat' dir='ltr'>semper</span> <span class='ocrx_word' id='word_1_200' title='bbox 881 2899 1046 2960; x_wconf 88' lang='lat' dir='ltr'>annuatim</span> <span class='ocrx_word' id='word_1_201' title='bbox 1072 2899 1112 2960; x_wconf 92' lang='lat' dir='ltr'>ad</span> <span class='ocrx_word' id='word_1_202' title='bbox 1146 2900 1335 2962; x_wconf 89' lang='lat' dir='ltr'>comitatum</span> <span class='ocrx_word' id='word_1_203' title='bbox 1360 2920 1417 2962; x_wconf 93' lang='lat' dir='ltr'>no·</span> 
     </span>
     <span class='ocr_line' id='line_1_24' title="bbox 147 3005 1322 3089; baseline -0.001 -20"><span class='ocrx_word' id='word_1_204' title='bbox 147 3022 250 3071; x_wconf 90' lang='lat' dir='ltr'>strum</span> <span class='ocrx_word' id='word_1_205' title='bbox 275 3008 508 3089; x_wconf 81' lang='lat' dir='ltr'>quinquaginta</span> <span class='ocrx_word' id='word_1_206' title='bbox 534 3006 682 3068; x_wconf 88' lang='lat' dir='ltr'>denarios</span> <span class='ocrx_word' id='word_1_207' title='bbox 706 3005 780 3066; x_wconf 87' lang='lat' dir='ltr'>dare</span> <span class='ocrx_word' id='word_1_208' title='bbox 805 3006 999 3067; x_wconf 92' lang='lat' dir='ltr'>tenebuntur</span> <span class='ocrx_word' id='word_1_209' title='bbox 1024 3020 1054 3067; x_wconf 91' lang='lat' dir='ltr'>et</span> <span class='ocrx_word' id='word_1_210' title='bbox 1078 3006 1322 3069; x_wconf 88' lang='lat' dir='ltr'>amministrare.</span> 
     </span>
    </p>
   </div>
   <div class='ocr_carea' id='block_1_4' title="bbox 178 3237 1389 3335">
    <p class='ocr_par' dir='ltr' id='par_1_4' title="bbox 178 3237 1389 3335">
     <span class='ocr_line' id='line_1_25' title="bbox 178 3237 1389 3335; baseline 0.002 -19"><span class='ocrx_word' id='word_1_211' title='bbox 178 3245 264 3317; x_wconf 89' lang='lat' dir='ltr'>ltem</span> <span class='ocrx_word' id='word_1_212' title='bbox 292 3244 325 3316; x_wconf 91' lang='lat' dir='ltr'>in</span> <span class='ocrx_word' id='word_1_213' title='bbox 354 3245 440 3317; x_wconf 84' lang='lat' dir='ltr'>festo</span> <span class='ocrx_word' id='word_1_214' title='bbox 469 3237 723 3316; x_wconf 87' lang='lat' dir='ltr'>Purificacionis</span> <span class='ocrx_word' id='word_1_215' title='bbox 761 3245 907 3332; x_wconf 85' lang='lat' dir='ltr'>gloriose</span> <span class='ocrx_word' id='word_1_216' title='bbox 943 3265 1075 3335; x_wconf 88' lang='lat' dir='ltr'>semper</span> <span class='ocrx_word' id='word_1_217' title='bbox 1103 3239 1246 3335; x_wconf 85' lang='lat' dir='ltr'>virginis</span> <span class='ocrx_word' id='word_1_218' title='bbox 1276 3245 1389 3319; x_wconf 84' lang='lat' dir='ltr'>Maria.</span> 
     </span>
    </p>
   </div>
   <div class='ocr_carea' id='block_1_5' title="bbox 661 3397 896 3472">
    <p class='ocr_par' dir='ltr' id='par_1_5' title="bbox 661 3397 896 3472">
     <span class='ocr_line' id='line_1_26' title="bbox 661 3397 896 3472; baseline 0.017 -19"><span class='ocrx_word' id='word_1_219' title='bbox 661 3400 704 3470; x_wconf 76' lang='lat'>(2.</span> <span class='ocrx_word' id='word_1_220' title='bbox 720 3397 896 3472; x_wconf 79' lang='lat' dir='ltr'>februarii).</span> 
     </span>
    </p>
   </div>
   <div class='ocr_carea' id='block_1_6' title="bbox 148 3537 1418 4904">
    <p class='ocr_par' dir='ltr' id='par_1_6' title="bbox 148 3537 1418 4687">
     <span class='ocr_line' id='line_1_27' title="bbox 258 3537 1417 3622; baseline 0.002 -22"><span class='ocrx_word' id='word_1_221' title='bbox 258 3539 336 3600; x_wconf 89' lang='lat' dir='ltr'>Item</span> <span class='ocrx_word' id='word_1_222' title='bbox 352 3551 419 3601; x_wconf 90' lang='lat' dir='ltr'>tota</span> <span class='ocrx_word' id='word_1_223' title='bbox 437 3538 652 3600; x_wconf 89' lang='lat' dir='ltr'>communitas</span> <span class='ocrx_word' id='word_1_224' title='bbox 669 3537 806 3599; x_wconf 89' lang='lat' dir='ltr'>civitatis</span> <span class='ocrx_word' id='word_1_225' title='bbox 829 3552 1008 3621; x_wconf 89' lang='lat' dir='ltr'>prenotate,</span> <span class='ocrx_word' id='word_1_226' title='bbox 1025 3539 1105 3622; x_wconf 92' lang='lat' dir='ltr'>pari,</span> <span class='ocrx_word' id='word_1_227' title='bbox 1123 3540 1268 3601; x_wconf 90' lang='lat' dir='ltr'>unanimi</span> <span class='ocrx_word' id='word_1_228' title='bbox 1294 3554 1325 3602; x_wconf 91' lang='lat' dir='ltr'>et</span> <span class='ocrx_word' id='word_1_229' title='bbox 1341 3561 1417 3603; x_wconf 91' lang='lat' dir='ltr'>con-</span> 
     </span>
     <span class='ocr_line' id='line_1_28' title="bbox 149 3645 1417 3727; baseline -0.002 -17"><span class='ocrx_word' id='word_1_230' title='bbox 149 3646 242 3710; x_wconf 90' lang='lat' dir='ltr'>cordi</span> <span class='ocrx_word' id='word_1_231' title='bbox 267 3647 432 3708; x_wconf 91' lang='lat' dir='ltr'>voluntate</span> <span class='ocrx_word' id='word_1_232' title='bbox 458 3645 620 3727; x_wconf 92' lang='lat' dir='ltr'>quandam</span> <span class='ocrx_word' id='word_1_233' title='bbox 653 3646 780 3706; x_wconf 90' lang='lat' dir='ltr'>vineam</span> <span class='ocrx_word' id='word_1_234' title='bbox 815 3645 974 3708; x_wconf 87' lang='lat' dir='ltr'>desertam</span> <span class='ocrx_word' id='word_1_235' title='bbox 1000 3660 1030 3708; x_wconf 92' lang='lat' dir='ltr'>et</span> <span class='ocrx_word' id='word_1_236' title='bbox 1061 3645 1246 3708; x_wconf 80' lang='lat' dir='ltr'>inforestam</span> <span class='ocrx_word' id='word_1_237' title='bbox 1273 3647 1303 3708; x_wconf 93' lang='lat' dir='ltr'>in</span> <span class='ocrx_word' id='word_1_238' title='bbox 1329 3648 1417 3708; x_wconf 92' lang='lat' dir='ltr'>terri·</span> 
     </span>
     <span class='ocr_line' id='line_1_29' title="bbox 149 3751 1416 3835; baseline -0.001 -18"><span class='ocrx_word' id='word_1_239' title='bbox 149 3753 237 3817; x_wconf 91' lang='lat' dir='ltr'>torio</span> <span class='ocrx_word' id='word_1_240' title='bbox 262 3753 399 3815; x_wconf 90' lang='lat' dir='ltr'>civitatis</span> <span class='ocrx_word' id='word_1_241' title='bbox 424 3753 505 3813; x_wconf 91' lang='lat' dir='ltr'>inter</span> <span class='ocrx_word' id='word_1_242' title='bbox 529 3753 638 3813; x_wconf 88' lang='lat' dir='ltr'>vineas</span> <span class='ocrx_word' id='word_1_243' title='bbox 662 3751 721 3812; x_wconf 91' lang='lat' dir='ltr'>viri</span> <span class='ocrx_word' id='word_1_244' title='bbox 747 3752 872 3834; x_wconf 94' lang='lat' dir='ltr'>providi</span> <span class='ocrx_word' id='word_1_245' title='bbox 899 3752 1031 3835; x_wconf 91' lang='lat' dir='ltr'>Georgii</span> <span class='ocrx_word' id='word_1_246' title='bbox 1050 3753 1224 3815; x_wconf 87' lang='lat' dir='ltr'>Wlkanich</span> <span class='ocrx_word' id='word_1_247' title='bbox 1248 3752 1305 3815; x_wconf 86' lang='lat' dir='ltr'>filii</span> <span class='ocrx_word' id='word_1_248' title='bbox 1332 3755 1416 3816; x_wconf 89' lang='lat' dir='ltr'>Petri</span> 
     </span>
     <span class='ocr_line' id='line_1_30' title="bbox 151 3858 1416 3943; baseline 0.001 -22"><span class='ocrx_word' id='word_1_249' title='bbox 151 3874 185 3922; x_wconf 89' lang='lat' dir='ltr'>et</span> <span class='ocrx_word' id='word_1_250' title='bbox 209 3860 384 3921; x_wconf 92' lang='lat' dir='ltr'>liberorum</span> <span class='ocrx_word' id='word_1_251' title='bbox 410 3859 566 3920; x_wconf 84' lang='lat' dir='ltr'>Anthonii</span> <span class='ocrx_word' id='word_1_252' title='bbox 584 3858 640 3919; x_wconf 88' lang='lat' dir='ltr'>filii</span> <span class='ocrx_word' id='word_1_253' title='bbox 667 3858 742 3920; x_wconf 91' lang='lat' dir='ltr'>dicti</span> <span class='ocrx_word' id='word_1_254' title='bbox 765 3858 859 3938; x_wconf 86' lang='lat' dir='ltr'>Petri,</span> <span class='ocrx_word' id='word_1_255' title='bbox 877 3858 981 3922; x_wconf 85' lang='lat' dir='ltr'>fratris</span> <span class='ocrx_word' id='word_1_256' title='bbox 1005 3879 1081 3921; x_wconf 93' lang='lat' dir='ltr'>vero</span> <span class='ocrx_word' id='word_1_257' title='bbox 1098 3860 1245 3923; x_wconf 91' lang='lat' dir='ltr'>annotati</span> <span class='ocrx_word' id='word_1_258' title='bbox 1272 3860 1416 3943; x_wconf 87' lang='lat' dir='ltr'>Georgii,</span> 
     </span>
     <span class='ocr_line' id='line_1_31' title="bbox 149 3965 1413 4049; baseline 0.001 -20"><span class='ocrx_word' id='word_1_259' title='bbox 149 3968 193 4031; x_wconf 88' lang='lat' dir='ltr'>ab</span> <span class='ocrx_word' id='word_1_260' title='bbox 218 3986 279 4028; x_wconf 91' lang='lat' dir='ltr'>una</span> <span class='ocrx_word' id='word_1_261' title='bbox 304 3981 403 4049; x_wconf 88' lang='lat' dir='ltr'>parte,</span> <span class='ocrx_word' id='word_1_262' title='bbox 427 3968 466 4027; x_wconf 90' lang='lat' dir='ltr'>ab</span> <span class='ocrx_word' id='word_1_263' title='bbox 492 3966 588 4026; x_wconf 89' lang='lat' dir='ltr'>altera</span> <span class='ocrx_word' id='word_1_264' title='bbox 613 3985 689 4026; x_wconf 90' lang='lat' dir='ltr'>vero</span> <span class='ocrx_word' id='word_1_265' title='bbox 714 3965 890 4027; x_wconf 90' lang='lat' dir='ltr'>liberorum</span> <span class='ocrx_word' id='word_1_266' title='bbox 929 3966 1065 4028; x_wconf 91' lang='lat' dir='ltr'>condam</span> <span class='ocrx_word' id='word_1_267' title='bbox 1090 3967 1219 4029; x_wconf 86' lang='lat' dir='ltr'>Andree</span> <span class='ocrx_word' id='word_1_268' title='bbox 1244 3967 1283 4030; x_wconf 92' lang='lat' dir='ltr'>de</span> <span class='ocrx_word' id='word_1_269' title='bbox 1308 3969 1413 4030; x_wconf 91' lang='lat' dir='ltr'>Turre</span> 
     </span>
     <span class='ocr_line' id='line_1_32' title="bbox 149 4071 1417 4155; baseline 0 -19"><span class='ocrx_word' id='word_1_270' title='bbox 149 4073 305 4151; x_wconf 88' lang='lat' dir='ltr'>habitam,</span> <span class='ocrx_word' id='word_1_271' title='bbox 330 4073 468 4154; x_wconf 91' lang='lat' dir='ltr'>desuper</span> <span class='ocrx_word' id='word_1_272' title='bbox 492 4073 577 4133; x_wconf 90' lang='lat' dir='ltr'>avia</span> <span class='ocrx_word' id='word_1_273' title='bbox 594 4073 758 4133; x_wconf 92' lang='lat' dir='ltr'>communi</span> <span class='ocrx_word' id='word_1_274' title='bbox 781 4071 862 4134; x_wconf 82' lang='lat' dir='ltr'>infra</span> <span class='ocrx_word' id='word_1_275' title='bbox 879 4093 980 4155; x_wconf 91' lang='lat' dir='ltr'>usque</span> <span class='ocrx_word' id='word_1_276' title='bbox 1005 4073 1146 4135; x_wconf 88' lang='lat' dir='ltr'>rivulum</span> <span class='ocrx_word' id='word_1_277' title='bbox 1164 4093 1220 4136; x_wconf 91' lang='lat' dir='ltr'>seu</span> <span class='ocrx_word' id='word_1_278' title='bbox 1245 4073 1417 4137; x_wconf 89' lang='lat' dir='ltr'>decursum</span> 
     </span>
     <span class='ocr_line' id='line_1_33' title="bbox 148 4178 1417 4263; baseline 0 -20"><span class='ocrx_word' id='word_1_279' title='bbox 148 4199 234 4261; x_wconf 91' lang='lat' dir='ltr'>aque</span> <span class='ocrx_word' id='word_1_280' title='bbox 259 4179 410 4262; x_wconf 90' lang='lat' dir='ltr'>pluvialis</span> <span class='ocrx_word' id='word_1_281' title='bbox 434 4199 467 4240; x_wconf 89' lang='lat' dir='ltr'>se</span> <span class='ocrx_word' id='word_1_282' title='bbox 492 4178 678 4257; x_wconf 88' lang='lat' dir='ltr'>extendens,</span> <span class='ocrx_word' id='word_1_283' title='bbox 708 4198 769 4260; x_wconf 91' lang='lat' dir='ltr'>que</span> <span class='ocrx_word' id='word_1_284' title='bbox 803 4178 940 4241; x_wconf 90' lang='lat' dir='ltr'>condam</span> <span class='ocrx_word' id='word_1_285' title='bbox 966 4179 1057 4241; x_wconf 87' lang='lat' dir='ltr'>Pauli</span> <span class='ocrx_word' id='word_1_286' title='bbox 1084 4179 1231 4242; x_wconf 91' lang='lat' dir='ltr'>Thothar</span> <span class='ocrx_word' id='word_1_287' title='bbox 1254 4179 1417 4263; x_wconf 86' lang='lat' dir='ltr'>prefuerat</span> 
     </span>
     <span class='ocr_line' id='line_1_34' title="bbox 149 4284 1417 4369; baseline 0.002 -21"><span class='ocrx_word' id='word_1_288' title='bbox 149 4299 183 4349; x_wconf 92' lang='lat' dir='ltr'>et</span> <span class='ocrx_word' id='word_1_289' title='bbox 205 4305 261 4368; x_wconf 90' lang='lat' dir='ltr'>per</span> <span class='ocrx_word' id='word_1_290' title='bbox 286 4285 425 4347; x_wconf 90' lang='lat' dir='ltr'>eundem</span> <span class='ocrx_word' id='word_1_291' title='bbox 450 4284 713 4347; x_wconf 89' lang='lat' dir='ltr'>testamentaliter</span> <span class='ocrx_word' id='word_1_292' title='bbox 736 4286 961 4347; x_wconf 89' lang='lat' dir='ltr'>communitati</span> <span class='ocrx_word' id='word_1_293' title='bbox 986 4285 1089 4348; x_wconf 89' lang='lat' dir='ltr'>luerat</span> <span class='ocrx_word' id='word_1_294' title='bbox 1114 4287 1230 4369; x_wconf 90' lang='lat' dir='ltr'>legata,</span> <span class='ocrx_word' id='word_1_295' title='bbox 1254 4308 1326 4350; x_wconf 89' lang='lat' dir='ltr'>cum</span> <span class='ocrx_word' id='word_1_296' title='bbox 1352 4288 1417 4350; x_wconf 89' lang='lat' dir='ltr'>suis</span> 
     </span>
     <span class='ocr_line' id='line_1_35' title="bbox 152 4389 1417 4476; baseline 0.003 -23"><span class='ocrx_word' id='word_1_297' title='bbox 152 4391 360 4476; x_wconf 90' lang='lat' dir='ltr'>pertinenciis</span> <span class='ocrx_word' id='word_1_298' title='bbox 394 4393 546 4472; x_wconf 91' lang='lat' dir='ltr'>magistro</span> <span class='ocrx_word' id='word_1_299' title='bbox 572 4389 701 4453; x_wconf 89' lang='lat' dir='ltr'>Matheo</span> <span class='ocrx_word' id='word_1_300' title='bbox 734 4392 860 4453; x_wconf 89' lang='lat' dir='ltr'>literato</span> <span class='ocrx_word' id='word_1_301' title='bbox 892 4391 960 4454; x_wconf 90' lang='lat' dir='ltr'>filio</span> <span class='ocrx_word' id='word_1_302' title='bbox 987 4393 1072 4455; x_wconf 87' lang='lat' dir='ltr'>Luce</span> <span class='ocrx_word' id='word_1_303' title='bbox 1110 4392 1167 4455; x_wconf 84' lang='lat' dir='ltr'>filii</span> <span class='ocrx_word' id='word_1_304' title='bbox 1193 4395 1283 4456; x_wconf 87' lang='lat' dir='ltr'>Rade</span> <span class='ocrx_word' id='word_1_305' title='bbox 1315 4395 1417 4457; x_wconf 91' lang='lat' dir='ltr'>scola·</span> 
     </span>
     <span class='ocr_line' id='line_1_36' title="bbox 151 4498 1418 4582; baseline 0.002 -22"><span class='ocrx_word' id='word_1_306' title='bbox 151 4498 243 4577; x_wconf 82' lang='lat' dir='ltr'>atico,</span> <span class='ocrx_word' id='word_1_307' title='bbox 268 4498 395 4560; x_wconf 89' lang='lat' dir='ltr'>notario</span> <span class='ocrx_word' id='word_1_308' title='bbox 419 4513 450 4560; x_wconf 92' lang='lat' dir='ltr'>et</span> <span class='ocrx_word' id='word_1_309' title='bbox 474 4498 600 4559; x_wconf 89' lang='lat' dir='ltr'>concivi</span> <span class='ocrx_word' id='word_1_310' title='bbox 625 4511 734 4559; x_wconf 90' lang='lat' dir='ltr'>nostro</span> <span class='ocrx_word' id='word_1_311' title='bbox 758 4518 817 4580; x_wconf 93' lang='lat' dir='ltr'>pro</span> <span class='ocrx_word' id='word_1_312' title='bbox 843 4500 984 4561; x_wconf 89' lang='lat' dir='ltr'>serviciis</span> <span class='ocrx_word' id='word_1_313' title='bbox 1006 4500 1071 4561; x_wconf 90' lang='lat' dir='ltr'>suis</span> <span class='ocrx_word' id='word_1_314' title='bbox 1096 4501 1311 4582; x_wconf 90' lang='lat' dir='ltr'>multiphariis</span> <span class='ocrx_word' id='word_1_315' title='bbox 1329 4501 1418 4564; x_wconf 91' lang='lat' dir='ltr'>dedit</span> 
     </span>
     <span class='ocr_line' id='line_1_37' title="bbox 149 4605 907 4687; baseline -0.004 -19"><span class='ocrx_word' id='word_1_316' title='bbox 149 4617 183 4668; x_wconf 89' lang='lat' dir='ltr'>et</span> <span class='ocrx_word' id='word_1_317' title='bbox 206 4605 402 4668; x_wconf 90' lang='lat' dir='ltr'>condonavit</span> <span class='ocrx_word' id='word_1_318' title='bbox 428 4619 583 4687; x_wconf 90' lang='lat' dir='ltr'>perpetuo</span> <span class='ocrx_word' id='word_1_319' title='bbox 608 4605 848 4686; x_wconf 91' lang='lat' dir='ltr'>possidendam.</span> <span class='ocrx_word' id='word_1_320' title='bbox 906 4643 907 4646; x_wconf 58' lang='lat'><em>=</em></span> 
     </span>
    </p>

    <p class='ocr_par' dir='ltr' id='par_1_7' title="bbox 150 4712 1416 4904">
     <span class='ocr_line' id='line_1_38' title="bbox 258 4712 1413 4796; baseline 0.003 -23"><span class='ocrx_word' id='word_1_321' title='bbox 258 4712 337 4774; x_wconf 90' lang='lat' dir='ltr'>Item</span> <span class='ocrx_word' id='word_1_322' title='bbox 362 4713 501 4793; x_wconf 88' lang='lat' dir='ltr'>quedam</span> <span class='ocrx_word' id='word_1_323' title='bbox 526 4727 608 4774; x_wconf 90' lang='lat' dir='ltr'>terre</span> <span class='ocrx_word' id='word_1_324' title='bbox 632 4712 761 4772; x_wconf 90' lang='lat' dir='ltr'>arabilis</span> <span class='ocrx_word' id='word_1_325' title='bbox 787 4713 818 4773; x_wconf 89' lang='lat' dir='ltr'>io</span> <span class='ocrx_word' id='word_1_326' title='bbox 844 4733 958 4796; x_wconf 91' lang='lat' dir='ltr'>campo</span> <span class='ocrx_word' id='word_1_327' title='bbox 976 4714 1111 4775; x_wconf 89' lang='lat' dir='ltr'>civitatis</span> <span class='ocrx_word' id='word_1_328' title='bbox 1136 4715 1219 4777; x_wconf 92' lang='lat' dir='ltr'>inter</span> <span class='ocrx_word' id='word_1_329' title='bbox 1243 4729 1341 4776; x_wconf 90' lang='lat' dir='ltr'>terras</span> <span class='ocrx_word' id='word_1_330' title='bbox 1364 4735 1413 4776; x_wconf 92' lang='lat' dir='ltr'>ec·</span> 
     </span>
     <span class='ocr_line' id='line_1_39' title="bbox 150 4817 1416 4904; baseline 0.002 -23"><span class='ocrx_word' id='word_1_331' title='bbox 150 4817 247 4881; x_wconf 86' lang='lat' dir='ltr'>cleaie</span> <span class='ocrx_word' id='word_1_332' title='bbox 272 4831 380 4881; x_wconf 88' lang='lat' dir='ltr'>nostre</span> <span class='ocrx_word' id='word_1_333' title='bbox 405 4818 598 4901; x_wconf 90' lang='lat' dir='ltr'>parochialis</span> <span class='ocrx_word' id='word_1_334' title='bbox 622 4819 705 4880; x_wconf 91' lang='lat' dir='ltr'>beati</span> <span class='ocrx_word' id='word_1_335' title='bbox 736 4819 834 4882; x_wconf 89' lang='lat' dir='ltr'>Marci</span> <span class='ocrx_word' id='word_1_336' title='bbox 868 4821 1073 4904; x_wconf 89' lang='lat' dir='ltr'>ewangeliste</span> <span class='ocrx_word' id='word_1_337' title='bbox 1099 4835 1129 4885; x_wconf 90' lang='lat' dir='ltr'>et</span> <span class='ocrx_word' id='word_1_338' title='bbox 1153 4821 1316 4886; x_wconf 88' lang='lat' dir='ltr'>Valentini</span> <span class='ocrx_word' id='word_1_339' title='bbox 1349 4841 1416 4886; x_wconf 89' lang='lat' dir='ltr'>car·</span> 
     </span>
    </p>
   </div>
   <div class='ocr_carea' id='block_1_7' title="bbox 0 0 1576 5356">
    <p class='ocr_par' dir='ltr' id='par_1_8' title="bbox 0 0 1576 5356">
     <span class='ocr_line' id='line_1_40' title="bbox 0 0 1576 5356; baseline 0 0"><span class='ocrx_word' id='word_1_340' title='bbox 0 0 1576 5356; x_wconf 95' lang='lat' dir='ltr'> </span> 
     </span>
    </p>
   </div>
  </div>
 </body>
</html>
