<?xml version="1.0" encoding="UTF-8"?>
<!DOCTYPE html PUBLIC "-//W3C//DTD XHTML 1.0 Transitional//EN"
    "http://www.w3.org/TR/xhtml1/DTD/xhtml1-transitional.dtd">
<html xmlns="http://www.w3.org/1999/xhtml" xml:lang="en" lang="en">
 <head>
  <title>
</title>
<meta http-equiv="Content-Type" content="text/html;charset=utf-8" />
  <meta name='ocr-system' content='tesseract 3.04.00' />
  <meta name='ocr-capabilities' content='ocr_page ocr_carea ocr_par ocr_line ocrx_word'/>
</head>
<body>
  <div class='ocr_page' id='page_1' title='image "./monumentahistor17laszgoog_0522.png"; bbox 0 0 3142 5356; ppageno 0'>
   <div class='ocr_carea' id='block_1_1' title="bbox 682 360 1412 442">
    <p class='ocr_par' dir='ltr' id='par_1_1' title="bbox 682 360 1412 442">
     <span class='ocr_line' id='line_1_1' title="bbox 682 360 1412 442; baseline 0.005 -24"><span class='ocrx_word' id='word_1_1' title='bbox 682 360 769 418; x_wconf 82' lang='lat' dir='ltr'>Anno</span> <span class='ocrx_word' id='word_1_2' title='bbox 791 372 881 438; x_wconf 76' lang='lat'><em>1427.</em></span> <span class='ocrx_word' id='word_1_3' title='bbox 1356 382 1412 442; x_wconf 90' lang='lat'>143</span> 
     </span>
    </p>
   </div>
   <div class='ocr_carea' id='block_1_2' title="bbox 147 571 1418 3524">
    <p class='ocr_par' dir='ltr' id='par_1_2' title="bbox 147 571 1418 1504">
     <span class='ocr_line' id='line_1_2' title="bbox 147 571 1415 657; baseline 0.003 -24"><span class='ocrx_word' id='word_1_4' title='bbox 147 571 289 633; x_wconf 89' lang='lat' dir='ltr'>condam</span> <span class='ocrx_word' id='word_1_5' title='bbox 315 571 465 633; x_wconf 89' lang='lat' dir='ltr'>Damiani</span> <span class='ocrx_word' id='word_1_6' title='bbox 491 571 647 653; x_wconf 84' lang='lat' dir='ltr'>Smolkyn</span> <span class='ocrx_word' id='word_1_7' title='bbox 681 585 712 632; x_wconf 88' lang='lat' dir='ltr'>et</span> <span class='ocrx_word' id='word_1_8' title='bbox 743 572 800 632; x_wconf 93' lang='lat' dir='ltr'>viri</span> <span class='ocrx_word' id='word_1_9' title='bbox 835 574 960 654; x_wconf 84' lang='lat' dir='ltr'>providi</span> <span class='ocrx_word' id='word_1_10' title='bbox 987 574 1116 657; x_wconf 90' lang='lat' dir='ltr'>Mathey</span> <span class='ocrx_word' id='word_1_11' title='bbox 1141 573 1272 636; x_wconf 86' lang='lat' dir='ltr'>Philech</span> <span class='ocrx_word' id='word_1_12' title='bbox 1296 575 1415 652; x_wconf 88' lang='lat' dir='ltr'>habite,</span> 
     </span>
     <span class='ocr_line' id='line_1_3' title="bbox 148 677 1417 762; baseline 0.004 -24"><span class='ocrx_word' id='word_1_13' title='bbox 148 697 168 739; x_wconf 89' lang='lat' dir='ltr'>a</span> <span class='ocrx_word' id='word_1_14' title='bbox 184 691 274 760; x_wconf 89' lang='lat' dir='ltr'>parte</span> <span class='ocrx_word' id='word_1_15' title='bbox 292 678 367 739; x_wconf 92' lang='lat' dir='ltr'>dicti</span> <span class='ocrx_word' id='word_1_16' title='bbox 386 677 506 739; x_wconf 90' lang='lat' dir='ltr'>Mathei</span> <span class='ocrx_word' id='word_1_17' title='bbox 524 677 654 739; x_wconf 90' lang='lat' dir='ltr'>Philech</span> <span class='ocrx_word' id='word_1_18' title='bbox 681 677 834 756; x_wconf 84' lang='lat' dir='ltr'>habitam,</span> <span class='ocrx_word' id='word_1_19' title='bbox 853 699 924 740; x_wconf 92' lang='lat' dir='ltr'>cum</span> <span class='ocrx_word' id='word_1_20' title='bbox 945 681 1011 741; x_wconf 89' lang='lat' dir='ltr'>suis</span> <span class='ocrx_word' id='word_1_21' title='bbox 1028 681 1232 762; x_wconf 86' lang='lat' dir='ltr'>pertinenciis</span> <span class='ocrx_word' id='word_1_22' title='bbox 1249 697 1280 744; x_wconf 91' lang='lat' dir='ltr'>et</span> <span class='ocrx_word' id='word_1_23' title='bbox 1296 683 1417 745; x_wconf 90' lang='lat' dir='ltr'>cunctis</span> 
     </span>
     <span class='ocr_line' id='line_1_4' title="bbox 149 783 1414 868; baseline 0.006 -24"><span class='ocrx_word' id='word_1_24' title='bbox 149 785 183 844; x_wconf 92' lang='lat' dir='ltr'>in</span> <span class='ocrx_word' id='word_1_25' title='bbox 208 784 299 845; x_wconf 89' lang='lat' dir='ltr'>litera</span> <span class='ocrx_word' id='word_1_26' title='bbox 324 784 491 865; x_wconf 84' lang='lat' dir='ltr'>expressis,</span> <span class='ocrx_word' id='word_1_27' title='bbox 516 784 621 845; x_wconf 87' lang='lat' dir='ltr'>eidem</span> <span class='ocrx_word' id='word_1_28' title='bbox 647 783 765 846; x_wconf 89' lang='lat' dir='ltr'>Mathei</span> <span class='ocrx_word' id='word_1_29' title='bbox 785 785 917 847; x_wconf 86' lang='lat' dir='ltr'>Philech</span> <span class='ocrx_word' id='word_1_30' title='bbox 942 806 1000 867; x_wconf 93' lang='lat' dir='ltr'>pro</span> <span class='ocrx_word' id='word_1_31' title='bbox 1017 788 1202 868; x_wconf 87' lang='lat' dir='ltr'>quindecim</span> <span class='ocrx_word' id='word_1_32' title='bbox 1229 789 1342 850; x_wconf 89' lang='lat' dir='ltr'>marcis</span> <span class='ocrx_word' id='word_1_33' title='bbox 1360 790 1414 852; x_wconf 90' lang='lat' dir='ltr'>de·</span> 
     </span>
     <span class='ocr_line' id='line_1_5' title="bbox 148 891 1416 972; baseline 0.005 -21"><span class='ocrx_word' id='word_1_34' title='bbox 148 891 315 951; x_wconf 82' lang='lat' dir='ltr'>uariorum</span> <span class='ocrx_word' id='word_1_35' title='bbox 333 891 550 952; x_wconf 89' lang='lat' dir='ltr'>vendiderunt</span> <span class='ocrx_word' id='word_1_36' title='bbox 566 905 722 972; x_wconf 88' lang='lat' dir='ltr'>perpetuo</span> <span class='ocrx_word' id='word_1_37' title='bbox 748 892 975 972; x_wconf 83' lang='lat' dir='ltr'>possidendam</span> <span class='ocrx_word' id='word_1_38' title='bbox 993 895 1052 954; x_wconf 91' lang='lat' dir='ltr'>sub</span> <span class='ocrx_word' id='word_1_39' title='bbox 1069 914 1166 955; x_wconf 89' lang='lat' dir='ltr'>censu</span> <span class='ocrx_word' id='word_1_40' title='bbox 1185 895 1324 956; x_wconf 93' lang='lat' dir='ltr'>duorum</span> <span class='ocrx_word' id='word_1_41' title='bbox 1343 915 1416 957; x_wconf 93' lang='lat' dir='ltr'>cum</span> 
     </span>
     <span class='ocr_line' id='line_1_6' title="bbox 148 996 1417 1083; baseline 0.004 -26"><span class='ocrx_word' id='word_1_42' title='bbox 148 997 260 1058; x_wconf 89' lang='lat' dir='ltr'>medio</span> <span class='ocrx_word' id='word_1_43' title='bbox 286 997 479 1057; x_wconf 90' lang='lat' dir='ltr'>cubulorum</span> <span class='ocrx_word' id='word_1_44' title='bbox 504 1016 560 1078; x_wconf 90' lang='lat' dir='ltr'>per</span> <span class='ocrx_word' id='word_1_45' title='bbox 585 996 724 1057; x_wconf 90' lang='lat' dir='ltr'>eundem</span> <span class='ocrx_word' id='word_1_46' title='bbox 744 998 873 1080; x_wconf 86' lang='lat' dir='ltr'>Mathey</span> <span class='ocrx_word' id='word_1_47' title='bbox 899 999 1028 1060; x_wconf 85' lang='lat' dir='ltr'>Philech</span> <span class='ocrx_word' id='word_1_48' title='bbox 1054 999 1169 1080; x_wconf 81' lang='lat' dir='ltr'>iugiter</span> <span class='ocrx_word' id='word_1_49' title='bbox 1185 1015 1331 1083; x_wconf 91' lang='lat' dir='ltr'>ternpore</span> <span class='ocrx_word' id='word_1_50' title='bbox 1349 1003 1417 1063; x_wconf 90' lang='lat' dir='ltr'>vin·</span> 
     </span>
     <span class='ocr_line' id='line_1_7' title="bbox 149 1101 1417 1187; baseline 0.005 -23"><span class='ocrx_word' id='word_1_51' title='bbox 149 1103 255 1164; x_wconf 90' lang='lat' dir='ltr'>demie</span> <span class='ocrx_word' id='word_1_52' title='bbox 269 1103 443 1164; x_wconf 90' lang='lat' dir='ltr'>colendino</span> <span class='ocrx_word' id='word_1_53' title='bbox 457 1101 728 1164; x_wconf 83' lang='lat' dir='ltr'>confraternitatis</span> <span class='ocrx_word' id='word_1_54' title='bbox 745 1104 947 1166; x_wconf 86' lang='lat' dir='ltr'>sacerdotum</span> <span class='ocrx_word' id='word_1_55' title='bbox 967 1106 1200 1187; x_wconf 86' lang='lat' dir='ltr'>persolvendo;</span> <span class='ocrx_word' id='word_1_56' title='bbox 1218 1107 1309 1169; x_wconf 91' lang='lat' dir='ltr'>cuius</span> <span class='ocrx_word' id='word_1_57' title='bbox 1324 1109 1417 1170; x_wconf 90' lang='lat' dir='ltr'>vinee</span> 
     </span>
     <span class='ocr_line' id='line_1_8' title="bbox 148 1210 1418 1293; baseline 0.004 -22"><span class='ocrx_word' id='word_1_58' title='bbox 148 1210 246 1271; x_wconf 90' lang='lat' dir='ltr'>aliam</span> <span class='ocrx_word' id='word_1_59' title='bbox 272 1211 478 1271; x_wconf 90' lang='lat' dir='ltr'>medietatem</span> <span class='ocrx_word' id='word_1_60' title='bbox 509 1230 525 1270; x_wconf 88' lang='lat' dir='ltr'>a</span> <span class='ocrx_word' id='word_1_61' title='bbox 559 1223 648 1291; x_wconf 90' lang='lat' dir='ltr'>parte</span> <span class='ocrx_word' id='word_1_62' title='bbox 679 1210 899 1291; x_wconf 91' lang='lat' dir='ltr'>predictorum</span> <span class='ocrx_word' id='word_1_63' title='bbox 930 1210 1107 1273; x_wconf 88' lang='lat' dir='ltr'>liberorum</span> <span class='ocrx_word' id='word_1_64' title='bbox 1133 1212 1282 1274; x_wconf 89' lang='lat' dir='ltr'>Damiani</span> <span class='ocrx_word' id='word_1_65' title='bbox 1313 1215 1418 1293; x_wconf 88' lang='lat' dir='ltr'>sitam,</span> 
     </span>
     <span class='ocr_line' id='line_1_9' title="bbox 148 1315 1417 1382; baseline 0.005 -6"><span class='ocrx_word' id='word_1_66' title='bbox 148 1315 248 1377; x_wconf 90' lang='lat' dir='ltr'>iidem</span> <span class='ocrx_word' id='word_1_67' title='bbox 274 1316 427 1378; x_wconf 89' lang='lat' dir='ltr'>Clemens</span> <span class='ocrx_word' id='word_1_68' title='bbox 450 1329 482 1377; x_wconf 89' lang='lat' dir='ltr'>et</span> <span class='ocrx_word' id='word_1_69' title='bbox 507 1315 675 1376; x_wconf 89' lang='lat' dir='ltr'>Ladislaus</span> <span class='ocrx_word' id='word_1_70' title='bbox 709 1319 768 1377; x_wconf 92' lang='lat' dir='ltr'>sub</span> <span class='ocrx_word' id='word_1_71' title='bbox 793 1317 890 1377; x_wconf 83' lang='lat' dir='ltr'>simili</span> <span class='ocrx_word' id='word_1_72' title='bbox 917 1337 1014 1378; x_wconf 91' lang='lat' dir='ltr'>censu</span> <span class='ocrx_word' id='word_1_73' title='bbox 1046 1317 1184 1379; x_wconf 91' lang='lat' dir='ltr'>duorum</span> <span class='ocrx_word' id='word_1_74' title='bbox 1209 1339 1282 1380; x_wconf 90' lang='lat' dir='ltr'>eum</span> <span class='ocrx_word' id='word_1_75' title='bbox 1309 1320 1417 1382; x_wconf 91' lang='lat' dir='ltr'>medio</span> 
     </span>
     <span class='ocr_line' id='line_1_10' title="bbox 148 1423 993 1504; baseline 0.004 -21"><span class='ocrx_word' id='word_1_76' title='bbox 148 1423 344 1483; x_wconf 89' lang='lat' dir='ltr'>cubulorum</span> <span class='ocrx_word' id='word_1_77' title='bbox 371 1442 487 1504; x_wconf 92' lang='lat' dir='ltr'>prose</span> <span class='ocrx_word' id='word_1_78' title='bbox 513 1437 726 1484; x_wconf 88' lang='lat' dir='ltr'>reservassent</span> <span class='ocrx_word' id='word_1_79' title='bbox 755 1423 993 1504; x_wconf 92' lang='lat' dir='ltr'>possidendam.</span> 
     </span>
    </p>

    <p class='ocr_par' dir='ltr' id='par_1_3' title="bbox 148 1526 1417 2570">
     <span class='ocr_line' id='line_1_11' title="bbox 256 1526 1415 1593; baseline 0.004 -5"><span class='ocrx_word' id='word_1_80' title='bbox 256 1529 334 1590; x_wconf 91' lang='lat' dir='ltr'>ltem</span> <span class='ocrx_word' id='word_1_81' title='bbox 360 1529 485 1588; x_wconf 89' lang='lat' dir='ltr'>Marcus</span> <span class='ocrx_word' id='word_1_82' title='bbox 511 1526 651 1589; x_wconf 83' lang='lat' dir='ltr'>carnifex</span> <span class='ocrx_word' id='word_1_83' title='bbox 684 1526 768 1589; x_wconf 85' lang='lat' dir='ltr'>filius</span> <span class='ocrx_word' id='word_1_84' title='bbox 802 1529 926 1590; x_wconf 91' lang='lat' dir='ltr'>Nicolai</span> <span class='ocrx_word' id='word_1_85' title='bbox 952 1544 983 1589; x_wconf 91' lang='lat' dir='ltr'>et</span> <span class='ocrx_word' id='word_1_86' title='bbox 1015 1528 1148 1590; x_wconf 89' lang='lat' dir='ltr'>honesta</span> <span class='ocrx_word' id='word_1_87' title='bbox 1174 1531 1290 1592; x_wconf 91' lang='lat' dir='ltr'>mulier</span> <span class='ocrx_word' id='word_1_88' title='bbox 1316 1532 1415 1593; x_wconf 84' lang='lat' dir='ltr'>Elena</span> 
     </span>
     <span class='ocr_line' id='line_1_12' title="bbox 148 1634 1415 1711; baseline 0.004 -17"><span class='ocrx_word' id='word_1_89' title='bbox 148 1654 205 1695; x_wconf 90' lang='lat' dir='ltr'>sua</span> <span class='ocrx_word' id='word_1_90' title='bbox 231 1653 373 1711; x_wconf 86' lang='lat' dir='ltr'>consors,</span> <span class='ocrx_word' id='word_1_91' title='bbox 405 1634 611 1695; x_wconf 90' lang='lat' dir='ltr'>medietatem</span> <span class='ocrx_word' id='word_1_92' title='bbox 646 1635 812 1695; x_wconf 89' lang='lat' dir='ltr'>cuiusdam</span> <span class='ocrx_word' id='word_1_93' title='bbox 847 1635 939 1696; x_wconf 90' lang='lat' dir='ltr'>vinee</span> <span class='ocrx_word' id='word_1_94' title='bbox 966 1635 997 1695; x_wconf 93' lang='lat' dir='ltr'>in</span> <span class='ocrx_word' id='word_1_95' title='bbox 1019 1636 1181 1697; x_wconf 91' lang='lat' dir='ltr'>territorio</span> <span class='ocrx_word' id='word_1_96' title='bbox 1215 1637 1352 1698; x_wconf 89' lang='lat' dir='ltr'>civitatis</span> <span class='ocrx_word' id='word_1_97' title='bbox 1384 1640 1415 1699; x_wconf 92' lang='lat' dir='ltr'>in</span> 
     </span>
     <span class='ocr_line' id='line_1_13' title="bbox 148 1740 1417 1824; baseline 0.005 -24"><span class='ocrx_word' id='word_1_98' title='bbox 148 1741 313 1802; x_wconf 82' lang='lat' dir='ltr'>vicinitate</span> <span class='ocrx_word' id='word_1_99' title='bbox 339 1741 431 1801; x_wconf 89' lang='lat' dir='ltr'>vinee</span> <span class='ocrx_word' id='word_1_100' title='bbox 464 1741 640 1801; x_wconf 91' lang='lat' dir='ltr'>liberorum</span> <span class='ocrx_word' id='word_1_101' title='bbox 673 1742 809 1801; x_wconf 91' lang='lat' dir='ltr'>condam</span> <span class='ocrx_word' id='word_1_102' title='bbox 843 1740 992 1821; x_wconf 83' lang='lat' dir='ltr'>Gregorii</span> <span class='ocrx_word' id='word_1_103' title='bbox 1019 1742 1151 1803; x_wconf 87' lang='lat' dir='ltr'>Skertha</span> <span class='ocrx_word' id='word_1_104' title='bbox 1176 1745 1216 1804; x_wconf 91' lang='lat' dir='ltr'>ab</span> <span class='ocrx_word' id='word_1_105' title='bbox 1241 1744 1417 1824; x_wconf 91' lang='lat' dir='ltr'>occidente,</span> 
     </span>
     <span class='ocr_line' id='line_1_14' title="bbox 148 1847 1416 1924; baseline 0.005 -18"><span class='ocrx_word' id='word_1_106' title='bbox 148 1861 180 1907; x_wconf 93' lang='lat' dir='ltr'>et</span> <span class='ocrx_word' id='word_1_107' title='bbox 205 1848 245 1907; x_wconf 90' lang='lat' dir='ltr'>ab</span> <span class='ocrx_word' id='word_1_108' title='bbox 278 1847 400 1908; x_wconf 90' lang='lat' dir='ltr'>oriente</span> <span class='ocrx_word' id='word_1_109' title='bbox 435 1867 524 1908; x_wconf 89' lang='lat' dir='ltr'>secus</span> <span class='ocrx_word' id='word_1_110' title='bbox 556 1848 640 1907; x_wconf 90' lang='lat' dir='ltr'>viam</span> <span class='ocrx_word' id='word_1_111' title='bbox 674 1867 934 1924; x_wconf 89' lang='lat' dir='ltr'>communem,a</span> <span class='ocrx_word' id='word_1_112' title='bbox 968 1848 1171 1909; x_wconf 83' lang='lat' dir='ltr'>meridionali</span> <span class='ocrx_word' id='word_1_113' title='bbox 1205 1864 1310 1910; x_wconf 89' lang='lat' dir='ltr'>autem</span> <span class='ocrx_word' id='word_1_114' title='bbox 1344 1865 1416 1913; x_wconf 92' lang='lat' dir='ltr'>eta</span> 
     </span>
     <span class='ocr_line' id='line_1_15' title="bbox 148 1954 1416 2036; baseline 0.003 -21"><span class='ocrx_word' id='word_1_115' title='bbox 148 1955 403 2036; x_wconf 85' lang='lat' dir='ltr'>septemtrionali</span> <span class='ocrx_word' id='word_1_116' title='bbox 438 1955 580 2034; x_wconf 90' lang='lat' dir='ltr'>partibus</span> <span class='ocrx_word' id='word_1_117' title='bbox 613 1955 694 2015; x_wconf 92' lang='lat' dir='ltr'>inter</span> <span class='ocrx_word' id='word_1_118' title='bbox 727 1954 808 2015; x_wconf 90' lang='lat' dir='ltr'>duos</span> <span class='ocrx_word' id='word_1_119' title='bbox 832 1955 954 2015; x_wconf 85' lang='lat' dir='ltr'>rivulos</span> <span class='ocrx_word' id='word_1_120' title='bbox 987 1955 1105 2032; x_wconf 89' lang='lat' dir='ltr'>habite,</span> <span class='ocrx_word' id='word_1_121' title='bbox 1140 1956 1327 2036; x_wconf 85' lang='lat' dir='ltr'>porcionem</span> <span class='ocrx_word' id='word_1_122' title='bbox 1360 1977 1416 2019; x_wconf 90' lang='lat' dir='ltr'>seu</span> 
     </span>
     <span class='ocr_line' id='line_1_16' title="bbox 148 2061 1417 2143; baseline 0.002 -21"><span class='ocrx_word' id='word_1_123' title='bbox 148 2062 355 2122; x_wconf 88' lang='lat' dir='ltr'>medietatem</span> <span class='ocrx_word' id='word_1_124' title='bbox 382 2061 464 2122; x_wconf 89' lang='lat' dir='ltr'>dicte</span> <span class='ocrx_word' id='word_1_125' title='bbox 490 2062 582 2121; x_wconf 93' lang='lat' dir='ltr'>vinee</span> <span class='ocrx_word' id='word_1_126' title='bbox 607 2061 738 2122; x_wconf 92' lang='lat' dir='ltr'>totalem</span> <span class='ocrx_word' id='word_1_127' title='bbox 765 2082 781 2122; x_wconf 92' lang='lat' dir='ltr'>a</span> <span class='ocrx_word' id='word_1_128' title='bbox 807 2061 890 2121; x_wconf 90' lang='lat' dir='ltr'>dicta</span> <span class='ocrx_word' id='word_1_129' title='bbox 919 2062 1173 2142; x_wconf 89' lang='lat' dir='ltr'>septemtrionali</span> <span class='ocrx_word' id='word_1_130' title='bbox 1200 2076 1288 2143; x_wconf 92' lang='lat' dir='ltr'>parte</span> <span class='ocrx_word' id='word_1_131' title='bbox 1312 2064 1417 2140; x_wconf 90' lang='lat' dir='ltr'>sitam,</span> 
     </span>
     <span class='ocr_line' id='line_1_17' title="bbox 149 2167 1414 2250; baseline 0 -21"><span class='ocrx_word' id='word_1_132' title='bbox 149 2188 205 2250; x_wconf 89' lang='lat' dir='ltr'>per</span> <span class='ocrx_word' id='word_1_133' title='bbox 231 2182 331 2229; x_wconf 91' lang='lat' dir='ltr'>metas</span> <span class='ocrx_word' id='word_1_134' title='bbox 356 2168 498 2228; x_wconf 90' lang='lat' dir='ltr'>eiusdem</span> <span class='ocrx_word' id='word_1_135' title='bbox 527 2168 689 2249; x_wconf 87' lang='lat' dir='ltr'>porcionis</span> <span class='ocrx_word' id='word_1_136' title='bbox 713 2167 744 2227; x_wconf 89' lang='lat' dir='ltr'>in</span> <span class='ocrx_word' id='word_1_137' title='bbox 777 2168 867 2228; x_wconf 90' lang='lat' dir='ltr'>litera</span> <span class='ocrx_word' id='word_1_138' title='bbox 892 2168 1085 2249; x_wconf 87' lang='lat' dir='ltr'>privilegiali</span> <span class='ocrx_word' id='word_1_139' title='bbox 1112 2183 1318 2250; x_wconf 88' lang='lat' dir='ltr'>expressatas,</span> <span class='ocrx_word' id='word_1_140' title='bbox 1343 2189 1414 2230; x_wconf 90' lang='lat' dir='ltr'>curo</span> 
     </span>
     <span class='ocr_line' id='line_1_18' title="bbox 148 2273 1417 2356; baseline 0.001 -21"><span class='ocrx_word' id='word_1_141' title='bbox 148 2276 214 2336; x_wconf 85' lang='lat' dir='ltr'>suis</span> <span class='ocrx_word' id='word_1_142' title='bbox 240 2275 447 2356; x_wconf 88' lang='lat' dir='ltr'>pertinenciis</span> <span class='ocrx_word' id='word_1_143' title='bbox 473 2274 638 2334; x_wconf 79' lang='lat' dir='ltr'>Anthonio</span> <span class='ocrx_word' id='word_1_144' title='bbox 671 2289 701 2335; x_wconf 89' lang='lat' dir='ltr'>et</span> <span class='ocrx_word' id='word_1_145' title='bbox 727 2273 847 2335; x_wconf 90' lang='lat' dir='ltr'>Mathie</span> <span class='ocrx_word' id='word_1_146' title='bbox 873 2273 1075 2335; x_wconf 85' lang='lat' dir='ltr'>carnificibus</span> <span class='ocrx_word' id='word_1_147' title='bbox 1109 2273 1183 2335; x_wconf 89' lang='lat' dir='ltr'>filiis</span> <span class='ocrx_word' id='word_1_148' title='bbox 1208 2274 1362 2336; x_wconf 91' lang='lat' dir='ltr'>Johannis</span> <span class='ocrx_word' id='word_1_149' title='bbox 1386 2289 1417 2337; x_wconf 88' lang='lat' dir='ltr'>et</span> 
     </span>
     <span class='ocr_line' id='line_1_19' title="bbox 148 2379 1416 2462; baseline 0.001 -21"><span class='ocrx_word' id='word_1_150' title='bbox 148 2383 213 2443; x_wconf 90' lang='lat' dir='ltr'>suis</span> <span class='ocrx_word' id='word_1_151' title='bbox 238 2382 410 2442; x_wconf 84' lang='lat' dir='ltr'>heredibus</span> <span class='ocrx_word' id='word_1_152' title='bbox 435 2401 492 2462; x_wconf 94' lang='lat' dir='ltr'>pro</span> <span class='ocrx_word' id='word_1_153' title='bbox 517 2381 630 2461; x_wconf 86' lang='lat' dir='ltr'>viginti</span> <span class='ocrx_word' id='word_1_154' title='bbox 656 2395 796 2461; x_wconf 87' lang='lat' dir='ltr'>quatuor</span> <span class='ocrx_word' id='word_1_155' title='bbox 829 2380 944 2440; x_wconf 89' lang='lat' dir='ltr'>marcis</span> <span class='ocrx_word' id='word_1_156' title='bbox 969 2379 1175 2441; x_wconf 88' lang='lat' dir='ltr'>denariorum</span> <span class='ocrx_word' id='word_1_157' title='bbox 1200 2381 1416 2442; x_wconf 90' lang='lat' dir='ltr'>vendiderunt</span> 
     </span>
     <span class='ocr_line' id='line_1_20' title="bbox 150 2487 571 2570; baseline 0 -22"><span class='ocrx_word' id='word_1_158' title='bbox 150 2503 306 2570; x_wconf 89' lang='lat' dir='ltr'>perpetuo</span> <span class='ocrx_word' id='word_1_159' title='bbox 331 2487 571 2569; x_wconf 88' lang='lat' dir='ltr'>possidendam.</span> 
     </span>
    </p>

    <p class='ocr_par' dir='ltr' id='par_1_4' title="bbox 147 2591 1416 3524">
     <span class='ocr_line' id='line_1_21' title="bbox 256 2591 1416 2676; baseline 0.001 -24"><span class='ocrx_word' id='word_1_160' title='bbox 256 2593 333 2652; x_wconf 93' lang='lat' dir='ltr'>ltem</span> <span class='ocrx_word' id='word_1_161' title='bbox 359 2592 493 2674; x_wconf 91' lang='lat' dir='ltr'>provida</span> <span class='ocrx_word' id='word_1_162' title='bbox 512 2593 643 2653; x_wconf 93' lang='lat' dir='ltr'>domina</span> <span class='ocrx_word' id='word_1_163' title='bbox 663 2592 763 2653; x_wconf 85' lang='lat' dir='ltr'>Elena</span> <span class='ocrx_word' id='word_1_164' title='bbox 782 2592 892 2653; x_wconf 87' lang='lat' dir='ltr'>relicta</span> <span class='ocrx_word' id='word_1_165' title='bbox 912 2592 1050 2653; x_wconf 91' lang='lat' dir='ltr'>condam</span> <span class='ocrx_word' id='word_1_166' title='bbox 1076 2591 1222 2676; x_wconf 89' lang='lat' dir='ltr'>Dyonisii</span> <span class='ocrx_word' id='word_1_167' title='bbox 1248 2591 1416 2674; x_wconf 85' lang='lat' dir='ltr'>freniparis</span> 
     </span>
     <span class='ocr_line' id='line_1_22' title="bbox 148 2696 1413 2780; baseline -0.001 -21"><span class='ocrx_word' id='word_1_168' title='bbox 148 2696 205 2759; x_wconf 86' lang='lat' dir='ltr'>filii</span> <span class='ocrx_word' id='word_1_169' title='bbox 233 2698 335 2774; x_wconf 87' lang='lat' dir='ltr'>Pauli,</span> <span class='ocrx_word' id='word_1_170' title='bbox 353 2718 438 2758; x_wconf 89' lang='lat' dir='ltr'>nunc</span> <span class='ocrx_word' id='word_1_171' title='bbox 456 2718 587 2760; x_wconf 89' lang='lat' dir='ltr'>consors</span> <span class='ocrx_word' id='word_1_172' title='bbox 604 2699 735 2758; x_wconf 89' lang='lat' dir='ltr'>alterius</span> <span class='ocrx_word' id='word_1_173' title='bbox 750 2697 896 2780; x_wconf 90' lang='lat' dir='ltr'>Dyonisii</span> <span class='ocrx_word' id='word_1_174' title='bbox 911 2696 968 2758; x_wconf 87' lang='lat' dir='ltr'>filii</span> <span class='ocrx_word' id='word_1_175' title='bbox 988 2697 1085 2776; x_wconf 88' lang='lat' dir='ltr'>Galli,</span> <span class='ocrx_word' id='word_1_176' title='bbox 1100 2699 1262 2779; x_wconf 90' lang='lat' dir='ltr'>quandam</span> <span class='ocrx_word' id='word_1_177' title='bbox 1281 2699 1413 2760; x_wconf 92' lang='lat' dir='ltr'>domum</span> 
     </span>
     <span class='ocr_line' id='line_1_23' title="bbox 149 2804 1415 2885; baseline 0.001 -20"><span class='ocrx_word' id='word_1_178' title='bbox 149 2805 244 2865; x_wconf 88' lang='lat' dir='ltr'>unius</span> <span class='ocrx_word' id='word_1_179' title='bbox 261 2819 373 2885; x_wconf 92' lang='lat' dir='ltr'>quarte</span> <span class='ocrx_word' id='word_1_180' title='bbox 399 2805 429 2864; x_wconf 93' lang='lat' dir='ltr'>in</span> <span class='ocrx_word' id='word_1_181' title='bbox 448 2805 519 2865; x_wconf 91' lang='lat' dir='ltr'>vieo</span> <span class='ocrx_word' id='word_1_182' title='bbox 537 2819 681 2865; x_wconf 93' lang='lat' dir='ltr'>sutorum</span> <span class='ocrx_word' id='word_1_183' title='bbox 705 2804 787 2864; x_wconf 89' lang='lat' dir='ltr'>inter</span> <span class='ocrx_word' id='word_1_184' title='bbox 804 2804 919 2864; x_wconf 90' lang='lat' dir='ltr'>domos</span> <span class='ocrx_word' id='word_1_185' title='bbox 938 2805 1057 2865; x_wconf 89' lang='lat' dir='ltr'>Maline</span> <span class='ocrx_word' id='word_1_186' title='bbox 1076 2805 1219 2865; x_wconf 89' lang='lat' dir='ltr'>mulieris</span> <span class='ocrx_word' id='word_1_187' title='bbox 1238 2819 1269 2866; x_wconf 92' lang='lat' dir='ltr'>et</span> <span class='ocrx_word' id='word_1_188' title='bbox 1286 2805 1415 2867; x_wconf 87' lang='lat' dir='ltr'>Thome</span> 
     </span>
     <span class='ocr_line' id='line_1_24' title="bbox 148 2909 1414 2986; baseline 0.001 -15"><span class='ocrx_word' id='word_1_189' title='bbox 148 2911 267 2972; x_wconf 91' lang='lat' dir='ltr'>sutoris</span> <span class='ocrx_word' id='word_1_190' title='bbox 290 2931 327 2970; x_wconf 91' lang='lat' dir='ltr'>ac</span> <span class='ocrx_word' id='word_1_191' title='bbox 352 2910 436 2970; x_wconf 88' lang='lat' dir='ltr'>lalse</span> <span class='ocrx_word' id='word_1_192' title='bbox 462 2909 605 2970; x_wconf 90' lang='lat' dir='ltr'>mulieris</span> <span class='ocrx_word' id='word_1_193' title='bbox 622 2929 732 2970; x_wconf 88' lang='lat' dir='ltr'>socrus</span> <span class='ocrx_word' id='word_1_194' title='bbox 756 2909 901 2970; x_wconf 90' lang='lat' dir='ltr'>eiusdem</span> <span class='ocrx_word' id='word_1_195' title='bbox 920 2910 959 2970; x_wconf 91' lang='lat' dir='ltr'>ab</span> <span class='ocrx_word' id='word_1_196' title='bbox 985 2930 1059 2985; x_wconf 89' lang='lat' dir='ltr'>una,</span> <span class='ocrx_word' id='word_1_197' title='bbox 1084 2925 1114 2970; x_wconf 86' lang='lat' dir='ltr'>et</span> <span class='ocrx_word' id='word_1_198' title='bbox 1139 2924 1227 2986; x_wconf 89' lang='lat' dir='ltr'>parte</span> <span class='ocrx_word' id='word_1_199' title='bbox 1252 2912 1292 2971; x_wconf 90' lang='lat' dir='ltr'>ab</span> <span class='ocrx_word' id='word_1_200' title='bbox 1316 2910 1414 2972; x_wconf 90' lang='lat' dir='ltr'>altera</span> 
     </span>
     <span class='ocr_line' id='line_1_25' title="bbox 148 3014 1413 3100; baseline 0 -23"><span class='ocrx_word' id='word_1_201' title='bbox 148 3017 231 3100; x_wconf 88' lang='lat' dir='ltr'>Elye</span> <span class='ocrx_word' id='word_1_202' title='bbox 256 3014 410 3077; x_wconf 81' lang='lat' dir='ltr'>faretrarii</span> <span class='ocrx_word' id='word_1_203' title='bbox 436 3029 467 3076; x_wconf 90' lang='lat' dir='ltr'>et</span> <span class='ocrx_word' id='word_1_204' title='bbox 492 3015 657 3077; x_wconf 87' lang='lat' dir='ltr'>Benedicti</span> <span class='ocrx_word' id='word_1_205' title='bbox 684 3014 853 3097; x_wconf 86' lang='lat' dir='ltr'>freniparis</span> <span class='ocrx_word' id='word_1_206' title='bbox 870 3015 1022 3092; x_wconf 84' lang='lat' dir='ltr'>habitam,</span> <span class='ocrx_word' id='word_1_207' title='bbox 1047 3017 1106 3076; x_wconf 90' lang='lat' dir='ltr'>sub</span> <span class='ocrx_word' id='word_1_208' title='bbox 1123 3035 1220 3076; x_wconf 89' lang='lat' dir='ltr'>censu</span> <span class='ocrx_word' id='word_1_209' title='bbox 1247 3017 1341 3077; x_wconf 90' lang='lat' dir='ltr'>unius</span> <span class='ocrx_word' id='word_1_210' title='bbox 1357 3016 1413 3077; x_wconf 88' lang='lat' dir='ltr'>llo·</span> 
     </span>
     <span class='ocr_line' id='line_1_26' title="bbox 151 3121 1414 3202; baseline 0 -19"><span class='ocrx_word' id='word_1_211' title='bbox 151 3124 219 3184; x_wconf 90' lang='lat' dir='ltr'>reni</span> <span class='ocrx_word' id='word_1_212' title='bbox 254 3124 377 3183; x_wconf 88' lang='lat' dir='ltr'>decano</span> <span class='ocrx_word' id='word_1_213' title='bbox 410 3122 573 3183; x_wconf 88' lang='lat' dir='ltr'>colendini</span> <span class='ocrx_word' id='word_1_214' title='bbox 607 3121 809 3183; x_wconf 90' lang='lat' dir='ltr'>sacerdotum</span> <span class='ocrx_word' id='word_1_215' title='bbox 844 3122 874 3181; x_wconf 92' lang='lat' dir='ltr'>in</span> <span class='ocrx_word' id='word_1_216' title='bbox 910 3121 1018 3202; x_wconf 84' lang='lat' dir='ltr'>vigilia</span> <span class='ocrx_word' id='word_1_217' title='bbox 1052 3121 1290 3183; x_wconf 85' lang='lat' dir='ltr'>Purificacionis</span> <span class='ocrx_word' id='word_1_218' title='bbox 1316 3123 1414 3184; x_wconf 81' lang='lat' dir='ltr'>Maria</span> 
     </span>
     <span class='ocr_line' id='line_1_27' title="bbox 149 3227 1414 3310; baseline -0.002 -20"><span class='ocrx_word' id='word_1_219' title='bbox 149 3229 268 3309; x_wconf 83' lang='lat' dir='ltr'>jugiter</span> <span class='ocrx_word' id='word_1_220' title='bbox 292 3229 517 3310; x_wconf 89' lang='lat' dir='ltr'>persolvend0,</span> <span class='ocrx_word' id='word_1_221' title='bbox 550 3248 621 3288; x_wconf 90' lang='lat' dir='ltr'>cum</span> <span class='ocrx_word' id='word_1_222' title='bbox 655 3228 720 3288; x_wconf 90' lang='lat' dir='ltr'>suis</span> <span class='ocrx_word' id='word_1_223' title='bbox 750 3228 954 3309; x_wconf 87' lang='lat' dir='ltr'>pertinenciis</span> <span class='ocrx_word' id='word_1_224' title='bbox 986 3227 1090 3289; x_wconf 90' lang='lat' dir='ltr'>eidem</span> <span class='ocrx_word' id='word_1_225' title='bbox 1116 3228 1275 3310; x_wconf 89' lang='lat' dir='ltr'>Dyonisio</span> <span class='ocrx_word' id='word_1_226' title='bbox 1300 3229 1414 3290; x_wconf 91' lang='lat' dir='ltr'>marito</span> 
     </span>
     <span class='ocr_line' id='line_1_28' title="bbox 147 3333 1415 3415; baseline -0.002 -18"><span class='ocrx_word' id='word_1_227' title='bbox 147 3355 208 3397; x_wconf 89' lang='lat' dir='ltr'>suo</span> <span class='ocrx_word' id='word_1_228' title='bbox 233 3337 401 3411; x_wconf 90' lang='lat' dir='ltr'>modern0‚</span> <span class='ocrx_word' id='word_1_229' title='bbox 426 3334 489 3415; x_wconf 86' lang='lat' dir='ltr'>jam</span> <span class='ocrx_word' id='word_1_230' title='bbox 516 3349 624 3395; x_wconf 89' lang='lat' dir='ltr'>nostro</span> <span class='ocrx_word' id='word_1_231' title='bbox 657 3335 780 3394; x_wconf 86' lang='lat' dir='ltr'>concivi</span> <span class='ocrx_word' id='word_1_232' title='bbox 813 3354 911 3394; x_wconf 79' lang='lat' dir='ltr'>acer</span> <span class='ocrx_word' id='word_1_233' title='bbox 937 3333 1012 3414; x_wconf 91' lang='lat' dir='ltr'>ipsis</span> <span class='ocrx_word' id='word_1_234' title='bbox 1044 3334 1259 3414; x_wconf 90' lang='lat' dir='ltr'>superviventi</span> <span class='ocrx_word' id='word_1_235' title='bbox 1283 3335 1415 3395; x_wconf 88' lang='lat' dir='ltr'>donavit</span> 
     </span>
     <span class='ocr_line' id='line_1_29' title="bbox 147 3440 570 3524; baseline -0.007 -21"><span class='ocrx_word' id='word_1_236' title='bbox 147 3456 307 3524; x_wconf 90' lang='lat' dir='ltr'>perpetuo</span> <span class='ocrx_word' id='word_1_237' title='bbox 332 3440 570 3523; x_wconf 87' lang='lat' dir='ltr'>possidendam.</span> 
     </span>
    </p>
   </div>
   <div class='ocr_carea' id='block_1_3' title="bbox 146 3563 1414 4813">
    <p class='ocr_par' dir='ltr' id='par_1_5' title="bbox 146 3563 1414 4813">
     <span class='ocr_line' id='line_1_30' title="bbox 256 3563 1413 3645; baseline -0.001 -20"><span class='ocrx_word' id='word_1_238' title='bbox 256 3565 333 3625; x_wconf 92' lang='lat' dir='ltr'>Item</span> <span class='ocrx_word' id='word_1_239' title='bbox 348 3564 509 3625; x_wconf 88' lang='lat' dir='ltr'>lohannes</span> <span class='ocrx_word' id='word_1_240' title='bbox 524 3584 657 3645; x_wconf 88' lang='lat' dir='ltr'>arcupar</span> <span class='ocrx_word' id='word_1_241' title='bbox 679 3563 763 3625; x_wconf 89' lang='lat' dir='ltr'>lilius</span> <span class='ocrx_word' id='word_1_242' title='bbox 775 3564 872 3624; x_wconf 89' lang='lat' dir='ltr'>Marci</span> <span class='ocrx_word' id='word_1_243' title='bbox 886 3563 1092 3624; x_wconf 89' lang='lat' dir='ltr'>medietatem</span> <span class='ocrx_word' id='word_1_244' title='bbox 1106 3565 1271 3625; x_wconf 89' lang='lat' dir='ltr'>cuiusdam</span> <span class='ocrx_word' id='word_1_245' title='bbox 1287 3565 1413 3641; x_wconf 90' lang='lat' dir='ltr'>domus,</span> 
     </span>
     <span class='ocr_line' id='line_1_31' title="bbox 146 3669 1410 3733; baseline -0.002 -1"><span class='ocrx_word' id='word_1_246' title='bbox 146 3669 238 3733; x_wconf 88' lang='lat' dir='ltr'>lundi</span> <span class='ocrx_word' id='word_1_247' title='bbox 264 3685 294 3730; x_wconf 91' lang='lat' dir='ltr'>et</span> <span class='ocrx_word' id='word_1_248' title='bbox 312 3670 418 3731; x_wconf 91' lang='lat' dir='ltr'>celarii</span> <span class='ocrx_word' id='word_1_249' title='bbox 438 3671 468 3730; x_wconf 92' lang='lat' dir='ltr'>in</span> <span class='ocrx_word' id='word_1_250' title='bbox 495 3670 566 3731; x_wconf 89' lang='lat' dir='ltr'>vico</span> <span class='ocrx_word' id='word_1_251' title='bbox 583 3686 728 3731; x_wconf 90' lang='lat' dir='ltr'>sutorum</span> <span class='ocrx_word' id='word_1_252' title='bbox 751 3671 832 3731; x_wconf 93' lang='lat' dir='ltr'>inter</span> <span class='ocrx_word' id='word_1_253' title='bbox 849 3671 964 3730; x_wconf 91' lang='lat' dir='ltr'>domos</span> <span class='ocrx_word' id='word_1_254' title='bbox 982 3670 1143 3732; x_wconf 91' lang='lat' dir='ltr'>Valentini</span> <span class='ocrx_word' id='word_1_255' title='bbox 1163 3671 1279 3731; x_wconf 91' lang='lat' dir='ltr'>sutoris</span> <span class='ocrx_word' id='word_1_256' title='bbox 1296 3670 1410 3731; x_wconf 85' lang='lat' dir='ltr'>Follen</span> 
     </span>
     <span class='ocr_line' id='line_1_32' title="bbox 147 3776 1411 3858; baseline 0 -20"><span class='ocrx_word' id='word_1_257' title='bbox 147 3791 178 3838; x_wconf 89' lang='lat' dir='ltr'>et</span> <span class='ocrx_word' id='word_1_258' title='bbox 204 3776 294 3837; x_wconf 88' lang='lat' dir='ltr'>Pauli</span> <span class='ocrx_word' id='word_1_259' title='bbox 319 3776 474 3858; x_wconf 86' lang='lat' dir='ltr'>sagiparis</span> <span class='ocrx_word' id='word_1_260' title='bbox 506 3776 623 3854; x_wconf 88' lang='lat' dir='ltr'>habite,</span> <span class='ocrx_word' id='word_1_261' title='bbox 650 3777 854 3838; x_wconf 90' lang='lat' dir='ltr'>medietatem</span> <span class='ocrx_word' id='word_1_262' title='bbox 879 3776 1027 3837; x_wconf 91' lang='lat' dir='ltr'>videlicet</span> <span class='ocrx_word' id='word_1_263' title='bbox 1052 3791 1170 3837; x_wconf 90' lang='lat' dir='ltr'>rectam</span> <span class='ocrx_word' id='word_1_264' title='bbox 1196 3791 1226 3837; x_wconf 88' lang='lat' dir='ltr'>et</span> <span class='ocrx_word' id='word_1_265' title='bbox 1250 3777 1411 3858; x_wconf 89' lang='lat' dir='ltr'>equalem,</span> 
     </span>
     <span class='ocr_line' id='line_1_33' title="bbox 146 3883 1412 3964; baseline -0.001 -20"><span class='ocrx_word' id='word_1_266' title='bbox 146 3902 245 3944; x_wconf 91' lang='lat' dir='ltr'>unam</span> <span class='ocrx_word' id='word_1_267' title='bbox 271 3897 416 3964; x_wconf 89' lang='lat' dir='ltr'>quartam</span> <span class='ocrx_word' id='word_1_268' title='bbox 442 3883 473 3943; x_wconf 92' lang='lat' dir='ltr'>in</span> <span class='ocrx_word' id='word_1_269' title='bbox 497 3903 529 3942; x_wconf 88' lang='lat' dir='ltr'>se</span> <span class='ocrx_word' id='word_1_270' title='bbox 555 3884 785 3960; x_wconf 89' lang='lat' dir='ltr'>continentem,</span> <span class='ocrx_word' id='word_1_271' title='bbox 819 3883 909 3943; x_wconf 91' lang='lat' dir='ltr'>cuius</span> <span class='ocrx_word' id='word_1_272' title='bbox 933 3883 1049 3942; x_wconf 93' lang='lat' dir='ltr'>domus</span> <span class='ocrx_word' id='word_1_273' title='bbox 1073 3884 1169 3943; x_wconf 90' lang='lat' dir='ltr'>aliam</span> <span class='ocrx_word' id='word_1_274' title='bbox 1195 3883 1412 3961; x_wconf 89' lang='lat' dir='ltr'>medietatem,</span> 
     </span>
     <span class='ocr_line' id='line_1_34' title="bbox 147 3988 1411 4070; baseline -0.001 -20"><span class='ocrx_word' id='word_1_275' title='bbox 147 4009 246 4051; x_wconf 89' lang='lat' dir='ltr'>unam</span> <span class='ocrx_word' id='word_1_276' title='bbox 278 3989 424 4049; x_wconf 89' lang='lat' dir='ltr'>similiter</span> <span class='ocrx_word' id='word_1_277' title='bbox 448 4003 613 4070; x_wconf 81' lang='lat' dir='ltr'>quartam,</span> <span class='ocrx_word' id='word_1_278' title='bbox 646 3988 827 4070; x_wconf 83' lang='lat' dir='ltr'>Stephanus</span> <span class='ocrx_word' id='word_1_279' title='bbox 860 3988 989 4051; x_wconf 88' lang='lat' dir='ltr'>Knehth</span> <span class='ocrx_word' id='word_1_280' title='bbox 1026 3989 1198 4051; x_wconf 91' lang='lat' dir='ltr'>literatorie</span> <span class='ocrx_word' id='word_1_281' title='bbox 1232 3989 1411 4050; x_wconf 90' lang='lat' dir='ltr'>dinoscitur</span> 
     </span>
     <span class='ocr_line' id='line_1_35' title="bbox 147 4095 1414 4178; baseline -0.001 -22"><span class='ocrx_word' id='word_1_282' title='bbox 147 4095 322 4178; x_wconf 90' lang='lat' dir='ltr'>possidere,</span> <span class='ocrx_word' id='word_1_283' title='bbox 347 4115 419 4155; x_wconf 91' lang='lat' dir='ltr'>cum</span> <span class='ocrx_word' id='word_1_284' title='bbox 445 4095 596 4155; x_wconf 91' lang='lat' dir='ltr'>omnibus</span> <span class='ocrx_word' id='word_1_285' title='bbox 628 4095 779 4176; x_wconf 90' lang='lat' dir='ltr'>premisse</span> <span class='ocrx_word' id='word_1_286' title='bbox 805 4095 986 4156; x_wconf 89' lang='lat' dir='ltr'>medietatis</span> <span class='ocrx_word' id='word_1_287' title='bbox 1018 4095 1113 4156; x_wconf 90' lang='lat' dir='ltr'>unius</span> <span class='ocrx_word' id='word_1_288' title='bbox 1151 4109 1261 4176; x_wconf 89' lang='lat' dir='ltr'>quarte</span> <span class='ocrx_word' id='word_1_289' title='bbox 1287 4095 1414 4173; x_wconf 94' lang='lat' dir='ltr'>domus,</span> 
     </span>
     <span class='ocr_line' id='line_1_36' title="bbox 149 4200 1411 4281; baseline -0.001 -20"><span class='ocrx_word' id='word_1_290' title='bbox 149 4201 241 4262; x_wconf 84' lang='lat' dir='ltr'>fundi</span> <span class='ocrx_word' id='word_1_291' title='bbox 267 4214 297 4262; x_wconf 91' lang='lat' dir='ltr'>et</span> <span class='ocrx_word' id='word_1_292' title='bbox 334 4201 441 4262; x_wconf 92' lang='lat' dir='ltr'>celarii</span> <span class='ocrx_word' id='word_1_293' title='bbox 470 4201 686 4281; x_wconf 92' lang='lat' dir='ltr'>predictorum</span> <span class='ocrx_word' id='word_1_294' title='bbox 721 4200 911 4261; x_wconf 90' lang='lat' dir='ltr'>utilitatibus</span> <span class='ocrx_word' id='word_1_295' title='bbox 943 4214 974 4261; x_wconf 94' lang='lat' dir='ltr'>et</span> <span class='ocrx_word' id='word_1_296' title='bbox 1006 4201 1211 4280; x_wconf 88' lang='lat' dir='ltr'>pertinenciis</span> <span class='ocrx_word' id='word_1_297' title='bbox 1243 4200 1411 4277; x_wconf 89' lang='lat' dir='ltr'>universis,</span> 
     </span>
     <span class='ocr_line' id='line_1_37' title="bbox 147 4303 1410 4390; baseline -0.001 -23"><span class='ocrx_word' id='word_1_298' title='bbox 147 4306 286 4390; x_wconf 92' lang='lat' dir='ltr'>provido</span> <span class='ocrx_word' id='word_1_299' title='bbox 311 4307 379 4366; x_wconf 85' lang='lat' dir='ltr'>viro</span> <span class='ocrx_word' id='word_1_300' title='bbox 412 4303 533 4388; x_wconf 85' lang='lat' dir='ltr'>prelato</span> <span class='ocrx_word' id='word_1_301' title='bbox 567 4306 724 4388; x_wconf 90' lang='lat' dir='ltr'>Dyonisio</span> <span class='ocrx_word' id='word_1_302' title='bbox 757 4305 907 4388; x_wconf 88' lang='lat' dir='ltr'>lrenipari</span> <span class='ocrx_word' id='word_1_303' title='bbox 934 4305 1001 4367; x_wconf 91' lang='lat' dir='ltr'>filio</span> <span class='ocrx_word' id='word_1_304' title='bbox 1028 4306 1112 4368; x_wconf 89' lang='lat' dir='ltr'>Galli</span> <span class='ocrx_word' id='word_1_305' title='bbox 1139 4322 1169 4368; x_wconf 89' lang='lat' dir='ltr'>et</span> <span class='ocrx_word' id='word_1_306' title='bbox 1202 4307 1302 4368; x_wconf 91' lang='lat' dir='ltr'>Elene</span> <span class='ocrx_word' id='word_1_307' title='bbox 1335 4327 1410 4367; x_wconf 87' lang='lat' dir='ltr'>con-</span> 
     </span>
     <span class='ocr_line' id='line_1_38' title="bbox 146 4413 1411 4495; baseline -0.001 -20"><span class='ocrx_word' id='word_1_308' title='bbox 146 4415 223 4474; x_wconf 89' lang='lat' dir='ltr'>sorti</span> <span class='ocrx_word' id='word_1_309' title='bbox 259 4413 402 4475; x_wconf 85' lang='lat' dir='ltr'>eiusdem</span> <span class='ocrx_word' id='word_1_310' title='bbox 436 4427 600 4492; x_wconf 89' lang='lat' dir='ltr'>prenotate</span> <span class='ocrx_word' id='word_1_311' title='bbox 625 4434 682 4494; x_wconf 94' lang='lat' dir='ltr'>pro</span> <span class='ocrx_word' id='word_1_312' title='bbox 708 4414 849 4494; x_wconf 87' lang='lat' dir='ltr'>predicta</span> <span class='ocrx_word' id='word_1_313' title='bbox 874 4414 973 4474; x_wconf 94' lang='lat' dir='ltr'>domo</span> <span class='ocrx_word' id='word_1_314' title='bbox 998 4434 1110 4475; x_wconf 92' lang='lat' dir='ltr'>eorum</span> <span class='ocrx_word' id='word_1_315' title='bbox 1137 4414 1321 4475; x_wconf 90' lang='lat' dir='ltr'>immediate</span> <span class='ocrx_word' id='word_1_316' title='bbox 1341 4433 1411 4495; x_wconf 89' lang='lat' dir='ltr'>pre·</span> 
     </span>
     <span class='ocr_line' id='line_1_39' title="bbox 147 4519 1408 4602; baseline 0.001 -23"><span class='ocrx_word' id='word_1_317' title='bbox 147 4520 281 4600; x_wconf 85' lang='lat' dir='ltr'>signata,</span> <span class='ocrx_word' id='word_1_318' title='bbox 307 4539 362 4600; x_wconf 91' lang='lat' dir='ltr'>per</span> <span class='ocrx_word' id='word_1_319' title='bbox 392 4519 525 4578; x_wconf 92' lang='lat' dir='ltr'>modum</span> <span class='ocrx_word' id='word_1_320' title='bbox 556 4520 733 4579; x_wconf 88' lang='lat' dir='ltr'>concambii</span> <span class='ocrx_word' id='word_1_321' title='bbox 764 4520 852 4581; x_wconf 92' lang='lat' dir='ltr'>dedit</span> <span class='ocrx_word' id='word_1_322' title='bbox 880 4534 910 4580; x_wconf 93' lang='lat' dir='ltr'>et</span> <span class='ocrx_word' id='word_1_323' title='bbox 939 4521 1112 4600; x_wconf 86' lang='lat' dir='ltr'>assignavit</span> <span class='ocrx_word' id='word_1_324' title='bbox 1135 4535 1290 4602; x_wconf 90' lang='lat' dir='ltr'>perpetuo</span> <span class='ocrx_word' id='word_1_325' title='bbox 1309 4520 1408 4602; x_wconf 92' lang='lat' dir='ltr'>possi·</span> 
     </span>
     <span class='ocr_line' id='line_1_40' title="bbox 147 4624 1410 4707; baseline 0 -21"><span class='ocrx_word' id='word_1_326' title='bbox 147 4624 286 4686; x_wconf 90' lang='lat' dir='ltr'>dendam</span> <span class='ocrx_word' id='word_1_327' title='bbox 312 4644 384 4686; x_wconf 90' lang='lat' dir='ltr'>cum</span> <span class='ocrx_word' id='word_1_328' title='bbox 420 4624 589 4685; x_wconf 91' lang='lat' dir='ltr'>addicione</span> <span class='ocrx_word' id='word_1_329' title='bbox 616 4626 764 4685; x_wconf 90' lang='lat' dir='ltr'>undecim</span> <span class='ocrx_word' id='word_1_330' title='bbox 799 4645 977 4686; x_wconf 90' lang='lat' dir='ltr'>marcarum</span> <span class='ocrx_word' id='word_1_331' title='bbox 1011 4626 1217 4687; x_wconf 88' lang='lat' dir='ltr'>denariorum</span> <span class='ocrx_word' id='word_1_332' title='bbox 1243 4646 1299 4707; x_wconf 91' lang='lat' dir='ltr'>per</span> <span class='ocrx_word' id='word_1_333' title='bbox 1324 4627 1410 4706; x_wconf 87' lang='lat' dir='ltr'>ipsos</span> 
     </span>
     <span class='ocr_line' id='line_1_41' title="bbox 147 4729 1071 4813; baseline 0.004 -22"><span class='ocrx_word' id='word_1_334' title='bbox 147 4730 339 4813; x_wconf 88' lang='lat' dir='ltr'>Dyonisium</span> <span class='ocrx_word' id='word_1_335' title='bbox 365 4745 395 4790; x_wconf 91' lang='lat' dir='ltr'>et</span> <span class='ocrx_word' id='word_1_336' title='bbox 419 4729 553 4791; x_wconf 89' lang='lat' dir='ltr'>Elenam</span> <span class='ocrx_word' id='word_1_337' title='bbox 581 4729 642 4807; x_wconf 87' lang='lat' dir='ltr'>jam</span> <span class='ocrx_word' id='word_1_338' title='bbox 670 4733 798 4813; x_wconf 88' lang='lat' dir='ltr'>insuper</span> <span class='ocrx_word' id='word_1_339' title='bbox 823 4731 1071 4813; x_wconf 89' lang='lat' dir='ltr'>persoluturum.</span> 
     </span>
    </p>
   </div>
   <div class='ocr_carea' id='block_1_4' title="bbox 0 0 1576 5356">
    <p class='ocr_par' dir='ltr' id='par_1_6' title="bbox 0 0 1576 5356">
     <span class='ocr_line' id='line_1_42' title="bbox 0 0 1576 5356; baseline 0 0"><span class='ocrx_word' id='word_1_340' title='bbox 0 0 1576 5356; x_wconf 95' lang='lat' dir='ltr'> </span> 
     </span>
    </p>
   </div>
  </div>
 </body>
</html>
