3142 5356
754 301 842 358 Anno
866 313 958 376 1430.

329 511 405 572 ltem
433 509 556 571 Blasius
588 506 673 570 filius
701 509 784 570 lwan
819 507 983 590 quandam
1008 508 1144 569 domum
1176 529 1267 570 suam
1292 529 1366 571 cum
1389 509 1492 571 fundo

223 619 253 678 in
280 619 350 678 vico
376 617 474 698 ipsius
499 615 634 676 civitatis
663 613 908 696 lutifigulorum,
930 615 1012 675 inter
1039 613 1157 676 fundos
1173 629 1204 676 et
1229 616 1345 678 domos
1363 615 1494 677 Thome

226 722 283 784 filii
310 723 450 804 Philippi
476 736 507 782 et
530 721 704 782 liberorum
740 721 860 782 Lilium
893 720 1037 782 mulieris
1062 720 1216 799 habitam,
1241 741 1339 782 unam
1373 722 1495 783 scilicet

225 841 371 910 quartam
396 843 427 888 et
450 841 595 888 octavam
615 828 694 888 inse
712 827 942 903 continentem,
963 826 1128 887 Anthonio
1154 825 1220 887 filio
1238 827 1394 888 Anthonii
1413 828 1492 889 dicti

225 933 403 996 Zlicharich
428 932 563 1015 patrueli
588 951 647 994 suo
672 932 817 993 vendidit
841 946 997 1013 perpetuo
1023 932 1262 1013 possidendam.

329 1060 405 1121 ltem
431 1057 645 1120 communitas
669 1057 831 1138 quendam
854 1055 991 1117 fundum
1016 1076 1151 1117 vacuum
1178 1055 1336 1117 hedificiis
1360 1057 1490 1138 penitus

223 1162 423 1228 destitutum
438 1166 469 1225 in
494 1165 566 1225 vico
584 1164 682 1246 ipsius
707 1163 845 1225 civitatis
861 1163 943 1224 inter
965 1160 1084 1225 fundos
1100 1163 1247 1223 similiter
1270 1182 1389 1223 vacuos
1407 1163 1494 1244 Dyo·

223 1275 295 1336 nisii
319 1273 436 1334 sutoris
459 1269 516 1333 filii
543 1271 669 1334 Crisani
694 1273 734 1333 ab
760 1290 822 1332 una
848 1285 949 1353 parte,
981 1270 1021 1331 ab
1045 1271 1144 1331 altera
1168 1290 1245 1332 vero
1272 1268 1405 1350 Georgii
1432 1267 1494 1330 filii

223 1379 366 1461 Georgii,
384 1392 566 1440 nostrorum
585 1378 767 1439 concivium
798 1377 955 1454 habitum,
979 1397 1037 1458 pro
1055 1397 1120 1438 non
1137 1376 1305 1439 solucione
1325 1376 1492 1438 daciorum

224 1486 381 1567 regalium
405 1504 500 1566 super
517 1483 784 1545 communitatem
810 1483 1011 1560 devolutum,
1037 1483 1117 1565 Elye
1134 1483 1248 1544 sartori
1273 1481 1343 1544 filio
1361 1482 1492 1545 Thome

224 1592 371 1653 vendidit
395 1591 570 1652 literatorie
596 1603 751 1671 perpetuo
777 1588 1019 1670 possidendum.

330 1716 407 1776 Item
433 1715 588 1776 medietas
612 1713 780 1775 cuiusdam
805 1713 932 1791 domus,
957 1712 1048 1775 fundi
1074 1729 1105 1776 et
1129 1715 1236 1776 celarii
1262 1735 1298 1777 ac
1324 1715 1491 1778 hedificio-

222 1842 293 1884 rum
318 1822 350 1882 in
376 1822 459 1882 dicta
493 1821 618 1882 civitate
652 1821 733 1881 inter
766 1820 881 1882 domos
907 1819 993 1882 Galli
1026 1821 1066 1882 de
1092 1821 1224 1904 Dedych
1258 1836 1289 1883 et
1314 1822 1490 1885 liberorum

223 1928 308 1989 lwan
334 1926 528 2007 Ozmonogh
560 1926 668 1987 habite
704 1942 734 1987 et
767 1927 941 2006 existentis,
975 1947 1031 2009 per
1064 1928 1274 1989 Benedictum
1309 1929 1491 1991 carnificem

222 2032 325 2096 filium
352 2033 480 2095 Martini
505 2033 618 2109 Zenar,
645 2032 743 2093 Elene
776 2033 904 2095 mulieri
936 2032 1000 2095 filie
1027 2034 1146 2096 Mathei
1171 2034 1210 2096 de
1237 2035 1406 2096 Kralewch
1444 2056 1490 2096 re·

223 2140 297 2201 licte
329 2139 429 2222 ipsius
462 2138 638 2216 Benedicti,
666 2157 764 2199 unam
797 2139 947 2200 videlicet
980 2154 1127 2221 quartam
1160 2155 1190 2201 et
1214 2155 1360 2203 octavam
1394 2143 1426 2202 in
1458 2161 1490 2201 se

222 2246 401 2322 continens,
419 2260 464 2306 est
481 2243 746 2306 testamentaliter
763 2244 878 2325 legata,
896 2259 926 2306 et
943 2245 1004 2306 alia
1022 2246 1178 2308 medietas
1196 2247 1341 2307 eiusdem
1359 2247 1485 2323 domus,

222 2348 325 2428 fundi,
350 2351 457 2412 celarii
483 2365 513 2410 et
546 2348 780 2428 hedificiorum,
815 2371 911 2411 unam
935 2352 1082 2412 similiter
1114 2365 1261 2433 quartam
1286 2367 1317 2415 et
1341 2368 1488 2416 octavam

225 2458 257 2517 in
281 2477 314 2518 se
332 2457 509 2532 continens,
527 2456 632 2517 eidem
652 2457 752 2517 Elene
770 2477 825 2538 per
842 2458 1080 2518 commissarios
1092 2459 1274 2519 testamenti
1291 2459 1368 2521 dicti
1388 2460 1488 2521 Bene·

224 2562 300 2623 dicti
325 2561 480 2623 carnificis
505 2562 633 2624 vendita
659 2577 704 2624 est
729 2578 883 2645 perpetuo
908 2563 1081 2624 literatorie
1108 2565 1310 2646 possidenda.

327 2687 404 2749 ltem
432 2687 529 2748 Lucia
555 2686 618 2747 filia
645 2688 783 2750 condam
808 2687 956 2750 Chernlre
975 2702 1006 2750 et
1030 2689 1198 2750 Michaelis
1223 2691 1299 2752 dicti
1328 2691 1485 2774 Mlaczky,

222 2793 374 2855 directam
401 2806 431 2854 et
455 2793 601 2874 equalem
629 2795 833 2856 medietatem
858 2794 1024 2856 cuiusdam
1049 2781 1176 2875 domus,
1201 2794 1292 2857 fundi
1319 2812 1350 2858 et
1375 2796 1484 2860 hedifi-

221 2899 343 2961 ciorum
377 2901 408 2959 in
442 2900 525 2960 dicta
558 2901 685 2962 civitate
722 2902 803 2963 inter
833 2901 952 2963 fundos
984 2902 1110 2963 Nicolai
1137 2902 1317 2985 Boldowyn
1344 2919 1375 2964 et
1407 2905 1485 2966 inter

221 3005 335 3066 domos
359 3026 414 3067 seu
440 3004 557 3066 fundos
580 3006 756 3067 liberorum
781 3007 933 3088 Stephani
960 3023 990 3068 et
1020 3008 1159 3069 Ladislai
1189 3009 1307 3070 literati
1332 3010 1431 3072 habiti
1458 3025 1485 3071 et

222 3112 395 3190 existentis,
414 3131 510 3173 unam
530 3112 678 3174 videlicet
695 3129 840 3194 quartam
860 3115 890 3174 in
908 3134 940 3175 se
962 3116 1191 3193 continentem,
1215 3135 1288 3176 cum
1306 3117 1371 3177 suis
1390 3117 1482 3199 perti·

226 3218 347 3279 nenciis
370 3218 464 3279 Petro
490 3218 738 3280 molendinatori
763 3219 830 3281 filio
862 3220 946 3280 Petri
971 3240 1007 3280 ac
1032 3241 1088 3302 per
1112 3241 1184 3282 eum
1211 3221 1414 3302 Margarethe
1433 3240 1484 3283 sue

222 3325 361 3385 consorti
386 3324 533 3385 vendidit
556 3340 712 3406 perpetuo
745 3326 994 3407 possidendam3
1026 3326 1123 3387 aliam
1148 3341 1254 3388 autem
1281 3328 1482 3390 medietatem

219 3429 363 3490 eiusdem
390 3430 518 3508 domus,
545 3450 641 3491 unam
667 3446 812 3512 quartam
841 3432 999 3510 similiter,
1033 3433 1125 3494 liberi
1151 3433 1293 3514 ipsorum
1320 3435 1483 3496 Michaelis

219 3550 248 3596 et
273 3535 423 3598 Chernlre
449 3535 659 3597 dinoscuntur
683 3537 856 3618 possidere.

326 3660 403 3721 ltem
431 3661 540 3721 Petrus
572 3658 661 3721 faber
693 3658 777 3721 filius
810 3660 954 3742 Georgii,
988 3664 1065 3724 dum
1092 3663 1226 3724 Elenam
1262 3662 1362 3726 filiam
1397 3685 1481 3727 suam

218 3785 307 3826 more
333 3785 464 3826 romane
490 3765 623 3827 ecclesie
648 3766 786 3826 lohanni
813 3766 880 3828 filio
903 3768 993 3828 Pauli
1017 3787 1138 3848 genero
1163 3788 1222 3829 suo
1247 3769 1279 3829 in
1303 3785 1482 3832 consortem

217 3871 410 3949 tradidisset,
435 3886 510 3931 tunc
536 3871 602 3952 ipse
637 3891 709 3932 cum
743 3872 854 3933 eadam
885 3874 993 3954 puella
1027 3875 1086 3954 ipsi
1112 3874 1251 3935 lohanni
1276 3889 1307 3936 et
1332 3894 1481 3957 pereum

217 3979 282 4040 suis
307 3978 490 4053 heredibus,
515 3978 620 4059 primo
645 3978 775 4039 totalem
798 3981 985 4060 porcionem
1011 4000 1101 4040 suam
1127 3980 1243 4041 domus
1267 3996 1297 4042 et
1323 3984 1433 4045 celarii
1450 4001 1481 4043 ac

218 4082 319 4161 fundi,
345 4104 440 4144 unam
475 4097 586 4165 utputa
620 4098 785 4165 quartam;
819 4086 895 4146 item
927 4087 1061 4147 totalem
1092 4086 1245 4147 directam
1271 4101 1301 4148 et
1336 4089 1479 4170 equalem

218 4190 424 4251 medietatem
449 4190 613 4271 porcionis
637 4210 693 4251 sue
719 4191 855 4252 vinealis
888 4193 919 4252 in
945 4193 1105 4254 territorio
1131 4205 1240 4254 nostro
1267 4194 1351 4256 inter
1375 4197 1480 4257 vineas

218 4296 393 4357 liberorum
418 4296 556 4357 condam
582 4296 748 4358 Michaelis
773 4313 804 4359 et
829 4299 917 4359 Pauli
949 4299 1099 4360 Trubech
1124 4299 1243 4378 habite,
1269 4321 1286 4362 a
1311 4317 1401 4383 parte
1419 4304 1478 4363 dic·

218 4416 322 4462 torum
349 4401 525 4462 liberorum
555 4402 645 4463 Pauli
680 4403 831 4465 Trubech
865 4405 1077 4485 adjacentem,
1110 4406 1247 4488 desuper
1271 4429 1287 4468 a
1314 4409 1365 4470 via
1399 4427 1478 4471 com·

219 4512 308 4571 muni
334 4509 415 4571 inira
441 4532 541 4592 usque
568 4512 706 4573 rivulum
726 4513 932 4575 Kuhinschak
958 4530 1152 4595 protensam,
1176 4535 1234 4597 pro
1253 4516 1330 4579 dota
1347 4518 1479 4579 dedisset

218 4632 248 4677 et
272 4618 483 4677 condonasset
507 4618 574 4699 jure
600 4633 754 4706 perpetuo
777 4621 950 4685 literatorie
975 4621 1194 4704 possidendas.
