3142 5356
143 324 210 409 as⁶
681 325 768 383 Auno
789 337 881 402 1435·

147 537 274 615 domua,
301 535 392 598 fundi
418 549 449 598 et
474 535 582 598 celarii
607 535 805 598 subterranei
824 535 857 596 in
882 534 966 597 dicta
990 535 1118 598 civitate
1143 536 1227 600 iuter
1250 535 1372 598 domos
1388 550 1418 598 et

148 642 266 705 fundos
288 642 399 705 Jacobi
428 639 586 704 carnificis
609 640 666 703 filii
691 641 776 703 lwan
811 640 887 702 dicti
912 641 1027 724 Jellryn
1060 657 1091 704 et
1115 642 1284 705 Michaelis
1310 642 1416 705 berbi·

147 749 286 811 tonsoria
310 747 367 810 filii
387 748 507 810 Mathei
532 747 685 829 lutifrguli
703 747 811 809 habite
835 762 866 810 et
890 748 1064 827 existentia,
1089 749 1279 831 porcionem
1297 762 1416 812 rectam

149 869 179 916 et
214 855 363 938 equalem
391 854 620 938 premissorum
653 853 781 931 domus,
813 853 917 932 lundi,
945 854 1053 916 celarii
1085 868 1116 916 et
1139 853 1368 919 hedificiorum
1399 876 1415 918 a

149 975 238 1043 parte
262 962 384 1023 scilicet
408 961 524 1022 domus
555 960 653 1043 ipsius
685 960 796 1023 Jacobi
828 958 984 1022 carnificis
1015 960 1120 1040 sitam,
1143 981 1241 1024 unam
1267 976 1416 1044 quartam

149 1081 180 1129 et
203 1083 349 1129 octavam
375 1067 461 1128 curie
487 1067 517 1127 in
543 1086 575 1127 se
601 1066 833 1143 continentem,
857 1066 998 1129 Martiuo
1028 1065 1097 1129 filio
1121 1066 1207 1129 Iwan
1233 1067 1274 1130 de
1300 1066 1417 1130 Wllro·

150 1173 258 1236 merch
283 1192 342 1254 pro
366 1173 506 1254 quadam
539 1172 650 1250 domo,
676 1171 777 1234 fundo
808 1187 839 1234 et
871 1170 1028 1235 hedificiis
1059 1173 1181 1235 suisio
1206 1174 1282 1236 vico
1306 1189 1416 1236 nostro

147 1280 295 1342 exteriori
321 1277 555 1360 lutifigulorum
584 1279 665 1340 inter
689 1277 808 1340 fundos
832 1292 863 1340 et
888 1279 992 1340 curias
1015 1278 1191 1342 liberorum
1209 1278 1322 1342 relicte
1339 1298 1416 1343 con·

148 1387 222 1448 dam
248 1385 402 1468 Stephani
427 1399 458 1447 et
483 1383 627 1447 Franche
652 1385 743 1446 Turlr
760 1385 992 1466 cognominati,
1017 1385 1157 1447 mediam
1182 1385 1305 1448 curiam
1331 1386 1366 1447 in
1383 1405 1415 1448 se

148 1493 345 1571 continente,
369 1505 400 1554 et
425 1511 483 1574 pro
508 1491 729 1553 additamento
749 1505 823 1553 octo
847 1489 917 1555 flor.
942 1491 1012 1553 auri
1029 1491 1118 1552 dedit
1142 1504 1173 1552 et
1189 1490 1329 1554 contulit
1347 1509 1415 1573 per·

148 1612 246 1681 petuo
271 1597 513 1681 possidendam.

254 1705 332 1767 ltem
358 1705 542 1768 Demetrius
566 1703 652 1766 filius
687 1702 816 1786 Matbye
849 1703 1056 1766 medietatem
1088 1702 1256 1765 cuiusdam
1288 1700 1416 1781 domus,

148 1808 239 1872 fundi
264 1824 295 1872 et
319 1808 542 1873 hedificiorum
562 1830 625 1892 que
642 1809 779 1871 condam
802 1809 896 1871 lacus
913 1809 1108 1894 kynteruiste
1125 1807 1298 1892 prefuerat,
1316 1827 1411 1869 unam

148 1917 298 1979 videlicet
322 1930 470 1998 quartam
496 1918 527 1978 in
552 1937 585 1978 se
610 1916 838 1979 tantummodo
870 1916 1101 1994 continentem,
1126 1934 1199 1978 cum
1223 1915 1291 1977 suis
1317 1917 1411 1998 perti·

148 2022 270 2084 nenciis
294 2021 460 2085 Anthonio
484 2021 551 2084 filio
576 2022 660 2084 lwan
685 2021 831 2084 vendidit
866 2036 1022 2104 perpetuo
1047 2021 1295 2105 possidendam
1321 2022 1411 2083 cuius

148 2128 264 2190 domus
299 2129 395 2190 aliam
432 2129 649 2206 medietatem,
672 2148 768 2190 unam
802 2128 1010 2190 consimiliter
1042 2144 1199 2210 quartam,
1225 2128 1412 2191 Franciscua

148 2234 251 2296 dictus
275 2236 399 2317 Ztoylro
423 2235 597 2297 literatorie
622 2235 799 2297 dinoscitur
823 2235 997 2317 possidere.

189 2473 271 2544 ltetn
300 2471 332 2544 in
361 2473 446 2544 festo
477 2465 727 2545 Purificaciouis
755 2474 903 2561 gloriose
930 2493 1060 2562 semper
1087 2469 1229 2563 virginis
1258 2472 1374 2547 llarie.

660 2630 702 2695 (2.
719 2628 896 2702 februarii).

254 2764 331 2826 ltem
366 2765 563 2827 Laurencius
594 2766 720 2828 institor
751 2780 782 2828 et
818 2768 936 2830 Paulus
966 2781 1056 2830 sutor
1080 2766 1264 2849 Kerpanich
1296 2787 1333 2829 ac
1361 2768 1412 2829 Jo-

148 2870 271 2932 haunes
303 2872 343 2933 de
368 2870 500 2953 Dedych
537 2885 568 2933 et
592 2873 666 2934 certi
702 2873 876 2936 creditores
908 2874 986 2935 olim
1012 2873 1166 2937 lobannis
1199 2873 1322 2952 Plusar,
1355 2892 1411 2956 pro

148 2976 265 3037 debitis
288 2977 353 3038 suis
377 2977 493 3058 quibus
518 2977 604 3039 idem
630 2978 705 3059 ipsis
729 2979 945 3060 obligabatur,
973 2981 1136 3061 quandam
1161 2979 1297 3042 domum
1332 2981 1410 3042 eius·

148 3083 222 3144 dem
248 3083 403 3144 lobannis
436 3083 558 3162 Plusar,
590 3084 685 3145 unius
717 3099 840 3166 quarte,
873 3085 981 3146 Andre
1013 3084 1165 3148 Zwechar
1188 3083 1257 3147 filio
1282 3087 1411 3148 Tbome

147 3189 362 3250 vendiderunt
386 3204 542 3272 perpetuo
567 3190 807 3272 possidendam.

254 3295 330 3356 ltem
356 3310 421 3356 tota
447 3297 662 3358 communitas
687 3296 725 3358 de
751 3297 923 3359 medietate
947 3297 1113 3360 cuiusdam
1140 3298 1233 3361 vinee
1259 3299 1342 3361 inter
1366 3299 1411 3360 vi·

149 3421 223 3462 neas
248 3401 337 3462 Pauli
366 3402 528 3484 Pauichyn
561 3418 591 3464 et
625 3404 711 3465 Kuse
736 3404 881 3465 mulieris
904 3403 1023 3483 habite,
1055 3405 1145 3466 cuius
1169 3405 1265 3467 aliam
1291 3406 1410 3467 medie·

147 3520 245 3569 tatem
271 3508 408 3569 Mathias
433 3507 538 3569 Groza
566 3509 742 3571 dinoscitur
766 3511 940 3592 possidere,
965 3530 1096 3572 censum
1113 3511 1192 3573 serti
1216 3512 1326 3574 eubuli
1345 3511 1407 3572 vini

148 3612 275 3693 penitus
298 3613 507 3695 deponentes,
534 3615 669 3676 eandem
695 3617 899 3678 medietatem
924 3617 1018 3678 vinee
1042 3637 1060 3679 a
1084 3632 1173 3700 parte
1198 3617 1298 3700 ipsius
1322 3619 1408 3680 Kuse

148 3719 254 3797 sitam,
277 3721 336 3780 sub
361 3739 457 3780 censu
483 3721 643 3802 pecuniali
676 3736 787 3804 quarte
813 3723 910 3804 partis
935 3722 1046 3784 floreni
1080 3724 1175 3785 nobis
1199 3738 1274 3786 ante
1298 3724 1409 3786 vinde·

149 3825 343 3886 miacionem
369 3845 503 3887 uvarum
522 3847 648 3909 semper
675 3829 900 3910 persolvendo,
929 3828 1095 3891 Anthonio
1115 3829 1272 3893 Pentelich
1300 3831 1408 3893 statuit

148 3931 323 3993 literatorie
348 3946 503 4014 perpetuo
525 3934 764 4015 possidendam.

254 4037 330 4098 Item
356 4038 552 4100 Laurentius
576 4040 701 4102 institor
725 4041 887 4121 quendam
912 4038 1048 4103 fundum
1073 4061 1167 4103 suum
1192 4042 1291 4105 trium
1316 4062 1409 4126 quar·

146 4157 250 4204 tarum
275 4144 356 4205 inter
379 4142 497 4207 fundos
530 4146 658 4231 Mathye
684 4146 905 4208 Zurlranchich
937 4162 966 4209 et
999 4147 1086 4209 Pauli
1114 4147 1255 4232 Babycb,
1281 4149 1410 4213 Thome

147 4248 214 4312 filio
247 4249 405 4333 Gregorio
438 4253 527 4315 dedit
559 4267 713 4336 perpetuo
746 4255 995 4336 possidendum,
1027 4255 1117 4317 cuius
1153 4255 1243 4318 tundi
1278 4259 1409 4320 terciam

148 4372 287 4439 partem,
320 4379 416 4419 unam
451 4360 601 4422 videlicet
632 4373 796 4441 quartam,
828 4381 900 4422 cum
933 4362 1027 4423 tercia
1065 4377 1154 4444 parte
1186 4362 1409 4428 hedificiorum

148 4463 311 4546 Stephano
337 4464 404 4527 filio
422 4466 505 4528 Petri
525 4464 611 4528 affini
642 4485 700 4528 suo
726 4465 810 4528 idem
837 4467 983 4529 Thomas
1000 4468 1115 4549 partim
1133 4468 1224 4532 dedit
1247 4485 1278 4532 et
1294 4472 1410 4554 partim

148 4571 293 4633 vendidit
317 4592 474 4655 perpetuo
499 4572 737 4654 possidendam.

253 4678 331 4741 Item
356 4693 421 4741 tota
447 4679 662 4740 communitas
678 4679 815 4741 civitatis
839 4680 980 4762 predicte
998 4680 1037 4742 de
1056 4681 1197 4763 quadam
1222 4684 1315 4747 vinea
1335 4705 1410 4747 con·

147 4784 299 4846 dicionali
331 4783 482 4847 aurifabri
509 4785 634 4847 Nicolai
667 4785 697 4846 in
731 4785 1012 4870 Koztaneywe(cz)
1038 4788 1069 4849 in
1094 4789 1256 4851 territorio
1291 4807 1412 4869 nostro,
