3142 5356
527 499 612 554 Anno
636 506 724 571 1501.
751 529 790 539 -
815 510 864 572 25.
881 498 975 571 junii.
1351 516 1407 577 ¹33

165 594 369 609 ’κ-

234 712 319 788 Feria
349 725 450 788 sexta
478 725 555 806 post
584 716 725 789 octavas
754 715 981 790 sacratissimi
1011 715 1167 807 Corporis
1196 717 1330 789 Christi.

677 886 744 968 (18.
760 887 871 970 sienis).

255 1047 370 1127 Simon,
387 1047 565 1130 Gregorius
578 1049 717 1130 agricola
727 1049 766 1110 ad
785 1049 972 1110 instanciam
992 1049 1155 1112 Simkonis
1168 1050 1282 1111 literati
1302 1049 1407 1131 primo

167 1161 393 1232 comparuerunt
417 1170 448 1217 et
471 1156 565 1217 ambe
590 1170 695 1238 partes
719 1155 923 1239 appellarunt
947 1155 986 1217 ad
1009 1156 1114 1237 legem
1140 1157 1286 1219 civitatis.

247 1388 330 1464 laria
358 1403 456 1465 sexta
485 1397 638 1483 proxima
668 1403 743 1483 post
771 1393 894 1465 festum
920 1392 1119 1466 Natiuitatis
1144 1393 1304 1485 johannis

689 1517 850 1608 Baptista.

679 1696 744 1769 (25.
761 1689 870 1771 yonii).

255 1849 344 1923 Quod
369 1852 446 1933 quia
474 1851 615 1932 quedam
648 1851 733 1912 Dora
768 1851 1012 1913 Maruschichna
1037 1852 1133 1928 dicta,
1155 1867 1300 1926 tempore
1325 1853 1406 1931 judi·

175 1959 239 2011 catus
252 1958 381 2019 condam
402 1957 571 2019 laurencii
594 1958 712 2039 Sporar
733 1957 844 2019 fuisset
869 1978 941 2019 curn
963 1957 1117 2020 maleficis
1138 1959 1327 2019 mulieribus
1351 1959 1405 2019 de·

175 2061 238 2117 tenta
258 2078 283 2125 et
305 2085 362 2147 per
387 2065 516 2126 easdem
534 2063 707 2141 diffamata,
725 2079 820 2146 prout
837 2066 983 2147 superius
1012 2066 1194 2126 continetur
1219 2067 1249 2126 in
1269 2067 1404 2148 scriptis,

176 2159 212 2219 cui
230 2179 291 2232 tunc
313 2171 420 2253 gracia
446 2169 528 2232 tacta
554 2169 613 2231 fuit
637 2173 696 2232 sub
721 2171 912 2232 condicione
931 2172 999 2248 tali,
1025 2187 1120 2253 prout
1145 2173 1220 2233 certi
1246 2174 1321 2234 boni
1347 2174 1404 2234 viri

175 2259 298 2355 dixerunt,
331 2277 420 2358 quod
452 2277 478 2338 si
511 2277 542 2338 in
568 2277 623 2337 tali
658 2278 790 2338 crimine
823 2278 974 2359 deinceps
1006 2292 1128 2359 reperta
1160 2277 1266 2356 fuerit,
1298 2279 1348 2340 vel
1373 2279 1404 2340 in

174 2367 246 2440 d01110
273 2383 435 2444 Dominici
469 2383 635 2464 presbiteri
661 2398 691 2445 et
723 2403 795 2445 curn
829 2404 868 2446 eo
900 2404 1024 2445 moram
1057 2385 1196 2463 traxerit,
1227 2401 1342 2447 extunc
1367 2405 1405 2447 eo

175 2471 236 2546 facto
255 2489 365 2551 debeat
388 2490 571 2551 decivitate
589 2491 723 2572 turpiter
748 2491 865 2571 expelli
884 2505 979 2572 prout
1003 2491 1082 2552 tales
1099 2506 1273 2568 merentur,
1298 2507 1328 2554 et
1345 2492 1405 2554 hoc

173 2585 222 2650 ⁸⁰1³
240 2611 407 2677 spontanea
432 2597 599 2658 voluntate
631 2611 856 2679 assumpserat,
889 2598 1063 2678 inquibus
1094 2598 1227 2659 minime
1252 2600 1404 2679 perstetit,

172 2693 211 2753 sed
229 2703 260 2762 ab
282 2723 320 2764 eo
344 2717 491 2786 tempore
516 2723 617 2785 usque
642 2723 728 2765 nunc
753 2723 824 2765 cum
850 2703 966 2765 eodem
991 2704 1125 2766 domino
1150 2705 1325 2786 presbitero
1350 2725 1404 2787 pa·

172 2793 226 2862 riter
243 2810 422 2889 permansit,
446 2811 538 2871 cuius
563 2809 724 2872 maliciam
748 2829 813 2871 non
840 2830 895 2891 per
920 2811 1059 2891 amplius
1083 2811 1231 2872 tollerare
1257 2831 1321 2873 non
1346 2831 1404 2894 po·

172 2903 259 2976 tuimur
279 2916 334 2977 sed
360 2915 495 2978 eandem
529 2930 696 2998 captarunt
720 2917 752 2977 in
786 2917 839 2977 tali
873 2917 1007 2977 crimine
1038 2931 1209 2998 repertam,
1234 2918 1284 2978 cui
1317 2917 1402 2998 juxta

172 3024 238 3078 turm
256 3023 491 3104 obligacionem
518 3021 711 3101 judicialiter
736 3021 803 3084 lieri
832 3023 1001 3096 volumus;
1027 3037 1132 3083 tamen
1159 3023 1234 3104 quia
1259 3024 1299 3084 ad
1325 3025 1403 3105 peti·

172 3112 251 3186 cioues
282 3143 443 3191 certorum
479 3128 687 3190 dominorum
719 3143 751 3190 et
788 3130 949 3190 bonorum
985 3129 1128 3191 virorum
1161 3130 1264 3190 eidem
1298 3131 1404 3192 taliter

171 3230 276 3298 traciam
300 3234 448 3313 fecimus,
472 3235 559 3316 quod
586 3236 611 3296 si
643 3236 840 3317 peramplius
870 3256 942 3296 curn
976 3235 1099 3316 prefato
1124 3236 1258 3297 domino
1283 3238 1403 3318 presbi-

171 3336 353 3404 ¹tl0moram
386 3342 516 3404 traxerit
547 3355 602 3403 aut
633 3362 706 3404 cum
739 3344 855 3405 eodem
888 3342 1019 3423 reperiri
1053 3343 1180 3424 poterit,
1213 3358 1328 3405 extunc
1359 3345 1403 3406 sic

172 3432 255 3509 dictam
269 3450 388 3512 Dorarn
413 3449 662 3527 Marusichnam‚
680 3465 715 3512 ut
731 3471 764 3511 se
786 3451 943 3531 obligavit
960 3451 1086 3528 iterum,
1111 3452 1245 3533 turpiter
1270 3451 1309 3512 de
1326 3453 1402 3513 civi·

171 3552 215 3605 ttte
233 3558 402 3639 expelletur
427 3557 472 3618 uti
496 3576 568 3618 mos
593 3570 639 3618 est
664 3557 811 3618 civitatis.

247 3680 346 3743 Causa
373 3682 454 3742 inter
478 3681 621 3742 nobilem
648 3682 828 3743 lohannem
848 3680 968 3742 Swsich
994 3682 1033 3741 de
1052 3680 1236 3742 Glawnicza
1255 3696 1285 3743 et
1302 3702 1402 3762 quen-

170 3767 223 3840 dam
243 3785 370 3849 Paulum
390 3788 468 3848 alias
485 3785 641 3849 [amulum
662 3788 815 3867 Stephani
837 3789 958 3848 Kasnar
975 3787 1122 3848 similiter
1139 3786 1177 3846 de
1204 3786 1402 3865 Glawnicza,

170 3886 274 3955 qualiter
295 3892 439 3977 prefatus
465 3894 583 3955 Paulus
607 3894 780 3974 quemdam
808 3913 927 3974 equum
961 3893 1073 3975 prelati
1100 3893 1256 3953 iohannis
1281 3894 1402 3955 Swsich

170 3979 223 4054 dicti
241 3998 275 4062 de
300 4001 438 4063 consilio
457 4000 581 4062 domini
606 4001 665 4076 sui,
683 4000 728 4061 uti
748 4001 814 4080 ipse
840 4001 871 4060 in
890 3999 1011 4078 judicio
1034 3998 1135 4060 fassus
1152 4013 1208 4076 est,
1234 3998 1402 4078 interfecit,

168 4097 276 4169 Pressius
299 4106 485 4169 Anthonius
517 4105 629 4168 Susich
658 4106 775 4168 fecerat
807 4106 948 4167 detinere
982 4126 1037 4187 per
1069 4107 1236 4166 dominum
1264 4105 1400 4178 iudicem

168 4213 240 4285 thue
260 4213 299 4275 ad
324 4213 500 4295 judicium
533 4212 644 4274 habito
679 4227 786 4274 autern
820 4213 940 4291 judicio
972 4213 1096 4273 domini
1122 4213 1214 4291 iurati
1239 4213 1401 4289 adjudica·

167 4320 227 4393 rlut,
245 4319 374 4402 quodsi
399 4317 540 4401 prefatus
558 4319 675 4379 Paulus
692 4339 755 4379 non
772 4318 918 4379 habuerit
936 4339 1008 4379 curn
1027 4320 1145 4399 quibus
1169 4338 1288 4398 equum
1315 4320 1400 4380 exol-

169 4427 230 4501 tete,
250 4441 365 4488 extunc
390 4425 435 4486 sic
459 4425 580 4486 dictum
607 4425 741 4485 Paulum
761 4425 799 4484 ad
826 4444 939 4485 manus
971 4424 1085 4505 prelati
1110 4423 1264 4485 lobannis
1289 4425 1401 4486 Susich

163 4516 310 4595 denrsub
334 4532 517 4613 juramento
541 4532 595 4609 ita,
619 4531 707 4612 quod
740 4532 808 4611 ipse
841 4531 1005 4593 lohannes
1036 4530 1206 4611 assumpsit
1231 4544 1262 4591 et
1286 4529 1402 4609 juravit

161 4635 228 4711 qood
248 4638 372 4722 prelato
397 4638 500 4701 Paulo
524 4638 650 4700 nullum
676 4640 858 4699 membrum
891 4638 1036 4719 corporis
1060 4638 1108 4698 sui
1133 4636 1296 4698 offendere
1322 4639 1400 4715 vult,

158 4750 248 4807 nnec
270 4745 321 4808 siti
346 4764 406 4807 nec
429 4741 515 4807 lame
540 4743 645 4827 ipsum
670 4742 857 4806 interficere.

240 4868 380 4933 Domina
404 4873 499 4932 Anna
523 4869 632 4931 relicta
658 4868 794 4930 condam
819 4868 908 4929 Pauli
933 4867 1048 4928 literati
1067 4867 1107 4928 ad
1132 4866 1318 4928 instanciam
1337 4866 1399 4926 Va·

145 4971 249 5039 lentini
272 4974 522 5064 Kontheschyak
546 4975 652 5060 primo
676 4975 769 5038 citata
795 4994 860 5036 non
885 4974 1074 5058 comparuit.
