3142 5356
684 373 769 428 Anno
792 383 882 447 1427.
1355 389 1416 450 ¹49

145 584 367 666 pertinenciis,
399 582 485 663 juxta
519 594 669 643 contenta
704 582 867 642 literarum
904 581 1155 662 privilegialium
1189 581 1317 643 Thome
1349 580 1416 643 filio

146 689 257 767 Blasii,
282 688 347 769 jam
371 702 481 750 nostro
506 688 633 749 concivi
663 701 693 748 et
716 688 782 747 suis
812 685 984 748 heredibus
1008 706 1066 768 pro
1100 688 1211 748 decem
1237 702 1268 749 et
1291 701 1414 770 septem

146 795 256 877 pensis
281 794 488 856 denariorum
512 793 660 854 vendidit
684 806 841 874 perpetuo
864 791 1104 873 possidendam.

255 900 333 961 Item
350 899 497 961 Andreas
515 899 621 960 Kozar
637 897 812 980 quemdam
830 894 966 959 fundum
991 917 1084 958 suurn
1103 898 1199 959 simul
1224 917 1298 959 cum
1316 898 1415 959 domo

147 1008 178 1067 in
205 1006 322 1067 eodem
348 1003 450 1066 fundo
476 1004 582 1065 habita
608 1004 641 1064 in
673 1018 827 1085 postergo
862 1002 978 1063 domus
1001 1022 1058 1063 seu
1090 1001 1181 1064 fundi
1206 1003 1335 1065 Thome
1359 1003 1416 1064 filii

147 1112 258 1189 Blasii,
284 1111 365 1172 inter
390 1110 506 1171 domos
530 1109 685 1170 iohannis
717 1106 775 1168 filii
802 1107 951 1189 Gregorii
976 1109 1107 1169 sartoris
1130 1108 1271 1170 habitam
1297 1122 1327 1171 et
1352 1110 1415 1171 exi-

145 1232 296 1295 stentem,
329 1235 427 1276 unam
460 1229 607 1296 quartam
632 1215 720 1275 curie
752 1214 782 1274 in
817 1233 849 1274 se
882 1214 1112 1292 continentem,
1136 1233 1208 1275 cum
1233 1215 1299 1275 suis
1322 1216 1416 1296 perti·

148 1323 282 1400 nenciis,
307 1321 393 1400 juxta
418 1321 637 1382 dimensiones
656 1319 861 1382 brachiorum
887 1318 1064 1380 ferreorum
1090 1320 1121 1380 in
1139 1320 1232 1382 litera
1256 1340 1416 1402 expressa-

147 1444 268 1507 torum,
294 1427 454 1509 Gregorio
478 1425 546 1488 filio
573 1426 702 1509 Mathye
726 1426 788 1507 jam
815 1441 924 1487 nostro
950 1426 1074 1487 concivi
1098 1446 1157 1508 pro
1182 1441 1320 1507 quatuor
1346 1426 1415 1490 flor.

148 1535 217 1595 auri
251 1547 281 1594 et
313 1553 371 1615 pro
397 1547 534 1614 quatuor
566 1533 674 1614 pensis
712 1532 919 1592 denariorum
951 1532 1097 1592 vendidit
1129 1546 1285 1614 perpetuo
1315 1535 1415 1616 possi·

147 1638 302 1699 dendam.

255 1745 334 1805 ltem
359 1743 512 1804 Nicolaus
536 1742 622 1804 filius
647 1743 802 1804 lobannis
827 1757 857 1805 et
882 1743 1019 1805 Mathias
1043 1743 1129 1806 filius
1154 1744 1303 1826 Gregorii
1327 1766 1416 1808 corn·

147 1852 284 1913 missarii
310 1864 341 1911 et
366 1867 551 1912 executores
576 1851 705 1911 Thorne
729 1851 847 1911 sutoris
876 1848 933 1911 filii
960 1851 1057 1929 Luce,
1082 1852 1288 1915 medietatem
1313 1854 1417 1915 cuius·

147 1959 222 2020 dam
248 1957 364 2018 domus
399 1957 496 2038 ipsius
520 1957 649 2018 Thome
683 1957 801 2017 sutoris
833 1957 864 2017 in
897 1957 968 2018 vico
994 1957 1077 2018 dicte
1110 1958 1245 2020 civitatis
1269 1960 1416 2021 exteriori

146 2079 306 2141 sutorum,
331 2064 412 2124 inter
437 2063 551 2124 domos
585 2063 714 2124 Martini
746 2063 901 2144 sagiparis
932 2078 963 2125 et
988 2062 1120 2145 Georgii
1154 2084 1190 2125 ac
1215 2065 1340 2127 Nicolai
1364 2086 1416 2127 su·

150 2186 257 2232 torum
294 2170 413 2249 habite,
446 2189 543 2230 unam
576 2183 722 2251 quartam
755 2170 787 2229 in
820 2189 852 2229 se
885 2171 1088 2248 continentis,
1120 2191 1193 2231 cum
1225 2172 1290 2233 suis
1321 2173 1416 2254 perti-

149 2277 273 2338 nenciis
296 2291 327 2337 et
351 2275 460 2338 celarii
486 2276 657 2337 medietate
683 2296 718 2336 ac
736 2273 959 2336 hedificiorum
984 2276 1132 2338 similiter
1156 2277 1329 2340 medietate
1347 2278 1414 2340 Ste-

148 2383 256 2465 phano
284 2383 384 2443 sutori
410 2381 477 2444 filio
502 2382 586 2442 iwan
605 2402 662 2463 pro
680 2381 820 2442 sedecim
845 2402 917 2443 curn
936 2383 1043 2444 media
1068 2384 1182 2445 marcis
1206 2384 1414 2446 denariorum

148 2505 179 2550 et
204 2489 441 2570 quinquaginta
465 2489 606 2549 denariis
642 2488 857 2549 vendiderunt
882 2491 1071 2552 auctoritare
1103 2491 1321 2552 commissario
1345 2512 1416 2574 per-

146 2611 246 2678 petuo
272 2595 511 2676 possidendam,
536 2596 623 2656 salva
648 2596 710 2656 alia
743 2597 898 2677 porcione
922 2596 1066 2658 eiusdem
1102 2597 1219 2658 domus
1244 2597 1275 2658 in
1301 2599 1415 2660 eadem

148 2703 259 2779 domo,
284 2701 403 2762 celario
422 2715 453 2763 et
475 2699 588 2779 fundo,
607 2721 668 2762 una
690 2701 837 2763 similiter
854 2716 977 2782 quarta,
1001 2721 1098 2782 quam
1119 2702 1294 2784 Gregorius
1310 2703 1414 2766 dictus

148 2810 256 2890 Repar
280 2807 458 2869 dinoscitur
481 2808 657 2889 possidere.

255 2915 332 2976 Item
359 2914 516 2975 Martinus
540 2914 893 2997 Plemenschyakouich
909 2913 995 2976 filius
1020 2916 1115 2994 Petri,
1139 2916 1281 2977 concivis
1297 2932 1415 2997 noster,

148 3023 355 3084 medietatem
380 3021 549 3084 cuiusdam
574 3023 667 3083 vinee
692 3022 926 3084 condicionalis
958 3022 990 3082 in
1014 3022 1175 3083 territorio
1201 3038 1310 3085 nostro
1335 3024 1417 3085 inter

150 3129 262 3191 vineas
287 3127 529 3189 condicionales
560 3128 704 3188 eiusdem
731 3129 859 3189 Martini
885 3148 902 3188 a
927 3129 1107 3189 meridione
1132 3144 1163 3189 et
1190 3129 1356 3191 Michaelis
1380 3151 1416 3192 ac

149 3233 328 3297 Clementis
361 3233 554 3314 piscatorum
588 3231 727 3293 filiorum
761 3234 905 3312 Crisani,
938 3254 955 3294 a
988 3248 1076 3316 parte
1109 3235 1252 3296 eiusdem
1287 3236 1415 3298 Martini

147 3343 251 3416 sitam,
277 3360 350 3401 cum
369 3341 433 3400 suis
457 3340 561 3417 metis,
584 3339 738 3416 terminis,
758 3341 950 3401 utilitatibus
974 3354 1004 3401 et
1028 3341 1235 3422 pertinenciis
1259 3343 1416 3404 universis

150 3450 246 3510 Petro
270 3465 390 3527 genero
420 3466 478 3506 suo
504 3444 572 3506 filio
607 3446 735 3506 Martini
768 3460 798 3507 et
830 3446 943 3507 Vrsule
976 3448 1115 3507 consorti
1150 3447 1293 3508 eiusdem
1319 3448 1414 3527 Petri,

149 3552 213 3615 filie
239 3572 306 3630 sue,
339 3571 375 3612 ac
408 3570 520 3612 eorum
552 3551 723 3612 heredibus
755 3552 888 3613 donavit
920 3565 1075 3634 perpetuo
1107 3553 1347 3634 possidendam,
1372 3554 1415 3615 ita

147 3673 268 3735 tamen,
293 3656 382 3737 quod
407 3657 474 3739 ipse
500 3657 611 3717 Petrus
636 3672 665 3718 et
698 3658 779 3718 dicta
805 3657 918 3718 Vrsula
952 3673 1119 3719 eteorum
1152 3679 1349 3720 successores
1374 3659 1414 3722 de

148 3765 260 3826 eadem
287 3763 405 3824 vineali
430 3763 583 3845 porcione
615 3783 740 3843 semper
772 3779 917 3845 tempore
947 3764 1110 3826 vindemie
1142 3779 1262 3826 sextam
1288 3779 1413 3846 partem

148 3871 244 3932 musti
269 3869 344 3930 dare
370 3869 401 3929 in
427 3870 554 3951 propria
580 3885 708 3930 vectura
730 3870 871 3950 ipsorum
893 3870 1002 3930 vineas
1027 3870 1220 3949 colencium,
1246 3885 1276 3932 et
1294 3885 1412 3932 terram

148 3976 366 4057 subjacentem
392 3995 465 4036 curn
490 3976 609 4036 viribus
633 3976 811 4056 replantare
836 3977 1047 4051 tenebuntur;
1072 3976 1160 4058 quod
1185 3977 1210 4037 si
1235 3974 1338 4039 lacere
1363 3998 1410 4038 re-

149 4083 340 4159 cusaverint,
365 4098 479 4143 extunc
505 4082 616 4143 eadem
650 4082 785 4143 vinealis
817 4083 927 4163 porcio
956 4103 1064 4144 rursus
1096 4083 1286 4145 devolvatur
1317 4104 1412 4166 super

149 4189 415 4250 communitatem
441 4208 480 4249 eo
505 4187 598 4250 facto.
