3142 5356
154 124 212 204 178
553 124 639 180 Anno
663 118 755 197 1508.
782 154 822 165 -
846 117 899 183 28.
916 117 1003 197 julii.
1106 158 1108 163 ·

147 348 270 414 carunt,
294 334 383 416 quod
408 355 446 397 ex
472 353 537 416 quo
555 353 629 395 casu
648 334 849 414 contingenti
875 332 1016 396 eundem
1034 332 1199 414 sagittavit
1217 346 1248 394 et
1271 333 1458 414 sagittato

148 441 180 503 iu
205 441 332 504 civitate
356 461 421 503 non
439 440 580 501 debebat
597 459 697 521 penes
712 440 891 522 sta(tu)tum
911 439 1060 517 civitatis,
1077 438 1244 500 convictus
1268 453 1317 500 est
1332 438 1468 521 quork:

147 547 274 608 medico
298 544 479 624 satisfaciat,
514 546 582 608 leso
615 565 693 607 vero
727 547 839 608 decem
873 566 988 628 pensas
1012 546 1184 628 persolvat,
1216 545 1319 626 judici
1344 557 1468 608 verat

148 669 275 715 centum
300 654 469 730 denarios;
495 653 585 714 Hans
610 652 650 713 de
674 653 796 733 judicio
819 651 999 732 juratorum
1024 672 1089 714 non
1114 666 1287 714 contentus
1312 652 1460 735 appel*

148 759 225 821 lavit
248 759 288 821 ad
312 760 454 821 seniores
484 759 621 838 judices.

202 995 297 1070 Ferit
326 997 423 1070 sexta
451 1000 608 1087 proxima
636 1007 712 1087 post
741 998 862 1069 festum
898 999 995 1069 beate
1024 997 1129 1068 llarie
1158 998 1365 1086 uagaareae.

685 1151 753 1232 (28.
770 1152 871 1230 julii).

257 1294 361 1358 Causa
386 1295 468 1356 inter
493 1294 672 1356 Johannern
699 1293 855 1355 Saronich
882 1306 916 1354 ut
933 1307 1073 1355 actorem
1099 1307 1130 1354 et
1158 1291 1342 1354 lohannem
1360 1292 1432 1354 Po-

150 1421 247 1484 segay
271 1401 411 1481 judicem
445 1417 589 1463 nostrum
623 1399 815 1461 modernum
850 1400 978 1461 racione
1011 1412 1042 1461 et
1073 1413 1219 1480 pretextu
1251 1398 1426 1460 cuiusdam

152 1506 274 1589 (h)orti,
299 1508 392 1569 vinee
416 1528 451 1569 ac
469 1507 688 1569 desmarnicza
707 1521 829 1584 vocata,
855 1525 918 1587 que
936 1506 1084 1567 universa
1102 1504 1250 1585 egregius
1267 1503 1425 1566 dominus

152 1614 319 1675 Emericus
344 1613 472 1676 Therek
490 1614 576 1676 dicto
601 1613 698 1694 judici
718 1626 828 1674 nostro
847 1612 980 1673 donavit
1005 1626 1035 1673 et
1052 1611 1237 1693 propinavit
1260 1625 1293 1672 et
1310 1631 1422 1694 super·

151 1720 226 1781 inde
251 1720 337 1781 idem
362 1719 457 1799 judex
482 1735 590 1783 noster
622 1719 730 1780 literas
763 1719 900 1780 civitatis
932 1718 1074 1780 emanari
1098 1714 1183 1796 lecit,
1215 1736 1317 1798 penes
1341 1736 1422 1798 quas

151 1826 257 1887 literas
274 1826 446 1908 superinde
464 1841 627 1888 emanatas
644 1826 730 1887 idern
748 1845 816 1886 sese
839 1825 869 1885 in
896 1824 1026 1906 prelatis
1043 1823 1190 1886 fundavit
1206 1838 1238 1884 et
1261 1821 1423 1899 firmavit;

151 1932 206 1993 sed
232 1933 306 2013 quia
331 1930 472 2013 prelatus
496 1933 648 1995 dominus
672 1933 840 1994 Emericus
869 1931 997 1992 Therek
1022 1950 1117 2013 supra
1143 1928 1303 2011 prelatum
1322 1929 1420 2012 (h)or-

153 2052 233 2116 tum,
257 2038 384 2098 vineam
408 2059 443 2100 ac
476 2039 609 2101 domum
643 2039 838 2100 desmaricza
871 2052 1016 2099 vocatam
1049 2057 1104 2119 per
1136 2036 1235 2098 alium
1260 2034 1421 2115 judicium

154 2143 235 2205 inter
259 2142 397 2225 prefatas
422 2160 525 2227 partes
549 2144 668 2207 lactum
694 2145 828 2206 minime
861 2164 956 2226 super
981 2143 1134 2226 premissa
1166 2142 1273 2204 literas
1298 2162 1420 2225 oppor-

152 2262 246 2310 tunas
270 2249 446 2331 producere
471 2253 576 2332 potuit
597 2266 627 2312 et
652 2251 725 2312 ideo
744 2251 830 2312 dicto
854 2250 952 2331 judici
971 2264 1079 2311 nostro
1104 2249 1220 2310 merito
1244 2249 1422 2331 propinare

154 2375 218 2417 non
243 2357 358 2438 potuit,
383 2357 457 2418 ideo
481 2358 574 2438 jurati
600 2357 826 2438 adjudicarunt
850 2354 988 2438 prefatas
1012 2356 1121 2417 literas
1144 2374 1202 2437 pro
1226 2369 1317 2436 parte
1342 2355 1421 2417 dicti

153 2462 267 2543 judicis
292 2462 390 2524 nostri
409 2478 582 2542 emanatas,
608 2484 721 2543 cassas,
738 2464 924 2544 viribusque
943 2463 1115 2539 carituras;
1141 2461 1195 2524 ubi
1220 2480 1298 2522 vero
1315 2460 1424 2523 dictus

154 2568 316 2630 lohannes
340 2569 435 2650 iudex
460 2585 567 2632 noster
598 2573 657 2633 sub
682 2591 736 2654 spe
770 2569 965 2654 prelatarum
998 2570 1161 2631 literarum
1195 2583 1422 2631 emanatarum

154 2673 270 2735 dictam
297 2675 430 2736 domum
456 2677 650 2738 desmaricza
679 2692 824 2738 vocatam
857 2674 1054 2754 reformavit,
1088 2675 1148 2737 hoc
1172 2674 1258 2736 idem
1292 2674 1425 2755 adjudi-

156 2795 277 2859 carunt,
303 2796 335 2842 ut
367 2782 517 2862 quitquid
549 2804 644 2865 super
675 2782 830 2864 prefatam
865 2783 998 2844 domum
1032 2780 1219 2844 reformavit
1243 2781 1275 2842 id
1300 2783 1425 2844 abstra-

154 2887 229 2950 here
253 2903 284 2948 et
308 2909 473 2951 removere
498 2891 597 2952 libere
622 2891 747 2967 habeat,
771 2892 945 2952 sinautem
971 2891 1053 2952 inter
1070 2910 1103 2952 se
1127 2908 1186 2972 pro
1211 2887 1324 2950 eadem
1344 2910 1425 2952 con·

155 2995 305 3070 cordent;
330 2997 385 3056 ubi
410 3011 515 3057 autem
543 2997 700 3079 prelatum
737 2998 890 3079 (h)ortum
923 3010 953 3058 et
978 2997 1095 3057 dictam
1129 2994 1264 3056 domum
1289 3014 1348 3056 seu
1373 2996 1422 3058 vi·

155 3122 247 3163 neam
273 3102 361 3183 prius
385 3122 441 3183 per
465 3103 644 3165 iohannem
671 3104 825 3165 Saronich
852 3105 1004 3185 magistro
1034 3103 1184 3165 Emerico
1208 3102 1336 3164 literato
1363 3122 1424 3185 pro

154 3207 267 3288 viginti
293 3207 363 3269 flor.
389 3209 457 3269 auri
482 3209 729 3291 impignoraram
755 3211 937 3288 dinoscunt,
962 3225 1042 3271 etex
1066 3209 1131 3270 illis
1154 3222 1284 3270 eentum
1309 3222 1342 3271 et
1368 3209 1424 3270 de·

155 3333 222 3374 cem
248 3313 317 3377 flor.
343 3335 425 3396 quos
452 3317 617 3376 Emericus
641 3317 770 3378 Therek
796 3318 827 3377 in
846 3317 939 3377 dictis
965 3315 1058 3377 bonis
1082 3316 1158 3378 dare
1182 3314 1309 3393 dicitur,
1333 3328 1368 3378 et
1385 3335 1425 3378 ex

154 3420 216 3481 illis
240 3419 379 3501 prelatos
403 3421 515 3502 viginti
541 3421 610 3484 flor.
646 3423 730 3483 idem
765 3423 927 3484 lohannes
960 3422 1114 3484 Saronich
1148 3422 1235 3484 dicto
1269 3421 1424 3484 Emerico

155 3527 280 3589 literato
305 3529 452 3588 exolvere
477 3529 664 3607 dinoscitur,
682 3528 741 3591 hoc
764 3531 865 3590 eciam
887 3530 1121 3591 adinvenerunt
1142 3526 1281 3610 prelatos
1305 3527 1423 3610 viginti

155 3632 223 3696 flor.
247 3633 332 3695 dicto
367 3634 502 3695 domino
535 3635 683 3696 Emerico
717 3636 846 3697 Therek
877 3656 933 3717 per
958 3636 1139 3696 iohannem
1173 3632 1329 3697 Saronich
1356 3633 1423 3696 sol·

155 3739 276 3802 vendos
299 3761 355 3801 seu
381 3741 555 3822 depositos,
580 3742 734 3823 depositis
765 3743 872 3823 itaque
906 3742 1018 3822 viginti
1045 3741 1114 3805 flor.
1148 3740 1252 3802 eidem
1279 3739 1422 3802 lohanui

156 3847 310 3908 Saronich
336 3846 494 3928 prefatum
521 3848 685 3928 (h)ortum,
719 3850 846 3910 vineam
872 3869 906 3909 ac
940 3849 1057 3910 dictam
1083 3848 1216 3910 domum
1249 3847 1281 3908 in
1306 3865 1424 3930 perpe-

154 3967 246 4014 tuum
271 3952 513 4033 adjudicarunt;
539 3953 680 4036 prefatus
704 3975 781 4016 vero
806 3955 968 4016 lohannes
997 3953 1091 4033 judex
1118 3967 1225 4016 noster
1248 3971 1315 4014 non
1340 3972 1421 4015 con·

155 4072 261 4122 tentus
284 4060 339 4121 sed
364 4060 538 4143 appellavit
564 4063 602 4121 ad
629 4063 772 4124 seniores
797 4063 929 4142 judices.

262 4167 403 4229 Sabbato
421 4168 472 4228 die
490 4169 637 4249 proximo
656 4184 727 4251 post
745 4169 978 4230 Conversionis
995 4168 1078 4229 beati
1098 4167 1187 4229 Pauli
1205 4165 1292 4248 (anu.
1315 4163 1424 4248 1509),

155 4292 248 4334 causa
272 4272 392 4355 prelata
420 4275 501 4335 inter
526 4274 706 4335 Iohannem
739 4275 894 4336 Saronich
928 4291 958 4336 et
983 4275 1163 4337 johannem
1196 4274 1341 4355 Posegay
1372 4291 1423 4332 se·

155 4379 279 4441 niorem
305 4379 444 4460 judicem
477 4395 508 4441 et
539 4381 704 4442 concivem
738 4396 882 4443 nostrum
916 4382 1045 4444 racione
1074 4394 1105 4442 et
1135 4391 1281 4463 pretextu
1305 4375 1424 4460 prefati

156 4485 263 4567 (h)orti
295 4486 391 4548 simul
423 4506 495 4548 cum
532 4487 617 4548 dicta
649 4487 748 4548 domo
780 4489 900 4549 ibidem
937 4488 1090 4548 existente
1123 4506 1158 4547 ac
1183 4486 1277 4547 vinea
1312 4484 1424 4546 eidem

156 4591 274 4679 (h)otto
306 4592 472 4676 adjacente
504 4594 592 4676 prius
616 4614 672 4677 per
703 4595 823 4678 juratos
855 4593 955 4655 revisa
986 4608 1016 4655 et
1047 4593 1177 4676 tandem
1210 4591 1251 4655 ad
1275 4591 1424 4655 seniores
