3142 5356
146 328 189 389 40
677 311 763 369 Anno
788 304 878 387 1387.

1352 419 1405 426 —-

253 524 331 586 Item
357 522 494 585 Michsel
518 520 604 584 filius
630 522 779 584 Damiani
805 522 883 583 emit
899 540 1001 583 unum
1026 519 1162 583 fundum
1188 542 1206 584 a
1231 523 1408 585 Laurencio

149 629 287 693 condam
312 628 430 710 judice,
454 642 599 712 tempore
623 628 758 711 predicti
783 627 922 690 Miklini.

253 734 331 797 Item
355 735 511 817 quasdam
535 734 644 797 literas
667 733 792 796 domini
818 732 959 796 Ladislai
989 733 1029 796 de
1055 731 1229 797 Lochonch
1254 737 1409 819 capitanei

149 861 245 923 super
280 841 464 922 inpulsione
489 853 521 902 et
544 840 746 903 relaxscione
778 839 945 901 cuiusdam
971 839 1158 921 quantitatis
1181 842 1332 922 pecunie,
1356 862 1412 925 pro

148 968 211 1030 qua
236 947 413 1029 quantitate
438 946 573 1029 pecunie
598 946 676 1008 olim
701 945 854 1007 dominus
878 944 1040 1007 Johannes
1065 945 1230 1008 Lanceloti
1256 948 1413 1010 archidia-

148 1073 248 1116 conus
273 1051 456 1116 Goricensis
488 1052 626 1114 Johanni
650 1050 744 1134 (filio)
777 1051 931 1113 iohannis
963 1065 994 1113 et
1028 1050 1115 1113 fratri
1140 1072 1199 1114 suo
1229 1049 1345 1115 fuisset
1368 1055 1413 1116 in·

148 1162 327 1244 pignorata,
351 1178 407 1240 per
431 1159 538 1220 literas
563 1171 685 1220 nostras
708 1156 924 1239 privilegiales
948 1154 1219 1219 confirmavimus.

255 1264 333 1327 Item
359 1263 535 1344 Gregorius
551 1261 636 1325 filius
661 1263 773 1326 Simon
800 1263 878 1324 emit
895 1282 995 1324 unum
1021 1261 1156 1325 fundum
1181 1264 1221 1325 ab
1246 1265 1415 1327 Anthonio

148 1369 216 1433 filio
241 1370 394 1449 Simonis,
418 1383 564 1451 tempore
589 1369 723 1451 predicti
749 1367 891 1432 Miklini.

255 1476 332 1537 item
359 1475 496 1537 Michael
527 1474 614 1537 filius
638 1475 735 1537 Blasii
761 1494 835 1536 cum
867 1474 1002 1536 domino
1027 1474 1159 1536 Simone
1184 1474 1415 1537 archidiacono

154 1583 187 1644 in
212 1583 438 1644 concambium
463 1582 658 1660 habuissent,
682 1595 828 1665 tempore
853 1580 986 1663 predicti
1012 1579 1150 1642 Miklini.

258 1689 336 1750 Item
362 1688 484 1771 Symon
508 1686 593 1749 filius
617 1687 809 1772 Chepernye
832 1701 939 1748 noster
962 1687 1104 1748 concivis
1128 1686 1159 1747 in
1184 1685 1270 1749 iacto
1295 1688 1415 1749 ducen-

149 1810 256 1859 torum
283 1794 479 1856 florenorum
504 1795 572 1856 auri
597 1814 614 1855 a
638 1794 770 1856 domina
785 1794 895 1856 relicta
912 1792 1087 1876 Raphaelis
1110 1807 1142 1855 et
1165 1792 1241 1855 filiis
1265 1795 1344 1873 suis,
1360 1815 1417 1877 per

150 1917 290 1966 nostram
315 1901 516 1981 judiciariam
541 1901 802 1963 commissionem
827 1915 874 1962 est
897 1900 1074 1982 expeditus.

255 2011 333 2072 ltem
365 2008 503 2092 Perklyn
535 2009 614 2070 emit
644 2028 744 2070 unum
777 2006 913 2070 fundum
946 2027 963 2067 a
996 2008 1113 2069 Jairech
1146 2005 1241 2069 iretre
1275 2008 1415 2069 condam

151 2116 284 2199 Georgii
308 2116 436 2194 literati,
459 2128 605 2196 tempore
629 2115 764 2198 predicti
789 2114 926 2177 Miklini.

258 2221 335 2283 irem
366 2218 501 2305 Mathey
532 2236 620 2282 sutor
644 2220 781 2282 condam
814 2219 954 2281 decanus
983 2219 1061 2280 emit
1092 2237 1193 2279 unum
1226 2217 1367 2281 fundum
1398 2239 1415 2280 a

151 2326 269 2389 Jakech
295 2325 390 2388 fratre
414 2327 553 2389 condam
579 2325 712 2407 Georgii
744 2325 871 2403 literati,
895 2339 1042 2407 tempore
1068 2323 1202 2407 predicti
1227 2321 1373 2387 Miklini.
