3142 5356
148 104 191 187 64
679 103 767 162 Anno
790 115 881 179 1392.

253 317 330 379 ltem
357 315 460 377 Katba
492 313 639 376 vendidit
670 311 808 377 fundum
841 331 934 375 suum
965 311 1101 373 Nicolao
1133 309 1309 388 aurifabro,
1334 325 1419 371 tem-

148 444 225 506 pore
251 422 410 502 judicatus
434 421 510 482 dicti
536 420 701 483 lobannis.

254 528 331 590 Item
358 527 513 589 Nicolaus
529 541 618 588 sutor
642 525 717 588 fecit
735 525 960 588 concambium
991 525 1022 586 in
1048 523 1189 606 quodam
1215 521 1319 584 fundo
1343 541 1416 584 cum

149 636 277 697 Andrea
301 650 420 712 sutore,
444 649 590 716 tempore
615 635 691 695 dicti
717 634 883 696 lobannis.

254 743 333 804 Item
358 742 445 824 quod
471 741 547 823 quia
572 741 695 824 Symon
720 738 807 803 filius
835 739 1038 821 Cbepernicb
1064 739 1096 800 id
1121 739 1359 820 comprobavit,
1385 751 1423 799 ut

148 848 267 911 fundus
298 850 430 930 quidam
463 848 523 909 sibi
556 848 748 929 pertineret,
781 847 854 908 ideo
879 866 976 930 super
1007 846 1147 907 eundem
1179 845 1333 907 dedimus
1357 844 1417 906 sibi

148 975 247 1017 novas
271 956 388 1033 literas,
412 969 557 1036 tempore
583 953 658 1015 dicti
684 953 851 1015 lobannis.

254 1063 331 1124 ltem
356 1060 509 1123 Nicolaus
542 1060 661 1142 Biskup
697 1060 800 1121 dictus
828 1059 974 1122 vendidit
1006 1058 1142 1120 fundum
1167 1077 1259 1119 suum
1286 1056 1419 1118 Thome

147 1170 258 1246 sutori,
283 1183 427 1249 tempore
452 1166 610 1247 judicatus
634 1166 709 1228 dicti
736 1166 901 1228 lobannis.

255 1276 331 1337 ltem
360 1275 469 1335 Petrus
500 1273 578 1333 emit
609 1272 773 1354 quandam
806 1273 919 1335 silvam
947 1293 962 1332 a
989 1271 1130 1350 Thoma,
1161 1285 1309 1352 tempore
1334 1267 1419 1347 judi·

148 1399 236 1444 catus
261 1382 336 1443 dicti
362 1379 529 1441 lobannis.

255 1488 331 1550 ltem
367 1486 535 1568 Philippus
565 1485 712 1546 vendidit
746 1485 861 1546 silvam
893 1485 1031 1547 Jobanni
1064 1482 1133 1546 filio
1165 1483 1285 1545 Donati
1312 1482 1420 1564 prati,

147 1609 293 1675 tempore
318 1593 393 1654 dicti
420 1590 584 1652 lobannis.

254 1699 332 1760 ltem
357 1697 506 1758 dedimus
530 1716 630 1758 novas
655 1697 762 1759 literas
790 1696 922 1757 domine
948 1695 1044 1759 Clare
1069 1696 1209 1758 consorti
1233 1693 1420 1780 Mycbaelis

148 1825 243 1886 super
267 1803 425 1885 quosdam
450 1802 640 1884 jobagiones
673 1822 773 1883 prope
797 1800 1055 1879 Manduseuecb,
1085 1816 1231 1883 tempore
1256 1801 1418 1880 judicatus

148 1910 222 1970 dicti
248 1909 414 1970 lobannis.

254 2016 330 2076 ltem
365 2015 440 2075 Jalsi
473 2013 620 2076 vendidit
653 2015 779 2076 vineam
820 2035 909 2076 suam
946 2014 1078 2075 domine
1113 2012 1238 2075 Kathlte
1274 2014 1415 2075 consorti

150 2121 273 2199 Paulas,
299 2136 444 2202 tempore
468 2120 628 2201 judicatus
653 2120 729 2182 dicti
755 2119 920 2182 lobannis.

255 2226 331 2288 Item
359 2227 470 2287 Kauka
495 2226 604 2288 relicta
636 2226 773 2288 Staribal
805 2226 951 2288 vendidit
981 2224 1049 2288 filio
1073 2225 1247 2287 Wllrmerii
1274 2225 1415 2300 vineam,

147 2349 292 2415 tempore
317 2332 471 2395 lobannis
495 2332 609 2410 judicis
633 2331 713 2413 (filii)
739 2333 815 2395 dicti
840 2334 949 2396 Jacobi
977 2333 1066 2393 Bnle.

255 2439 331 2500 ltem
366 2439 483 2499 Paulus
515 2453 546 2500 et
570 2440 694 2501 Franka
727 2460 858 2501 consors
890 2460 946 2501 sua
982 2437 1056 2502 fecit
1088 2440 1315 2500 concambium
1341 2458 1414 2501 cum

149 2546 242 2606 Petro
270 2561 299 2606 et
325 2591 357 2607 ..
386 2544 511 2625 Dragan
536 2544 605 2606 filio
630 2546 794 2607 Benedicti
813 2546 889 2607 dicti
908 2545 1134 2628 Coponouicb,
1151 2565 1247 2627 super
1263 2544 1416 2607 fundum.

254 2650 331 2710 ltem
358 2650 476 2711 Paulus
500 2663 530 2711 et
555 2651 658 2711 Frena
683 2650 787 2732 (uxor)
815 2652 959 2712 eiusdem
986 2650 1061 2713 lecit
1086 2651 1313 2712 concambium
1340 2671 1414 2712 cum

148 2755 243 2816 Petro
267 2754 384 2837 Copun
409 2775 504 2836 super
532 2757 670 2820 vineam.

255 2861 332 2922 ltem
367 2860 529 2922 lohannes
562 2862 678 2923 Donati
712 2876 742 2924 et
775 2862 906 2923 Bartbol
938 2862 1075 2944 lapicida
1110 2861 1254 2922 vendidit
1285 2862 1415 2924 vineam

149 2966 291 3047 Georgio
316 2966 382 3027 filio
410 2967 548 3049 Endrey,
574 2982 718 3050 tempore
745 2969 900 3030 lobannis
924 2969 1048 3047 judicis.

255 3072 330 3134 ltem
367 3072 533 3134 Elizabetb
568 3074 676 3135 relicta
712 3074 922 3136 Sculacouich
956 3074 1103 3136 vendidit
1137 3072 1274 3135 fundum
1307 3095 1417 3154 suum,

148 3199 244 3240 unam
271 3192 428 3259 quartam,
452 3177 605 3240 Michaeli
631 3179 699 3241 filio
725 3181 907 3262 Dampiani.

254 3285 331 3345 ltem
355 3304 451 3366 super
468 3285 595 3346 vineam
621 3287 752 3347 domine
771 3286 865 3349 Clare
883 3302 913 3348 et
936 3286 1002 3349 filie
1028 3308 1084 3349 sue
1103 3288 1249 3350 Elizabet
1274 3290 1305 3349 in
1325 3289 1417 3353 lsecb

147 3390 206 3450 sibi
232 3391 425 3472 scripsimus.

254 3495 330 3557 Item
363 3498 578 3557 communitas
609 3499 770 3559 commisit
802 3499 876 3560 dare
910 3498 1045 3561 fundum
1079 3500 1158 3561 duas
1190 3499 1295 3562 curias
1328 3502 1415 3565 Lau-

148 3603 267 3679 rencio,
293 3604 427 3665 Nicolao
453 3605 538 3665 dicto
564 3605 663 3681 Thot,
693 3626 754 3686 qua
780 3609 879 3680 (deest)

253 3709 331 3771 ltem
352 3709 528 3790 Gregorius
544 3708 630 3771 filius
648 3711 816 3773 Cbernecb
834 3712 980 3774 vendidit
1005 3712 1165 3794 Gregorio
1182 3711 1249 3774 filio
1268 3713 1417 3777 Simonis

147 3815 273 3876 vineam
299 3835 400 3893 suam,
425 3817 530 3879 eidem
556 3816 715 3897 Gregorio
739 3817 806 3879 filio
834 3819 986 3882 Simonis.

253 3921 331 3982 ltem
357 3921 487 3983 domina
514 3922 596 3984 Gera
631 3925 740 3985 relicta
766 3925 894 3985 Thorne
927 3925 1046 4006 legavit
1072 3925 1236 3988 Demetrio
1269 3927 1413 3990 carnifici

148 4027 287 4087 mediam
314 4027 433 4088 curiam
460 4029 542 4090 inter
566 4029 702 4090 fundum
731 4030 892 4091 Dominici
918 4031 1053 4093 Musicb.

254 4133 331 4193 ltem
365 4133 513 4215 Magdicb
546 4132 675 4197 Mikecb
712 4136 831 4216 legavit
863 4157 958 4197 unam
992 4138 1119 4199 vineam
1153 4135 1308 4201 Michaeli
1343 4141 1413 4204 filio

149 4239 319 4319 Dampiani
353 4239 406 4316 ita,
438 4240 524 4320 quod
559 4242 626 4320 ipse
659 4241 774 4302 debeat
802 4243 876 4303 dare
910 4244 998 4304 omni
1025 4263 1110 4305 anno
1143 4245 1330 4325 quindecim
1356 4268 1412 4308 cu-

148 4345 242 4406 bulos
267 4346 332 4406 vini
357 4366 452 4427 super
476 4347 644 4428 hospitale.

252 4452 330 4513 ltem
355 4450 473 4514 Cristol
499 4451 572 4514 lecit
596 4456 820 4517 concambium
845 4457 884 4518 de
909 4457 1008 4519 domo
1023 4457 1087 4519 Res
1107 4476 1179 4519 curn
1205 4459 1314 4523 relicta
1334 4461 1412 4540 Res,

148 4577 184 4618 ex
209 4571 297 4638 parte
322 4557 415 4617 muri.
