3142 5356
153 501 210 564 192
540 483 626 540 Antio
646 493 736 556 1509.
760 514 805 525 —
824 495 872 558 15.
897 481 1023 554 augusti.

152 589 480 596 —.—..——-.
494 588 670 594 —--...—.—.
1106 577 1395 592 ...--,-....‘.—......d-·'

1397 550 1477 579 s

148 709 178 756 et
203 695 294 772 hanc,
319 695 358 754 ad
384 695 443 754 hoc
468 694 572 754 dictus
599 692 736 754 Michael
770 693 937 774 respondit
970 692 1055 753 dicto
1082 692 1267 753 Domkoni:
1292 700 1424 754 tantu

148 801 233 863 dabo
258 820 316 883 pro
340 814 371 862 te
395 801 486 861 sicuti
513 819 571 881 pro
597 820 659 861 una
689 819 809 877 musca,
842 814 1011 881 propterea
1037 813 1083 861 est
1107 815 1306 881 conquestus
1330 786 1477 882 quc?

148 909 287 970 eundem
313 921 488 990 reputasset
513 926 571 987 pro
599 926 727 982 musca;
760 906 947 967 testimonio
972 926 1048 966 vero
1080 907 1240 988 producto
1266 909 1306 968 ad
1332 919 1417 989 quo

147 1016 242 1076 ambe
267 1028 371 1096 partes
396 1033 428 1074 se
453 1013 673 1074 submiserunt
698 1033 790 1074 secus
809 1011 927 1074 lassum
953 1027 1016 1074 est:
1042 1027 1166 1074 tantum
1192 1014 1294 1076 timeo
1312 1015 1344 1075 in
1362 1014 1405 1074 ba

149 1135 236 1202 parte
261 1141 277 1181 a
302 1135 332 1181 te
356 1121 449 1182 sicuti
476 1122 514 1181 ab
540 1141 603 1181 una
630 1140 739 1181 musca
758 1120 863 1181 adhuc
889 1120 995 1181 minus
1019 1121 1094 1200 quia
1120 1120 1224 1182 habeo
1250 1084 1477 1203 privilegi!

149 1248 166 1288 a
189 1241 256 1289 tota
280 1228 521 1305 communitate,
546 1227 638 1307 jurati
653 1228 697 1287 sic
722 1227 1000 1305 adjudicaverunt,
1020 1227 1108 1308 quod
1134 1228 1200 1309 ipse
1227 1186 1477 1289 Dominicusb

150 1352 214 1394 non
239 1334 345 1415 potuit
369 1334 428 1395 sibi
447 1335 657 1415 comprobare
684 1333 772 1413 quod
791 1332 928 1394 eundem
951 1347 1127 1415 reputasset
1149 1353 1207 1415 pro
1232 1353 1343 1395 musca
1361 1331 1410 1395 nisi

148 1453 273 1502 tanturn
297 1441 396 1503 timeo
421 1461 437 1500 a
464 1455 495 1501 te
520 1441 551 1501 in
578 1440 635 1501 hac
661 1455 748 1522 parte
773 1440 865 1501 sicuti
891 1443 930 1501 ab
964 1460 1026 1501 una
1052 1460 1172 1519 musca,
1194 1453 1225 1501 et
1250 1460 1330 1522 ergo
1355 1459 1410 1502 non

150 1561 196 1608 est
220 1548 385 1608 convictus
409 1567 464 1628 per
489 1547 639 1624 eundem,
675 1547 731 1607 sed
756 1546 780 1606 si
814 1547 970 1627 potuisset
999 1547 1057 1607 sibi
1092 1548 1304 1628 comprobare
1331 1547 1413 1629 quod

149 1668 324 1736 reputasset
348 1655 488 1715 eundem
514 1673 571 1734 pro
596 1673 705 1715 musca
728 1667 844 1714 extunc
870 1668 951 1714 esset
976 1653 1151 1715 convictus.

256 1760 377 1833 Quinta
403 1760 533 1840 (causa),
557 1760 689 1840 quando
720 1760 804 1820 idem
839 1759 967 1820 Domko
1003 1759 1178 1842 Perowych
1211 1760 1294 1821 sedit
1325 1781 1418 1842 super

149 1887 315 1930 scamnum
342 1869 373 1927 in
399 1882 497 1949 ponte
523 1867 649 1948 lapidee
668 1881 769 1946 porte,
792 1880 868 1927 tunc
894 1867 935 1926 ibi
955 1867 1117 1948 preterivit
1136 1866 1274 1927 Michael
1300 1867 1418 1949 Optas-

152 1975 233 2059 nych
259 1994 358 2055 penes
382 1993 471 2050 eum,
500 1973 587 2033 illico
621 1973 738 2033 ibidem
767 1972 895 2033 Domko
917 1973 1035 2054 incepit
1067 1993 1180 2054 spuere
1205 1987 1236 2034 et
1260 1975 1420 2052 tussitare,

150 2094 225 2142 tunc
253 2094 454 2162 pretereunte
480 2079 594 2139 eodem
621 2079 793 2139 Domkone
828 2079 931 2139 dictus
957 2079 1094 2140 Michael
1118 2079 1240 2141 habens
1263 2082 1419 2163 suspicio·

152 2207 224 2248 nem
251 2187 339 2268 quod
368 2187 398 2247 in
417 2206 490 2247 eum
516 2200 644 2267 spueret
669 2200 698 2245 et
716 2186 875 2246 tussitaret
896 2206 1040 2245 reversus
1058 2199 1104 2247 est
1127 2186 1167 2246 ad
1193 2206 1266 2247 eum
1292 2201 1325 2248 et
1342 2188 1422 2249 dixit

151 2294 196 2355 ei:
222 2314 277 2354 cur
300 2294 387 2375 spuis
412 2306 466 2354 aut
490 2293 617 2353 tussitas
641 2292 680 2352 ad
707 2312 757 2352 me
781 2291 859 2372 quid
895 2313 958 2352 non
984 2312 1053 2352 sum
1074 2292 1204 2371 Judeus,
1228 2293 1272 2353 ibi
1298 2294 1422 2357 habens

151 2401 254 2461 dictus
280 2400 408 2461 Domko
433 2400 649 2480 suspicionem
683 2398 835 2458 adversus
868 2398 989 2459 dictum
1017 2399 1208 2460 Michaelem
1241 2402 1331 2481 quod
1366 2423 1420 2464 vo-

152 2507 262 2567 luisset
287 2526 361 2568 eum
386 2507 528 2588 proicere
555 2507 584 2565 in
612 2505 765 2566 lossatum
791 2507 850 2565 sub
882 2520 999 2586 ponte;
1025 2505 1118 2585 jurati
1144 2507 1188 2568 sic
1213 2507 1419 2588 adjudicave-

151 2627 224 2672 runt
250 2613 330 2672 inter
354 2614 464 2672 ambas
488 2626 603 2692 partes,
629 2611 717 2691 quod
736 2625 869 2691 uterque
896 2631 1006 2671 eornm
1034 2611 1176 2694 deponat
1199 2612 1420 2693 juramentum

152 2718 183 2777 in
209 2737 260 2778 ara
285 2733 392 2778 sancte
412 2717 525 2778 Crucis
541 2718 697 2778 solusmet
721 2737 737 2777 a
756 2717 806 2776 die
824 2718 1026 2797 presencium
1044 2719 1083 2778 ad
1102 2719 1420 2799 quintumdecimum

152 2823 249 2894 diem,
274 2823 362 2904 quod
388 2843 444 2884 nec
471 2823 598 2884 Domko
624 2824 710 2905 spuit
734 2837 764 2882 et
795 2824 956 2884 tussitavit
981 2824 1092 2886 odiose
1119 2826 1149 2886 in
1175 2845 1249 2886 eum
1275 2841 1306 2888 et
1331 2829 1420 2908 quod

151 2949 209 2990 nec
234 2930 300 3011 ipse
327 2929 463 2990 Michael
490 2931 642 2991 voluisset
677 2931 706 2990 in
742 2931 923 2992 reversione
957 2932 1095 2992 eundem
1122 2933 1266 3014 proicere
1297 2933 1330 2994 in
1357 2933 1418 2996 fos·

151 3050 265 3114 satum,
290 3050 320 3097 et
344 3037 388 3097 sic
415 3057 496 3097 unus
520 3040 560 3098 ab
585 3038 685 3098 altero
710 3039 941 3119 expurgabunt.

259 3144 351 3204 Sexta
377 3143 507 3223 (causa),
532 3145 663 3224 quando
681 3144 720 3204 ad
748 3145 915 3205 ecclesiam
933 3146 1066 3225 (ivisset)
1086 3145 1213 3206 Domko
1230 3147 1421 3230 Perouych,

153 3250 234 3311 inter
258 3265 407 3331 apotecas
439 3264 514 3311 tunc
548 3252 590 3310 ibi
624 3251 706 3311 sedit
739 3251 877 3311 Michael
911 3251 1101 3333 Optasnych
1134 3267 1206 3312 ante
1239 3254 1419 3316 stacionem

153 3357 319 3418 Michaelis
345 3358 472 3434 literati,
498 3359 617 3417 ibidem
638 3373 840 3438 pretereunte
867 3359 952 3418 dicto
979 3358 1150 3419 Domkone
1175 3359 1254 3420 dixit
1278 3360 1318 3420 ad
1345 3381 1419 3422 eum

152 3463 254 3525 dictus
279 3463 434 3525 Michael:
462 3464 600 3542 Domlm,
627 3466 754 3525 Domlro
773 3466 837 3525 noli
864 3466 1030 3526 ambulare
1049 3466 1246 3528 calumniose
1263 3482 1338 3549 post
1354 3489 1419 3547 me,

152 3584 182 3630 et
206 3571 391 3651 percuciens
428 3592 541 3652 seper
574 3573 701 3632 bursam
727 3591 836 3631 suam:
869 3592 940 3632 ecce
974 3572 1077 3632 habeo
1109 3573 1278 3654 pecuniam
1313 3575 1346 3635 iu
1370 3596 1420 3654 ea,

152 3695 216 3736 non
244 3677 332 3737 bibes
356 3697 414 3758 pro
440 3677 581 3752 eisdem;
613 3693 643 3739 et
674 3680 718 3738 sic
743 3679 844 3738 eciam
876 3692 971 3739 testes
996 3678 1068 3739 lassi
1102 3695 1185 3758 sunt,
1210 3680 1261 3741 hic
1286 3701 1343 3763 per
1368 3681 1418 3762 ju-

152 3795 237 3844 ratos
261 3802 324 3844 non
350 3799 395 3844 est
420 3784 597 3844 convictus.

259 3889 401 3970 Septima
427 3890 555 3971 (causa),
581 3892 711 3971 quando
736 3891 847 3952 habuit
876 3892 947 3952 lites
972 3913 1029 3972 pro
1053 3893 1205 3953 tribunali
1230 3913 1303 3954 cum
1330 3895 1419 3958 dicto

153 3994 309 4057 Michaele
335 3996 524 4078 Oprasnych
550 4011 580 4058 et
604 3998 692 4078 quod
718 3998 847 4058 dixisset
871 4000 931 4059 sibi
958 3999 1095 4060 Michael
1120 4000 1206 4061 dicto
1232 3999 1418 4065 Domkoni:

152 4121 222 4162 sum
248 4102 362 4162 melior
386 4102 484 4163 homo
510 4123 606 4184 quam
631 4117 665 4165 tu
698 4125 741 4182 es,
774 4105 861 4186 quod
894 4106 982 4166 solus
1007 4105 1107 4166 lassus
1144 4121 1190 4167 est
1214 4107 1331 4168 eodem
1365 4110 1419 4172 die

153 4207 185 4268 in
209 4207 348 4288 judicio;
372 4209 465 4290 jurati
491 4230 567 4270 vero
591 4211 634 4271 sic
659 4211 925 4289 adjudicaverunt
957 4213 1039 4274 inter
1064 4216 1176 4274 ambas
1200 4228 1315 4294 partes,
1341 4217 1419 4297 quia

152 4315 259 4396 sepius
282 4313 342 4376 fuit
365 4317 472 4376 senior
495 4317 589 4396 judex
607 4318 662 4377 sed
688 4339 724 4378 ex
747 4319 1017 4380 altercacionibus
1034 4319 1223 4381 eorumdem
1248 4321 1338 4400 quod
1358 4320 1421 4384 luit

152 4420 256 4482 dictus
280 4420 417 4482 Michael
443 4438 586 4483 extrusus
611 4423 649 4483 de
675 4423 781 4485 olficio
815 4425 974 4504 judicatus
999 4445 1037 4486 eo
1062 4445 1165 4506 usque
1189 4426 1249 4486 sibi
1273 4428 1418 4507 graciam

152 4527 294 4589 inveniet
318 4529 403 4609 apud
428 4529 546 4609 regiam
574 4531 773 4592 Maiestatem
798 4546 828 4593 et
863 4532 984 4592 ibidem
1008 4533 1165 4614 disposuit
1189 4532 1324 4612 negocia
1350 4555 1420 4614 sua,

151 4633 266 4696 iterum
293 4635 322 4695 in
349 4636 579 4716 regressionem
604 4637 651 4696 sui
667 4636 726 4698 fuit
750 4639 872 4699 locatus
889 4639 928 4699 ad
954 4639 1095 4700 eundem
1122 4636 1265 4700 officium
1290 4637 1421 4723 judicii,

152 4755 182 4802 et
205 4742 387 4803 invenimus
419 4743 558 4804 eundem
589 4744 685 4804 talem
718 4743 881 4806 hominem
915 4746 1006 4807 sicuti
1044 4759 1090 4808 est
1123 4745 1271 4822 Domk03
1295 4748 1417 4812 eodem

152 4848 203 4910 die
228 4849 313 4909 idern
339 4849 466 4910 Domko
497 4869 563 4911 non
587 4866 755 4913 contentus
780 4853 819 4914 de
844 4853 964 4933 judicio
998 4853 1177 4931 juratorum
1211 4851 1272 4913 hoc
1296 4871 1416 4917 omnes

153 4951 304 5018 articulos
328 4956 367 5017 ad
390 4958 531 5018 seniores
556 4958 739 5040 appellavit.

1430 989 1477 1041 l
