3142 5356
681 338 766 395 Anno
790 351 881 413 1430.
1359 338 1416 418 189

257 546 333 606 ltem
352 548 503 627 magister
521 547 667 608 Thomas
684 546 771 607 lilius
789 547 861 628 lsipi
880 548 1043 627 quandam
1062 548 1188 609 vineam
1206 569 1295 610 suam
1315 569 1416 630 prope

146 672 278 714 murum
311 654 448 714 civitatis
473 655 554 714 inter
588 655 697 715 vineas
732 654 892 714 Valentini
926 653 982 714 filii
1011 655 1159 716 Damiani
1186 671 1216 716 et
1240 658 1416 718 liberorum

147 759 287 820 condam
307 758 454 839 Gregorii
481 759 569 820 lucar
594 759 747 836 habitam,
765 779 836 820 cum
861 759 979 839 (hlorto
1005 761 1110 820 eidem
1129 762 1222 822 vinee
1240 760 1416 840 subjacenti

148 882 179 927 et
211 866 282 927 aliis
313 866 379 926 suis
410 866 619 946 pertinenciis
652 866 824 927 Valentino
856 864 924 926 filio
958 867 1056 926 Marci
1094 867 1239 928 vendidit
1263 881 1417 950 perpetuo

149 971 390 1054 possidendam.

256 1078 333 1138 ltem
358 1076 505 1139 Andreas
528 1091 617 1138 sutor
642 1075 727 1137 filius
752 1076 881 1157 Fuglini
918 1092 947 1138 et
972 1078 1061 1138 Jelka
1085 1076 1150 1140 filia
1177 1079 1328 1161 Symonis
1352 1100 1417 1141 car·

150 1183 253 1246 nificis
286 1203 417 1246 consors
450 1183 594 1245 eiusdem
628 1183 768 1260 Andree‚
801 1183 1007 1246 medietatem
1040 1184 1206 1246 cuiusdam
1240 1185 1356 1247 domus
1387 1200 1418 1248 et

149 1291 258 1353 celarii
283 1291 482 1352 subterranei
507 1309 543 1350 ac
568 1288 792 1350 hedificiorum
819 1290 850 1349 in
877 1290 948 1351 vico
982 1291 1081 1372 ipsius
1109 1291 1245 1352 civitatis
1269 1293 1416 1353 exteriori

149 1411 297 1458 sutorum
323 1397 405 1457 inter
428 1393 577 1474 fundum,
610 1395 744 1456 domurn
769 1409 800 1455 et
832 1395 979 1457 hedificia
1005 1396 1168 1458 Valentini
1194 1399 1355 1480 arcuparis
1387 1413 1417 1460 et

149 1506 218 1565 vias
243 1523 432 1565 communes
457 1503 575 1580 habite,
600 1522 696 1562 unatn
734 1501 883 1563 videlicet
908 1516 1054 1583 quartam
1078 1505 1304 1565 tantummodo
1328 1505 1359 1565 in
1384 1525 1417 1566 se

149 1612 382 1688 continentem,
407 1631 424 1670 a
449 1622 537 1691 parte
563 1609 680 1669 domus
706 1609 804 1689 ipsius
828 1608 991 1670 Valentini
1017 1609 1228 1689 adjacentem,
1255 1612 1348 1673 Petro
1365 1632 1416 1672 su·
1463 1607 1466 1612 ’

150 1718 213 1779 tori
239 1715 306 1777 filio
342 1715 471 1776 Martini
504 1715 544 1776 de
577 1713 710 1775 Rabach
743 1714 960 1789 vendiderunt
989 1730 1145 1798 perpetuo
1177 1717 1417 1799 possidendam,

147 1823 237 1885 salva
263 1823 325 1883 alia
350 1821 468 1882 directa
493 1835 524 1881 et
548 1820 654 1901 equali
680 1820 851 1882 medietate
876 1822 1020 1882 eiusdem
1042 1822 1169 1901 domus,
1194 1821 1284 1885 fundi
1310 1838 1341 1886 et
1365 1845 1413 1885 ce·

150 1930 222 1991 larii
249 1950 266 1990 a
291 1942 379 2011 parte
404 1927 619 2009 predictarum
652 1927 774 1987 viarum
809 1928 1030 1990 communium
1057 1928 1173 2009 habita,
1206 1951 1302 2012 quam
1329 1932 1414 1993 idem

151 2035 298 2097 Andreas
321 2048 352 2095 et
376 2034 465 2094 Jellca
490 2052 548 2114 pro
572 2053 604 2093 se
630 2048 840 2093 reservassent
864 2034 1102 2114 possidendam.
1347 2115 1351 2123 ι

220 2130 226 2143 '
257 2141 334 2202 ltem
361 2139 537 2222 Elyzabeth
566 2139 675 2200 relicta
707 2139 844 2200 condam
877 2141 1006 2202 Martini
1039 2143 1193 2222 sagiparis
1218 2143 1292 2204 dicti
1328 2143 1415 2226 Goy-

149 2248 261 2325 chech,
287 2267 371 2308 nunc
389 2266 519 2308 consors
538 2245 656 2306 Mathei
674 2246 791 2306 sutoris
808 2243 865 2306 filii
884 2246 1060 2325 Michaelis,
1085 2249 1258 2329 quemdam
1277 2246 1414 2312 fundum

149 2375 244 2416 suum
271 2375 344 2415 cum
370 2354 469 2414 domo
487 2353 569 2414 inter
587 2350 704 2412 fundos
729 2365 760 2413 et
784 2352 899 2412 domos
918 2354 1021 2434 Drage
1040 2355 1148 2417 relicte
1173 2358 1312 2418 condam
1330 2357 1416 2418 lwan

149 2462 267 2523 sutoris
291 2474 322 2522 et
347 2460 460 2521 Vrsule
485 2459 593 2520 relicte
619 2457 757 2519 condam
784 2458 868 2519 Luce
886 2460 1002 2521 sutoris
1027 2475 1058 2522 et
1083 2462 1165 2523 Petri
1185 2463 1416 2526 barbitonsoris

149 2568 307 2647 habiturn,
332 2587 427 2628 unam
454 2579 599 2647 quartam
627 2565 657 2624 in
683 2585 716 2625 se
741 2565 971 2644 continentem,
995 2567 1099 2628 eidem
1128 2569 1256 2630 Matheo
1281 2570 1416 2631 domino

148 2688 179 2735 et
204 2673 320 2734 marito
345 2692 404 2733 suo
429 2693 464 2734 ac
489 2692 526 2732 ex
545 2672 619 2753 ipsis
644 2671 860 2751 superviventi
879 2671 967 2732 dedit
991 2687 1021 2733 et
1039 2674 1235 2735 condonavit
1260 2691 1414 2759 perpetuo

149 2779 393 2863 possidendum.

204 2999 288 3070 ltem
318 3000 401 3069 lesia
432 3003 538 3069 tercia
569 2998 722 3086 proxima
751 3008 828 3070 ante
858 3000 979 3071 festum
1009 3000 1239 3072 Conversionis
1273 3002 1360 3073 beati

642 3121 737 3192 Pauli
766 3123 922 3210 apostoli.

659 3289 721 3353 (2711.
739 3279 905 3352 januarii).

259 3415 337 3476 ltem
363 3415 495 3496 provida
522 3415 653 3476 domina
684 3416 783 3476 Elena
809 3432 919 3478 vocata
952 3417 1015 3478 lilia
1044 3419 1130 3480 Pauli
1169 3421 1243 3481 dicti
1279 3418 1413 3498 Zudich,

151 3524 294 3585 concivis
309 3538 426 3600 nostra,
445 3523 650 3584 medietatem
668 3523 835 3585 cuiusdam
854 3524 969 3586 domus
994 3526 1024 3586 in
1043 3527 1114 3587 vico
1139 3528 1286 3589 exteriori
1305 3527 1414 3587 Theu-

151 3631 357 3693 thonicorum
382 3649 438 3691 seu
470 3644 627 3700 sutorum,
664 3630 745 3690 inter
777 3631 892 3692 domos
916 3633 1059 3712 magistri
1095 3634 1212 3694 Mathei
1238 3634 1352 3694 notarii
1385 3649 1415 3693 et

151 3738 276 3819 Agathe
301 3757 356 3798 sue
374 3738 530 3798 consortis
555 3758 590 3798 ac
608 3738 782 3799 liberorum
803 3739 933 3801 Thome
951 3739 1157 3802 Gerdsewich
1183 3740 1300 3817 habite,
1317 3760 1413 3802 unam

149 3844 301 3905 videlicet
325 3858 471 3924 quartam
496 3864 512 3902 a
538 3858 626 3924 parte
651 3844 839 3904 eorumdem
870 3845 1044 3906 liberorum
1064 3846 1192 3907 Thome
1217 3847 1320 3924 sitam,
1339 3851 1413 3906 Am·

151 3950 260 4011 brosio
287 3948 436 4030 lrenipari
463 3950 532 4009 viro
557 3965 587 4009 et
606 3949 739 4009 domino
764 3970 822 4011 suo
848 3951 975 4031 legavit,
994 3952 1126 4014 donavit
1143 3966 1298 4033 perpetuo
1315 3952 1414 4033 possi·

150 4056 302 4133 dendam,
328 4056 417 4117 cuius
449 4055 545 4116 aliam
580 4055 785 4116 medietatem
820 4057 946 4136 domus,
979 4055 1069 4119 fundi
1104 4073 1133 4118 et
1158 4059 1264 4119 celarii
1290 4059 1329 4119 ab
1353 4058 1415 4120 alia

151 4181 240 4244 parte
263 4161 367 4239 sitam,
393 4181 490 4222 unam
514 4176 672 4242 quartam,
698 4166 825 4243 Agycza
854 4163 950 4224 vidua
983 4164 1160 4226 dinoscitur
1186 4164 1359 4245 possidere,
1385 4179 1415 4226 et

150 4288 246 4349 super
271 4269 336 4350 ipsa
355 4281 499 4349 quartaa
526 4281 613 4347 parte
639 4268 780 4349 ipsorum
808 4268 981 4330 liberorum
1008 4271 1082 4331 dicti
1109 4270 1247 4347 Thome‚
1266 4285 1328 4331 tarn
1355 4271 1413 4352 ipsi

152 4375 252 4436 Elene
278 4394 375 4456 quam
401 4375 486 4436 dicto
511 4375 685 4434 Ambrosio
710 4374 800 4435 litere
824 4390 897 4437 sunt
922 4392 1068 4437 emanare
1093 4377 1318 4457 privilegiales.

260 4480 337 4542 ltem
363 4480 475 4542 eadem
503 4480 600 4540 Elena
636 4481 753 4540 mulier
776 4478 840 4541 filia
873 4483 947 4543 dicti
975 4483 1064 4543 Pauli
1091 4483 1234 4567 Zudych‚
1259 4483 1414 4564 quasdam

151 4587 231 4648 duas
263 4587 469 4663 medietates,
504 4588 607 4666 primo
642 4587 790 4646 videlicet
830 4589 1032 4650 medietatem
1066 4589 1232 4649 cuiusdam
1267 4605 1349 4650 terre
1382 4589 1413 4650 in

151 4712 267 4775 campo
292 4694 429 4755 civitatis
454 4695 535 4754 inter
560 4709 657 4753 terras
683 4694 794 4753 Briccii
824 4696 948 4776 pridem
973 4696 1087 4774 judicis
1112 4695 1168 4756 filii
1195 4696 1358 4757 Benedicti
1385 4711 1415 4757 et

152 4799 327 4861 liberorum
353 4799 493 4860 condam
519 4799 679 4859 Valentini
713 4800 892 4862 stacionarii
918 4823 953 4863 ac
986 4803 1052 4863 vias
1084 4822 1272 4863 communes
1296 4801 1414 4881 habite,
