3142 5356
648 549 734 605 Anno
757 541 851 626 1486.
877 580 917 591 -
941 560 991 611 10.
1015 550 1126 611 martii.

774 758 900 821 Ztansa.

780 865 929 929 lacobus.

778 972 972 1035 Anthonius.

779 1078 973 1161 Stephanus.

779 1183 950 1266 Georgius.

782 1291 916 1374 Symon.

778 1398 949 1459 Martinus.

782 1503 933 1567 Michael.

781 1611 947 1672 Nicolaus.

783 1716 970 1798 Gregorius.

784 1823 958 1906 Chyrinus.

785 1929 973 2011 Bollangus.

788 2036 976 2119 Gregorius.

783 2146 985 2207 Valentinus.

781 2252 905 2315 Gallus.

419 2491 513 2564 Faria
543 2504 640 2564 sexta
670 2491 823 2581 proxima
852 2503 929 2562 ante
958 2489 1157 2562 dominicam
1186 2490 1380 2561 luvocavit.

760 2647 823 2721 (10.
837 2642 1017 2723 februaria).

363 2792 441 2853 ltem
467 2790 562 2871 jurati
588 2788 863 2870 adjudicaverunt,
895 2787 984 2868 quod
1013 2785 1207 2867 Margaritha
1235 2804 1365 2846 consors
1390 2783 1528 2865 Georgii

259 2902 369 2985 Zobay
393 2912 523 2982 propter
546 2897 635 2979 quod
660 2895 795 2957 Nicolao
820 2915 930 2978 sporar
956 2909 987 2955 et
1012 2893 1155 2973 Georgio
1182 2893 1251 2954 viro
1277 2911 1336 2954 suo
1361 2891 1453 2954 dedit
1478 2892 1527 2953 bi-

257 3009 331 3069 bere
353 3024 503 3067 araneam
529 3018 563 3065 ut
587 3003 705 3064 mortui
731 3016 846 3081 essent,
870 3003 937 3084 ipsa
955 3001 1050 3062 debet
1075 2999 1225 3061 comburi
1249 3000 1281 3060 in
1307 2997 1458 3059 Zredisca
1475 2998 1529 3061 die

319 3134 333 3174 r
354 3113 450 3174 dict0.

257 3135 315 3196 sup
334 3134 441 3281 altem
467 3216 605 3279 eandem
631 3214 817 3277 informavit
843 3212 1135 3276 Manthenthuchelr
1160 3212 1200 3274 de
1225 3211 1358 3295 Dedych
1384 3227 1415 3274 et
1439 3213 1529 3276 Tha-

259 3328 335 3390 rada
360 3327 400 3388 de
424 3325 535 3405 Wgra.

365 3433 443 3495 ltem
468 3431 554 3493 idem
579 3431 659 3492 dixit
685 3430 774 3512 quod
801 3428 1023 3510 Draginsticza
1042 3427 1182 3509 perdidit
1203 3446 1346 3487 sororem
1369 3426 1530 3490 Anthonii

261 3539 457 3602 Ocztowich.

367 3646 443 3706 Item
468 3644 553 3705 idern
580 3644 659 3705 dixit
691 3643 780 3724 quod
815 3642 896 3704 Orsa
924 3642 1038 3702 Precza
1071 3639 1225 3700 ribaricza
1256 3639 1345 3700 dedit
1369 3640 1408 3700 de
1434 3660 1530 3703 carne

260 3749 404 3811 zinthille
428 3750 519 3811 uxori
544 3749 645 3810 Elene
670 3747 818 3829 pellificis
844 3748 1044 3808 Zavariczar.

368 3856 444 3916 ltem
472 3855 572 3914 Elena
604 3874 683 3915 uxor
716 3855 799 3915 Petri
834 3855 942 3936 plusar
975 3853 1064 3914 dedit
1089 3854 1228 3914 Martino
1261 3854 1464 3935 carpentario
1489 3855 1529 3917 de

261 3960 384 4023 zintilla
409 3961 517 4021 bibere
550 3974 584 4022 ut
616 3960 780 4037 morietur,
814 3961 906 4043 jurati
944 3960 1220 4039 adjudicaverunt,
1254 3975 1289 4022 ut
1322 3961 1408 4022 idem
1434 3962 1531 4025 debet

262 4068 409 4130 comburi
433 4068 464 4128 in
491 4067 638 4128 Zredisce
663 4067 716 4128 die
741 4081 775 4128 ut
803 4087 908 4148 supra.

370 4175 446 4236 ltem
471 4173 584 4235 eadem
615 4173 745 4234 banavit
775 4172 874 4234 liliam
908 4173 992 4233 Petri
1027 4173 1145 4253 Dragin
1179 4192 1250 4233 cum
1284 4188 1386 4234 matre
1418 4188 1529 4235 suaet

263 4301 335 4342 cum
354 4279 644 4342 Mazthenthuchek
670 4279 701 4339 in
728 4279 836 4341 multis
861 4278 993 4360 (h)erbis
1017 4277 1105 4359 quod
1130 4293 1236 4361 posset
1260 4278 1422 4341 maridari.

441 4518 537 4589 Faria
565 4527 662 4590 sexta
692 4521 845 4606 proxima
875 4525 952 4589 ante
981 4518 1180 4588 dominicam
1209 4515 1341 4606 judica.

793 4674 855 4745 (10.
878 4670 1003 4741 martti).

370 4814 448 4875 ltem
472 4813 564 4894 jurati
583 4812 860 4894 adjudicaverunt,
879 4827 1007 4894 propter
1031 4811 1119 4893 quod
1138 4811 1224 4872 Dora
1252 4811 1442 4873 Marusczna
1470 4810 1529 4874 fuit

265 4920 425 4983 diffamata
445 4941 500 5003 per
526 4922 731 5001 Margaritam
758 4939 889 4981 uxorem
907 4918 1039 5000 Georgii
1060 4920 1171 5001 Zobay
1188 4918 1276 4999 quod
1302 4917 1439 4978 minaret
1455 4937 1528 4981 curn

257 5028 455 5108 prodicione
479 5028 588 5089 multis
613 5027 809 5107 hominibus,
842 5027 928 5087 idem
956 5025 1150 5107 Margaritha
1183 5026 1214 5086 in
1240 5037 1342 5086 morte
1367 5024 1532 5090 revocavit
