3142 5356
530 426 735 508 Ann01482.
758 465 799 475 —
822 428 872 493 16.
887 434 1039 511 januarii.
1403 456 1423 519 7

171 643 281 706 tandem
307 657 379 725 post
403 643 580 705 adventum
605 645 729 725 regium
755 664 893 707 unacum
915 645 985 727 ipso
1010 647 1146 708 Nicolso
1173 647 1327 709 Horwath
1352 667 1421 729 pre·

171 747 222 812 lato
246 749 397 812 Michaeli
422 749 547 812 solvere
572 748 694 829 debuit,
717 750 791 812 ideo
816 752 890 832 quia
907 753 976 814 sine
989 752 1155 815 voluntate
1174 753 1315 835 ipsorum
1335 753 1420 832 fecit,

168 855 331 940 dampnum
356 856 446 938 quod
478 876 591 939 passus
622 857 724 918 estin
758 858 963 921 restitucione
996 858 1181 921 huiusmodi
1214 860 1302 922 solus
1326 860 1421 922 habet

164 965 306 1026 sustinere
332 977 363 1026 et
388 982 454 1024 non
477 963 526 1024 sui
557 961 670 1044 jurati;
705 963 823 1025 Paulus
858 985 922 1026 non
949 978 1118 1028 contentus
1149 985 1276 1028 causam
1302 967 1340 1028 ad
1374 988 1420 1028 se·

163 1070 258 1132 uiores
283 1069 460 1152 appellavit
475 1066 614 1151 judices:

258 1178 386 1238 Primus
416 1177 504 1237 testis
533 1176 686 1238 Nicolaus
710 1175 866 1237 Horwath
898 1175 1019 1256 juratus
1043 1176 1144 1240 fassus
1168 1193 1214 1241 est
1245 1199 1284 1241 eo
1309 1180 1419 1259 modo,

161 1283 239 1363 quod
263 1285 332 1365 ipse
349 1282 509 1364 justiciam
530 1295 561 1345 et
577 1280 832 1344 satisfaccionem
850 1296 1010 1345 certorum
1027 1284 1208 1347 debitorum
1228 1306 1284 1368 per
1308 1306 1419 1367 quem·

161 1388 224 1451 dam
260 1391 384 1452 Lucam
416 1403 570 1451 sartorem
607 1389 822 1470 predecessori
855 1409 914 1451 suo
946 1389 1158 1470 debencium,
1183 1394 1222 1453 ab
1253 1393 1319 1457 elio
1351 1393 1419 1455 ullo

160 1514 306 1578 umquam
330 1511 477 1577 tempore
509 1496 683 1577 postulavit
714 1495 774 1556 nisi
800 1497 840 1557 ab
867 1497 938 1578 ipso
969 1497 1073 1577 judice
1106 1497 1206 1559 Paulo
1238 1497 1418 1576 aurifabr03

161 1602 192 1664 de
223 1603 344 1667 noticia
369 1621 446 1665 vero
478 1601 654 1682 juratorum
681 1602 732 1663 vel
764 1602 895 1664 alterius
920 1623 983 1684 que
1016 1602 1144 1666 fuerunt
1169 1605 1199 1666 in
1232 1605 1298 1686 ipsa
1324 1625 1417 1668 causa

159 1725 234 1772 mota
267 1709 347 1771 dicit
370 1729 403 1770 se
436 1708 594 1790 ignorare.

254 1814 426 1879 Secundus
441 1815 529 1876 testis
547 1813 684 1876 Michael
701 1834 799 1896 gener
817 1815 903 1877 Luce
921 1814 1044 1897 juratus
1060 1815 1161 1878 fassus
1178 1833 1224 1880 est
1242 1837 1281 1879 eo
1306 1817 1415 1896 modo,

159 1923 319 2003 quomodo
344 1935 491 2003 tempore
515 1919 674 2002 judicatus
691 1921 781 1982 Pauli
806 1919 959 1984 aurifabri
983 1943 1040 2006 per
1063 1924 1234 1986 Nicolaum
1261 1923 1416 1986 Horwath

142 2025 258 2091 ‘fuisset
276 2029 392 2091 citatus
408 2041 440 2089 et
455 2026 585 2088 tandem
599 2025 731 2108 quando
748 2027 928 2109 comparuit
944 2028 1073 2091 racione
1090 2030 1167 2091 certi
1184 2029 1282 2091 debiti
1300 2030 1417 2091 soceris

160 2136 198 2197 tui
221 2134 441 2219 predecessori
459 2133 558 2216 ipsius
574 2133 700 2195 Nicolai
719 2133 873 2195 Horwath
898 2133 1054 2214 debentis,
1071 2155 1128 2217 per
1148 2136 1252 2218 ipsum
1277 2135 1416 2214 judicem

161 2241 286 2305 Paulum
312 2242 352 2304 ad
385 2239 646 2303 satisfaciendum
671 2238 782 2301 fuisset
814 2240 1010 2322 compulsus,
1038 2260 1104 2322 quo
1127 2242 1318 2304 adveniente
1343 2243 1417 2304 licet

162 2349 361 2411 absconderat
382 2347 540 2429 quosdam
557 2348 657 2408 boves
677 2365 763 2424 suos,
787 2345 1017 2408 nichilominus
1032 2360 1140 2409 tamen
1157 2348 1306 2410 inventos
1329 2349 1416 2430 ipsos

164 2455 250 2516 boves
273 2454 397 2538 prefato
421 2452 558 2515 Nicolao
582 2451 739 2514 Horwath
761 2471 819 2534 pro
848 2450 1069 2516 satisfaccione
1093 2454 1226 2537 predicti
1251 2455 1350 2516 debiti
1374 2454 1414 2516 ad

166 2578 265 2624 manus
287 2561 386 2638 dedit,
405 2580 463 2643 pro
480 2579 618 2641 quorum
636 2559 803 2620 ablacioue
821 2559 896 2621 licet
914 2560 1022 2642 sepius
1038 2561 1227 2643 magistrum
1244 2562 1414 2624 thavverni·

169 2685 264 2730 torum
286 2667 491 2751 magnificum
526 2666 706 2728 Johannem
735 2665 838 2728 Thwz
862 2666 1047 2747 visitaverit,
1079 2668 1134 2749 qui
1162 2669 1253 2750 quasi
1277 2682 1340 2730 tres
1364 2669 1415 2731 vel

171 2771 260 2851 plures
280 2775 388 2837 literas
411 2773 573 2855 scripserit
596 2787 630 2834 ut
662 2772 720 2853 ipsi
755 2773 855 2833 boves
878 2772 926 2833 sui
959 2773 1143 2835 debuissent
1167 2775 1301 2854 restitui,
1325 2774 1413 2856 quod

174 2876 284 2941 minime
299 2877 432 2962 [factum
457 2877 518 2940 fuit
541 2897 600 2940 nec
623 2897 680 2961 per
704 2877 878 2939 adventum
896 2877 1019 2960 regium
1037 2879 1069 2940 in
1087 2879 1148 2941 hoc
1171 2900 1304 2962 regnum
1330 2881 1413 2943 etin

177 2979 239 3045 hanc
260 2987 428 3049 civitatem.
446 2985 523 3047 ltem
542 2983 642 3046 fassus
660 2984 746 3045 idem
773 2983 910 3045 Michsel
928 2984 1016 3066 quod
1034 2986 1142 3047 nullus
1167 2986 1206 3048 de
1231 2987 1300 3068 ipso
1324 2987 1413 3048 satis·

180 3081 326 3154 factionem
351 3091 427 3154 fecit
451 3090 586 3153 Nicolao
611 3091 767 3152 Horwath
799 3091 860 3151 nisi
893 3091 959 3172 ipse
983 3092 1101 3153 Paulus
1125 3091 1284 3154 aurifaber
1307 3093 1413 3174 judex.

262 3199 372 3275 Mirlm,
397 3197 561 3276 Clemens,
585 3195 723 3258 Zthansa
748 3210 778 3257 et
806 3198 1005 3278 Augustinus
1036 3212 1137 3260 sartor
1161 3199 1246 3261 citati
1270 3200 1412 3263 secundo

183 3295 402 3367 adiuuandam
428 3304 512 3366 Petri
537 3323 647 3384 sporar
673 3322 739 3364 non
764 3316 1024 3384 comparuerunt.

261 3409 359 3473 Causa
384 3412 466 3472 inter
491 3408 683 3473 Michaelem
708 3423 849 3471 sutorem
882 3421 913 3470 et
937 3410 1111 3491 quemdam
1136 3409 1292 3473 famulum
1317 3433 1409 3474 suum

182 3507 278 3577 racione
302 3531 384 3580 certe
408 3517 646 3578 verberacionis
670 3529 717 3579 est
740 3516 839 3577 dilata
871 3516 910 3576 ad
935 3515 1053 3594 judicia
1078 3517 1321 3583 consistorialis.

261 3622 361 3687 Causa
385 3624 467 3685 inter
484 3623 650 3685 honestam
677 3623 821 3684 relictam
839 3621 976 3684 condam
1001 3623 1127 3706 providi
1150 3625 1306 3687 Anthonii
1330 3626 1409 3688 olim

180 3721 284 3790 senioris
305 3729 420 3811 judicis
443 3744 474 3791 et
507 3727 685 3811 Georgium
707 3729 817 3812 Zobay
850 3729 978 3791 racione
1011 3729 1227 3810 quorumdam
1259 3731 1410 3810 caulium,

180 3822 215 3882 uti
234 3828 383 3898 dicebatur
407 3834 447 3897 de
472 3835 590 3917 (h)0rt0
615 3835 715 3917 ipsius
739 3835 869 3896 domine
887 3835 996 3896 relicte
1021 3835 1213 3914 ablatorum,
1237 3835 1331 3916 jurati
1354 3838 1409 3897 ad-

179 3924 381 4021 judicaverunt,
405 3942 494 4024 quod
518 3962 555 4002 ex
581 3961 646 4023 quo
672 3942 738 4024 ipse
765 3940 924 4022 Georgius
956 3941 987 4001 in
1013 3941 1131 4022 (h)orto
1156 3942 1254 4024 ipsius
1279 3943 1409 4004 domine

178 4034 262 4106 relicte
283 4067 337 4130 per
361 4046 518 4110 famulum
545 4048 688 4109 eiusdem
715 4046 776 4108 luit
792 4061 879 4109 certo
903 4061 1048 4128 tempore
1066 4061 1218 4129 repertus,
1244 4048 1317 4109 ideo
1343 4050 1409 4130 ipse

176 4147 330 4217 terciusmet
354 4155 450 4215 debet
474 4153 690 4236 juramentum
715 4167 853 4235 prestare
879 4152 967 4234 quod
992 4169 1187 4215 memoratos
1211 4155 1318 4215 caules
1343 4155 1408 4235 ipse

173 4266 225 4314 non
250 4261 364 4343 recepit
395 4280 502 4342 neque
533 4261 591 4323 scit
622 4261 694 4342 quis
727 4261 913 4341 recepisset;
945 4259 1041 4321 debet
1071 4273 1178 4322 autem
1203 4259 1306 4341 jurare
1331 4260 1408 4322 feria

170 4373 241 4423 sexte
260 4367 403 4448 proxima
426 4380 498 4450 post
522 4365 638 4430 festum
664 4366 929 4450 Epiphaniarum.

271 4603 365 4678 leria
395 4614 521 4696 quarta
550 4608 704 4695 proxima
732 4615 807 4695 post
836 4613 977 4677 octavas
1007 4601 1278 4692 Epiphaniarum.

551 4757 617 4837 (16.
634 4763 784 4836 junuarii,
807 4779 876 4820 ann.
903 4755 1014 4836 1482).

254 4897 330 4962 ltem
356 4919 484 4962 causam
509 4899 591 4960 inter
615 4898 745 4961 Gallum
768 4899 925 4960 Kodelicz
950 4912 980 4958 et
997 4896 1133 4958 Paulum
1157 4895 1353 4956 aurifabrum
1372 4913 1407 4954 ac

140 5005 310 5078 Andream
327 5005 408 5087 Lab,
425 5018 577 5090 protunc
594 5004 750 5068 decanum
764 5021 908 5090 tempore
922 5003 1087 5090 iudicatus
1105 5005 1281 5072 laurencii
1297 5005 1418 5093 Sporar
