3142 5356
694 360 782 418 Anno
804 356 898 437 1428.
1371 358 1428 439 163

270 571 349 634 Item
375 571 538 653 quandam
562 572 689 632 vineam
724 591 780 632 seu
805 571 964 634 vinealem
997 571 1186 653 particulam
1212 572 1244 632 in
1268 572 1430 634 territorio

146 678 310 756 civitatis,
335 679 418 740 inter
435 679 561 739 vineam
585 679 762 739 liberorum
781 678 966 739 Hernkonis
988 698 1004 739 a
1030 678 1195 739 communi
1212 678 1263 739 via
1280 677 1430 760 desuper,

150 783 245 846 infra
268 804 325 866 per
348 784 511 867 quandam
544 784 692 847 semitam
725 803 827 866 usque
852 784 992 845 rivulum
1025 804 1059 845 se
1083 783 1328 860 extendentem
1354 784 1430 846 item

151 890 369 952 medietatem
401 890 568 952 cuiusdam
600 891 718 951 domus
751 891 782 951 in
815 891 953 969 civitate,
986 890 1068 952 inter
1102 891 1229 952 domos·
1249 890 1429 952 liberorum

156 995 406 1059 Chudawchich
432 1010 463 1057 et
486 996 612 1058 Nicolai
636 1016 672 1058 ac
694 996 857 1057 Valentini
873 996 993 1074 habite,
1016 1016 1053 1057 ex
1077 994 1248 1058 sufficienti
1273 997 1322 1057 sui
1339 1016 1430 1058 corn-

155 1102 358 1184 probacione
371 1122 427 1185 per
443 1102 677 1184 Margaretham
699 1104 803 1165 aviam
821 1122 911 1165 suam
930 1101 1068 1165 Johanni
1082 1103 1220 1184 legatam
1235 1103 1266 1164 in
1280 1104 1430 1166 extremis

156 1210 228 1271 vite
252 1229 320 1287 sue,
344 1209 449 1271 eidem
474 1210 644 1271 statuimus
675 1210 913 1291 possidendam,
949 1229 1048 1292 quam
1079 1209 1212 1291 quidem
1237 1209 1363 1271 vineam
1396 1224 1427 1273 et

158 1316 347 1397 dictamque
379 1315 585 1378 medietatem
619 1316 736 1377 domus
767 1316 853 1380 idem
886 1315 1049 1377 lohannes
1084 1316 1258 1377 Valentino
1289 1317 1370 1398 patri
1396 1328 1426 1378 et

159 1443 200 1484 ex
227 1424 302 1504 ipsis
325 1423 543 1504 superviventi
569 1422 659 1484 dedit
683 1437 713 1484 et
738 1423 875 1484 contulit
891 1437 1048 1504 perpetuo
1073 1421 1311 1503 possidendam,
1338 1423 1429 1483 cuius

159 1529 280 1589 domus
312 1529 409 1589 aliam
445 1528 650 1590 medietatem
692 1529 778 1589 idern
812 1529 1002 1589 Valentinus
1036 1528 1213 1588 dinoscitur
1253 1527 1426 1589 literatorie

160 1634 337 1717 possidere.

273 1741 350 1802 Item
376 1741 592 1803 communitas
623 1740 786 1822 quandam
818 1741 945 1802 vineam
971 1740 1129 1801 desertam
1161 1759 1217 1801 seu
1243 1738 1427 1801 iniorestam

161 1847 422 1910 condicionalem
450 1847 481 1907 in
506 1847 667 1908 territorio
692 1847 828 1908 civitatis
849 1846 1077 1922 condicionali,
1101 1846 1183 1907 inter
1207 1845 1316 1906 vineas
1340 1845 1427 1905 simi·

160 1956 235 2017 liter
260 1954 500 2016 condicionales
525 1954 687 2015 Valentini
713 1953 980 2014 molendinatoris
1005 1968 1035 2014 et
1060 1951 1237 2035 Elyzabeth
1263 1952 1372 2013 relicte
1398 1966 1428 2013 et

161 2061 293 2122 Thome
317 2059 373 2121 filii
406 2059 544 2122 condam
578 2060 661 2121 lwan
693 2060 840 2121 Obalisse
874 2059 1027 2136 habitam,
1059 2058 1197 2140 desuper
1220 2079 1237 2119 a
1262 2060 1313 2119 via
1338 2078 1425 2120 corn·

161 2168 252 2228 muni
280 2186 382 2248 usque
407 2165 446 2227 ad
471 2167 567 2227 aliam
600 2167 685 2227 viam
718 2185 925 2227 communem
954 2184 987 2226 se
1020 2165 1257 2242 extendentem,
1280 2165 1427 2227 similiter

161 2274 257 2335 metis
294 2273 324 2333 in
359 2272 450 2334 litera
482 2274 637 2354 expressis
669 2286 699 2335 et
731 2272 921 2333 condicione
954 2270 1189 2352 quinquaginta
1219 2270 1426 2332 denariorum

164 2380 261 2441 nobis
285 2379 420 2460 singulis
444 2380 537 2439 annis
562 2393 705 2460 ternpore
729 2378 891 2438 vindemie
909 2376 1197 2457 persolvendorum
1223 2375 1428 2458 perhenniter

160 2486 256 2547 Petro
275 2485 433 2565 Hungaro
450 2483 554 2565 jurato
580 2498 689 2545 nostro
706 2483 773 2545 lilio
788 2483 879 2544 Pauli
892 2483 1000 2543 statuit
1018 2498 1173 2564 perpetuo
1187 2482 1426 2564 possidendam.

266 2592 345 2652 ltem
370 2591 532 2672 quandam
559 2591 687 2651 vineam
721 2590 979 2651 condicionalem
1013 2590 1044 2650 in
1069 2589 1230 2651 territorio
1262 2589 1424 2650 condicio·

158 2700 223 2761 nali
251 2700 332 2761 inter
356 2698 465 2760 vineas
497 2697 741 2759 condicionales
766 2696 891 2758 Nicolai
917 2696 993 2758 dicti
1019 2697 1105 2779 Myk,
1138 2716 1155 2756 a
1181 2695 1371 2774 meridione,
1396 2708 1426 2757 et

160 2805 245 2866 Petri
272 2804 417 2885 Hungari
444 2825 460 2864 a
485 2805 714 2885 septemtrione
744 2803 896 2881 habitam,
928 2802 1065 2883 desuper
1089 2822 1106 2862 a
1132 2802 1181 2862 via
1207 2802 1370 2863 communi
1397 2815 1427 2863 et

159 2908 243 2974 infra
269 2929 371 2992 usque
397 2910 578 2988 Pretolram,
610 2911 669 2971 sub
695 2910 788 2970 metis
813 2909 845 2969 in
877 2909 968 2969 litera
993 2908 1150 2991 expressis
1174 2922 1205 2969 et
1236 2907 1426 2968 condicione

159 3018 257 3079 unius
282 3015 351 3078 flor.
376 3016 415 3078 de
442 3017 533 3077 vinea
557 3017 686 3077 racione
718 3029 804 3077 sexte
837 3015 935 3096 partis
966 3014 1031 3074 vini
1066 3029 1097 3077 et
1121 3014 1249 3094 triginta
1282 3014 1427 3094 quinque

158 3123 301 3184 denariis
325 3122 366 3184 de
383 3136 465 3183 terra
482 3123 588 3184 eidem
611 3123 807 3203 subjacente,
825 3121 910 3202 juxta
928 3121 1199 3183 testamentariam
1225 3119 1424 3200 legacionem

159 3228 253 3290 Pauli
279 3227 441 3304 Thothar,
466 3228 640 3289 Valentino
673 3228 923 3289 molendinatori
955 3228 1124 3288 statuimus
1147 3240 1303 3308 perpetuo
1327 3226 1425 3307 possi·

158 3334 313 3398 dendam.

269 3440 345 3502 Item
373 3441 497 3502 Blasius
521 3455 611 3502 sutor
634 3440 719 3502 filius
744 3440 897 3522 Stephani
930 3440 1093 3521 quandam
1119 3438 1253 3499 domum
1278 3458 1366 3500 suam
1393 3438 1424 3499 in

159 3549 234 3609 vico
259 3560 416 3624 sutorum,
448 3547 529 3608 inter
562 3561 592 3607 et
624 3566 721 3629 penes
753 3547 886 3607 domum
913 3547 1051 3606 Emerici
1084 3545 1201 3606 sutoris
1225 3558 1255 3606 et
1287 3545 1425 3625 plateam

159 3673 369 3716 communem
382 3648 636 3735 versus'pontem
654 3654 777 3715 abbatis
790 3653 985 3731 tendentem,
999 3673 1015 3713 a
1031 3652 1135 3733 platea
1149 3651 1305 3732 superiori
1320 3671 1422 3732 usque

159 3759 298 3821 fundum
325 3759 457 3840 Georgii
475 3760 592 3821 sutoris
616 3759 769 3836 habitam,
794 3778 891 3820 unam
909 3773 1054 3839 quartam
1080 3758 1112 3818 in
1133 3778 1166 3818 se
1191 3758 1424 3835 continentem,

161 3867 249 3929 Luce
273 3867 371 3927 sutori
397 3864 464 3927 filio
490 3866 667 3927 Clementis
691 3885 748 3946 pro
766 3865 977 3946 quadraginta
995 3865 1108 3925 marcis
1125 3864 1330 3925 denariorum
1349 3885 1425 3926 ven·

160 3974 243 4034 didit
268 3987 424 4055 perpetuo
448 3973 687 4055 possidendam.

228 4193 309 4264 Item
338 4192 425 4264 feria
453 4196 565 4282 prima
593 4212 651 4264 sen
682 4190 733 4264 die
761 4190 923 4263 dominico
952 4189 1104 4280 proximo
1134 4198 1213 4262 ante
1241 4191 1362 4263 festum

418 4316 674 4388 Purificacionls
702 4319 846 4404 virginis
875 4313 1017 4404 gloriose
1047 4313 1159 4386 Maria.

672 4483 710 4547 (l.
726 4468 903 4546 februarii).

270 4610 347 4671 ltem
382 4610 485 4671 Lucas
516 4623 604 4671 sutor
636 4609 720 4671 filius
753 4610 931 4671 Clementis
970 4609 1132 4690 quandam
1170 4609 1303 4669 domum
1335 4628 1426 4669 suam

162 4717 260 4779 simul
284 4736 358 4778 cum
383 4715 485 4778 fundo
510 4730 541 4778 et
573 4716 728 4777 hedificiis
762 4718 794 4777 in
826 4717 897 4777 vico
922 4716 1059 4778 civitatis
1090 4715 1237 4776 exteriori
1270 4729 1427 4794 sutorum,

164 4824 246 4886 inter
270 4822 386 4884 domos
411 4821 539 4884 Thome
563 4823 679 4884 sutoris
711 4822 786 4883 dicti
813 4823 920 4907 Rosyn
953 4836 984 4884 et
1008 4823 1138 4883 Thome
1162 4822 1239 4884 dicti
1264 4819 1426 4899 Ochwirk‚

1305 4926 1321 4960 ¹&
