3156 5364
226 368 287 428 282
758 364 842 422 Am
866 372 954 440 1435.

327 579 405 640 ltem
431 577 645 638 communitas
677 574 839 657 quendam
864 572 1002 636 fundum
1034 590 1171 634 vacuum
1197 584 1229 633 et
1249 569 1414 633 hedificiis
1438 591 1497 653 pe·

221 686 306 747 nitus
331 684 519 747 destitutum
554 682 715 765 Symonis,
748 680 876 742 Martini
909 693 940 741 et
964 679 1094 740 Thorne
1125 676 1267 739 filiorum
1291 676 1426 739 Andree
1464 691 1496 738 et

222 789 423 872 Margarethe
441 789 480 850 de
499 787 658 851 Grathsan
676 788 708 849 in
729 787 801 848 vico
820 787 920 868 ipsius
932 786 1070 847 civitatis
1087 784 1234 846 exteriori
1252 783 1494 866 lutifigulorum

220 899 301 960 inter
318 897 436 959 fundos
461 896 574 958 Briccii
592 895 707 977 judicis
724 909 754 956 et
772 893 926 976 Stephani
943 891 1102 976 pellificis,
1119 912 1216 954 unam
1234 906 1384 974 quartam
1402 892 1493 953 curie

220 1008 251 1067 in
276 1027 309 1068 se
333 1005 564 1081 continentem,
589 1021 684 1084 super
715 1001 979 1063 communitatem
1014 1019 1072 1082 pro
1097 1019 1163 1061 uon
1187 998 1356 1061 solucione
1380 998 1492 1059 dacio·

219 1133 290 1174 rum
315 1111 518 1188 devolutum,
542 1109 673 1171 Vrbano
697 1109 826 1170 literato
850 1106 918 1168 filio
936 1106 1065 1168 Thome
1090 1105 1331 1167 vicescolastico
1356 1117 1388 1166 et
1414 1124 1491 1166 con·

220 1218 280 1279 civi
306 1230 415 1278 nostro
441 1214 587 1277 vendidit
612 1229 768 1296 perpetuo
793 1211 1036 1295 possidendum.

325 1322 404 1384 ltem
429 1336 542 1403 quarta
575 1341 646 1403 pars
679 1320 847 1382 cuiusdam
872 1317 964 1381 fundi
996 1319 1089 1380 vacui
1114 1331 1146 1381 et
1177 1317 1336 1380 hedificiis
1360 1320 1492 1401 penitus

219 1430 380 1507 destituta,
413 1429 445 1488 in
470 1428 597 1489 civitate
629 1427 772 1508 predicta
803 1427 885 1488 inter
917 1425 1032 1487 domos
1064 1438 1096 1488 et
1123 1424 1241 1486 fundos
1272 1444 1309 1486 ac
1333 1424 1487 1488 hedificia

222 1534 352 1618 Mathye
377 1535 453 1596 dicti
479 1534 597 1595 Farkas
629 1547 660 1595 et
691 1533 821 1594 domine
847 1531 1022 1594 Katherine
1054 1531 1211 1594 consortis
1234 1551 1290 1592 sue
1325 1531 1428 1594 habiti
1454 1548 1486 1594 et

220 1642 393 1720 existentis,
419 1660 515 1701 unam
540 1639 690 1702 videlicet
711 1653 856 1701 octavam
882 1640 964 1700 inse
989 1639 1168 1717 continens,
1185 1639 1363 1701 Benedicto
1379 1638 1487 1720 jurato

219 1762 328 1809 nostro
357 1747 514 1809 moderno
538 1745 605 1807 filio
624 1745 791 1807 Michaelis
808 1765 865 1828 pro
890 1765 944 1806 sex
961 1745 1030 1806 flor.
1048 1745 1116 1806 auri
1141 1765 1198 1827 per
1215 1744 1364 1806 Vrsulam
1382 1744 1484 1807 filiam

218 1853 375 1915 Anthonii
392 1853 522 1914 textoris
539 1867 584 1914 est
600 1852 730 1913 vendita
751 1865 906 1934 perpetuo
923 1850 1128 1933 possidenda,
1147 1851 1243 1912 salvis
1256 1865 1365 1914 tamen
1382 1853 1485 1913 tribus

219 1959 362 2038 partibus
379 1957 523 2019 eiusdem
543 1956 645 2035 fundi,
667 1958 768 2019 tribus
793 1957 941 2019 videlicet
964 1958 1085 2018 octavis
1108 1957 1206 2036 curie,
1230 1977 1310 2038 quas
1335 1957 1484 2042 Mathyas

218 2063 339 2144 juratus
363 2078 464 2126 sartor
487 2062 571 2124 filius
597 2063 725 2146 Mathye
750 2064 926 2126 dinoscitur
950 2063 1125 2146 possidere.

325 2169 402 2230 ltem
428 2169 643 2231 communitas
674 2171 837 2250 quendam
862 2169 999 2231 fundum
1031 2188 1168 2231 vacuum
1192 2183 1224 2232 et
1248 2167 1408 2232 hedificiis
1432 2183 1486 2253 pe·

219 2276 303 2336 nitus
328 2276 517 2336 destitutum
542 2276 573 2336 in
599 2277 725 2338 civitate
756 2277 896 2358 predicta
921 2277 1003 2337 inter
1019 2276 1154 2338 domum
1178 2290 1338 2338 muratam
1363 2292 1395 2338 et
1412 2276 1484 2338 lun·

219 2382 296 2443 dum
323 2383 420 2444 Blasii
445 2383 640 2459 stacionarii,
664 2382 768 2462 jurati,
793 2384 935 2445 concivis
959 2384 1070 2462 nostri,
1094 2384 1134 2444 ab
1160 2403 1221 2444 una
1246 2397 1348 2465 parte,
1372 2386 1414 2446 ab
1439 2385 1483 2446 al·

217 2503 283 2550 tera
316 2509 392 2549 vero
425 2489 499 2550 Jure
534 2489 573 2550 de
607 2489 771 2571 llilculych
805 2504 835 2551 et
869 2489 1017 2571 Gregorii
1054 2490 1094 2550 de
1126 2489 1351 2552 Wlkomerich
1384 2511 1422 2553 ac
1453 2492 1484 2553 in

217 2610 367 2676 postergo
393 2595 509 2656 domus
533 2610 564 2655 et
588 2594 679 2656 fundi
698 2594 846 2676 Gregorii
871 2596 911 2657 de
932 2597 1056 2658 Nowak
1080 2596 1199 2674 habita,
1216 2616 1315 2658 unam
1335 2612 1484 2679 quartam

218 2701 304 2761 curie
330 2701 360 2761 in
385 2720 418 2762 se
443 2701 632 2779 continens,
666 2701 720 2782 qui
754 2701 892 2763 condam
919 2702 1095 2764 liberorum
1129 2702 1226 2764 Blasii
1252 2701 1481 2789 Chesanichyn

221 2805 382 2888 prefuerat
406 2822 436 2868 et
460 2827 555 2889 super
578 2808 842 2868 communitatem
860 2827 918 2889 pro
950 2827 1015 2869 non
1039 2808 1204 2870 solucione
1229 2808 1399 2870 daciorum
1417 2825 1483 2872 erat

224 2914 405 2992 devolutus,
431 2914 561 2974 Vrbano
586 2913 813 2977 Stanberchich
842 2913 909 2976 filio
941 2915 1074 2976 Fabiani
1110 2928 1220 2977 nostro
1256 2915 1383 2976 concivi
1408 2935 1482 2978 ven·

218 3018 299 3080 didit
322 3033 478 3101 perpetuo
503 3020 744 3101 possidendum.

323 3126 401 3188 ltem
428 3125 588 3208 Georgius
613 3128 750 3209 piscator
782 3125 867 3189 lilius
892 3127 1046 3209 Stephani
1078 3127 1182 3189 dictus
1207 3126 1410 3209 Gurgethek,
1434 3128 1479 3189 di·

218 3247 333 3295 rectam
360 3249 390 3295 et
414 3235 563 3315 equalem
588 3235 794 3296 medietatem
826 3235 993 3296 cuiusdam
1017 3234 1145 3313 domus,
1177 3232 1281 3312 fundi,
1306 3236 1417 3298 celarii
1452 3250 1481 3298 et

219 3338 442 3401 hedificiorum
466 3340 496 3402 in
523 3342 594 3402 vico
619 3355 729 3403 nostro
747 3341 896 3403 exteriori
920 3355 1066 3403 sutorum
1091 3342 1173 3403 inter
1197 3341 1315 3403 domos
1338 3343 1481 3405 virorum

217 3447 428 3529 providorum
452 3447 609 3508 Anthonii
641 3448 813 3530 arcuparis,
849 3450 889 3510 ab
914 3468 987 3528 una,
1012 3462 1102 3530 parte
1131 3449 1171 3510 ab
1196 3448 1294 3510 altera
1319 3469 1397 3511 vero
1421 3450 1480 3512 Va-

217 3554 331 3615 lentini
357 3555 489 3616 cultoris
505 3555 696 3615 successoris
718 3554 846 3616 Thome
866 3555 1027 3638 Krywych
1051 3555 1170 3634 habite,
1188 3557 1376 3638 porcionem
1394 3557 1479 3619 vide·

216 3661 290 3723 licet
315 3681 418 3738 suam,
442 3681 539 3722 unam
573 3675 720 3742 quartam
753 3662 838 3722 curie
863 3662 896 3722 in
928 3681 961 3722 se
991 3662 1221 3741 continentem,
1247 3661 1391 3744 Georgio
1417 3663 1480 3726 bal·

217 3769 339 3829 nestori
366 3769 451 3830 dicto
469 3767 632 3830 Wrabech
656 3766 723 3829 filio
749 3768 853 3829 Mauri
872 3788 930 3850 pro
948 3768 1062 3849 viginti
1087 3769 1231 3851 quinque
1248 3768 1318 3832 llor.
1336 3769 1482 3831 vendidit

216 3888 372 3955 perpetuo
398 3875 626 3955 possidendam
659 3894 696 3936 ex
721 3895 878 3936 consensu
911 3875 1092 3937 vicinorum
1125 3875 1345 3958 predictorum
1370 3890 1403 3938 et
1426 3877 1481 3938 do·

220 3980 299 4040 mini
325 3980 480 4041 Anthonii
505 3982 671 4062 presbiteri
696 3982 902 4043 medietatem
919 3982 1063 4044 eiusdem
1089 3982 1215 4061 domus,
1240 3980 1345 4062 fundi,
1370 3983 1479 4045 celarii

217 4100 248 4146 et
272 4085 507 4165 hedificiorum,
532 4108 630 4148 unam
655 4088 865 4150 consimiliter
882 4103 1028 4170 quartam
1058 4089 1144 4151 curie
1169 4089 1201 4150 in
1223 4109 1268 4168 se,
1285 4090 1482 4172 possidentis

216 4192 255 4252 de
279 4192 502 4274 permissione.

322 4299 399 4360 ltem
425 4299 580 4360 medietas
604 4301 770 4361 cuiusdam
805 4301 931 4380 domus,
956 4300 1059 4381 fundi,
1092 4301 1200 4363 celarii
1226 4302 1428 4365 subterranei
1452 4317 1481 4365 et

215 4403 439 4465 hedificiorum
463 4405 495 4465 in
513 4405 639 4467 civitate
658 4408 798 4488 predicta
822 4409 904 4469 inter
921 4408 1037 4469 domos
1062 4422 1092 4469 et
1118 4407 1236 4470 fundos
1252 4409 1382 4471 Nicolai
1399 4411 1480 4472 auri·

216 4509 308 4589 labri,
342 4530 378 4571 ex
403 4530 466 4571 una
498 4527 597 4593 parte,
622 4526 652 4573 et
677 4513 815 4575 Emerici
848 4515 977 4575 sartoris
1000 4529 1090 4597 parte
1122 4534 1160 4576 ex
1185 4515 1284 4577 altera
1317 4515 1427 4579 hahite
1451 4531 1482 4579 et

217 4617 389 4694 existentis,
416 4617 505 4678 cuius
529 4619 629 4680 eciam
656 4619 782 4698 domus,
815 4619 917 4697 fundi,
941 4621 1047 4682 celarii
1077 4635 1109 4684 et
1133 4619 1358 4684 hedificiorum
1385 4624 1480 4686 aliam

215 4723 421 4786 medietatem
439 4724 591 4786 dominus
616 4726 798 4808 Stephanus
815 4727 953 4788 Farcasii
979 4728 1154 4791 literatorie
1182 4727 1362 4792 dinoscitur
1379 4733 1481 4813 possi·

216 4829 300 4911 dere,
325 4851 388 4913 que
411 4845 477 4894 tota
503 4833 619 4894 domus
652 4833 791 4894 mediam
824 4833 945 4895 curiam
974 4835 1127 4915 continet,
1161 4835 1318 4898 medietas
1343 4851 1379 4900 ut
1410 4859 1481 4922 pre·
