<?xml version="1.0" encoding="UTF-8"?>
<!DOCTYPE html PUBLIC "-//W3C//DTD XHTML 1.0 Transitional//EN"
    "http://www.w3.org/TR/xhtml1/DTD/xhtml1-transitional.dtd">
<html xmlns="http://www.w3.org/1999/xhtml" xml:lang="en" lang="en">
 <head>
  <title>
</title>
<meta http-equiv="Content-Type" content="text/html;charset=utf-8" />
  <meta name='ocr-system' content='tesseract 3.04.00' />
  <meta name='ocr-capabilities' content='ocr_page ocr_carea ocr_par ocr_line ocrx_word'/>
</head>
<body>
  <div class='ocr_page' id='page_1' title='image "./monumentahistor17laszgoog_0129.png"; bbox 0 0 3142 5356; ppageno 0'>
   <div class='ocr_carea' id='block_1_1' title="bbox 148 505 1004 586">
    <p class='ocr_par' dir='ltr' id='par_1_1' title="bbox 148 505 1004 586">
     <span class='ocr_line' id='line_1_1' title="bbox 148 505 1004 586; baseline -0.004 -16"><span class='ocrx_word' id='word_1_1' title='bbox 148 505 189 570; x_wconf 82' lang='lat'><strong>82</strong></span> <span class='ocrx_word' id='word_1_2' title='bbox 560 511 645 567; x_wconf 80' lang='lat' dir='ltr'><em>Anno</em></span> <span class='ocrx_word' id='word_1_3' title='bbox 668 520 760 586; x_wconf 77' lang='lat'><em>1492.</em></span> <span class='ocrx_word' id='word_1_4' title='bbox 787 541 825 552; x_wconf 95' lang='lat'>—</span> <span class='ocrx_word' id='word_1_5' title='bbox 850 505 902 571; x_wconf 81' lang='lat'><strong>28.</strong></span> <span class='ocrx_word' id='word_1_6' title='bbox 919 505 1004 585; x_wconf 75' lang='lat' dir='ltr'><strong>Jiclr&#39;r&#39;.</strong></span> 
     </span>
    </p>
   </div>
   <div class='ocr_carea' id='block_1_2' title="bbox 147 719 1421 3570">
    <p class='ocr_par' dir='ltr' id='par_1_2' title="bbox 147 719 1421 2294">
     <span class='ocr_line' id='line_1_2' title="bbox 147 719 1414 804; baseline 0.001 -22"><span class='ocrx_word' id='word_1_7' title='bbox 147 734 262 803; x_wconf 82' lang='lat' dir='ltr'><strong>gentes</strong></span> <span class='ocrx_word' id='word_1_8' title='bbox 292 720 448 782; x_wconf 87' lang='lat' dir='ltr'><strong>coclearia</strong></span> <span class='ocrx_word' id='word_1_9' title='bbox 477 734 508 781; x_wconf 91' lang='lat' dir='ltr'><strong>et</strong></span> <span class='ocrx_word' id='word_1_10' title='bbox 524 719 667 802; x_wconf 80' lang='lat' dir='ltr'><strong>aliquam</strong></span> <span class='ocrx_word' id='word_1_11' title='bbox 684 740 845 783; x_wconf 87' lang='lat' dir='ltr'><strong>summam</strong></span> <span class='ocrx_word' id='word_1_12' title='bbox 864 720 1010 802; x_wconf 85' lang='lat' dir='ltr'>pecunie,</span> <span class='ocrx_word' id='word_1_13' title='bbox 1028 719 1101 781; x_wconf 89' lang='lat' dir='ltr'><strong>ideo</strong></span> <span class='ocrx_word' id='word_1_14' title='bbox 1118 720 1150 782; x_wconf 93' lang='lat' dir='ltr'><strong>in</strong></span> <span class='ocrx_word' id='word_1_15' title='bbox 1168 740 1414 804; x_wconf 84' lang='lat' dir='ltr'><strong>recompensam</strong></span> 
     </span>
     <span class='ocr_line' id='line_1_3' title="bbox 149 827 1414 910; baseline 0.001 -21"><span class='ocrx_word' id='word_1_16' title='bbox 149 847 262 889; x_wconf 90' lang='lat' dir='ltr'><strong>eorum</strong></span> <span class='ocrx_word' id='word_1_17' title='bbox 288 828 334 889; x_wconf 92' lang='lat' dir='ltr'><strong>nil</strong></span> <span class='ocrx_word' id='word_1_18' title='bbox 359 827 477 889; x_wconf 90' lang='lat' dir='ltr'><strong>habere</strong></span> <span class='ocrx_word' id='word_1_19' title='bbox 502 827 621 889; x_wconf 91' lang='lat' dir='ltr'><strong>debent</strong></span> <span class='ocrx_word' id='word_1_20' title='bbox 645 827 749 888; x_wconf 90' lang='lat' dir='ltr'><strong>dictus</strong></span> <span class='ocrx_word' id='word_1_21' title='bbox 767 827 950 910; x_wconf 86' lang='lat' dir='ltr'><strong>Stephanus</strong></span> <span class='ocrx_word' id='word_1_22' title='bbox 973 840 1004 888; x_wconf 89' lang='lat' dir='ltr'><strong>et</strong></span> <span class='ocrx_word' id='word_1_23' title='bbox 1028 846 1107 888; x_wconf 83' lang='lat' dir='ltr'><strong>uxor</strong></span> <span class='ocrx_word' id='word_1_24' title='bbox 1132 827 1278 889; x_wconf 89' lang='lat' dir='ltr'><strong>eiusdem</strong></span> <span class='ocrx_word' id='word_1_25' title='bbox 1297 828 1414 890; x_wconf 85' lang='lat' dir='ltr'><strong>Kathe·</strong></span> 
     </span>
     <span class='ocr_line' id='line_1_4' title="bbox 151 932 1418 1017; baseline 0.001 -22"><span class='ocrx_word' id='word_1_26' title='bbox 151 935 230 1012; x_wconf 90' lang='lat' dir='ltr'><strong>rins,</strong></span> <span class='ocrx_word' id='word_1_27' title='bbox 256 954 293 994; x_wconf 84' lang='lat' dir='ltr'><strong>ex</strong></span> <span class='ocrx_word' id='word_1_28' title='bbox 327 953 392 1015; x_wconf 93' lang='lat' dir='ltr'><strong>quo</strong></span> <span class='ocrx_word' id='word_1_29' title='bbox 418 933 502 995; x_wconf 92' lang='lat' dir='ltr'><strong>idem</strong></span> <span class='ocrx_word' id='word_1_30' title='bbox 537 932 718 1014; x_wconf 79' lang='lat' dir='ltr'><strong>Stephanus</strong></span> <span class='ocrx_word' id='word_1_31' title='bbox 751 933 946 996; x_wconf 86' lang='lat' dir='ltr'><strong>sullicienter</strong></span> <span class='ocrx_word' id='word_1_32' title='bbox 977 933 1131 1015; x_wconf 79' lang='lat' dir='ltr'><strong>expressit</strong></span> <span class='ocrx_word' id='word_1_33' title='bbox 1162 947 1193 996; x_wconf 91' lang='lat' dir='ltr'><strong>et</strong></span> <span class='ocrx_word' id='word_1_34' title='bbox 1217 934 1337 1014; x_wconf 81' lang='lat' dir='ltr'><strong>legavit</strong></span> <span class='ocrx_word' id='word_1_35' title='bbox 1361 953 1418 1017; x_wconf 91' lang='lat' dir='ltr'><strong>pro</strong></span> 
     </span>
     <span class='ocr_line' id='line_1_5' title="bbox 149 1039 1417 1122; baseline 0 -20"><span class='ocrx_word' id='word_1_36' title='bbox 149 1041 270 1102; x_wconf 90' lang='lat' dir='ltr'><strong>eisdem</strong></span> <span class='ocrx_word' id='word_1_37' title='bbox 303 1040 420 1102; x_wconf 90' lang='lat' dir='ltr'><strong>debitis</strong></span> <span class='ocrx_word' id='word_1_38' title='bbox 452 1039 636 1116; x_wconf 89' lang='lat' dir='ltr'><strong>solvendis;</strong></span> <span class='ocrx_word' id='word_1_39' title='bbox 661 1039 715 1100; x_wconf 92' lang='lat' dir='ltr'><strong>ubi</strong></span> <span class='ocrx_word' id='word_1_40' title='bbox 740 1053 847 1102; x_wconf 86' lang='lat' dir='ltr'><strong>autem</strong></span> <span class='ocrx_word' id='word_1_41' title='bbox 873 1039 960 1102; x_wconf 91' lang='lat' dir='ltr'><strong>idem</strong></span> <span class='ocrx_word' id='word_1_42' title='bbox 993 1039 1199 1102; x_wconf 82' lang='lat' dir='ltr'><strong>Sebastianus</strong></span> <span class='ocrx_word' id='word_1_43' title='bbox 1223 1040 1255 1101; x_wconf 92' lang='lat' dir='ltr'><strong>in</strong></span> <span class='ocrx_word' id='word_1_44' title='bbox 1281 1060 1417 1122; x_wconf 87' lang='lat' dir='ltr'><strong>persona</strong></span> 
     </span>
     <span class='ocr_line' id='line_1_6' title="bbox 150 1144 1414 1230; baseline 0.001 -22"><span class='ocrx_word' id='word_1_45' title='bbox 150 1149 259 1209; x_wconf 85' lang='lat' dir='ltr'><strong>uxoris</strong></span> <span class='ocrx_word' id='word_1_46' title='bbox 283 1166 338 1209; x_wconf 91' lang='lat' dir='ltr'><strong>sue</strong></span> <span class='ocrx_word' id='word_1_47' title='bbox 364 1146 538 1209; x_wconf 89' lang='lat' dir='ltr'><strong>Katherine</strong></span> <span class='ocrx_word' id='word_1_48' title='bbox 557 1144 694 1208; x_wconf 86' lang='lat' dir='ltr'><strong>antefate</strong></span> <span class='ocrx_word' id='word_1_49' title='bbox 713 1148 842 1230; x_wconf 90' lang='lat' dir='ltr'><strong>petebat</strong></span> <span class='ocrx_word' id='word_1_50' title='bbox 858 1146 1014 1228; x_wconf 90' lang='lat' dir='ltr'><strong>judicium</strong></span> <span class='ocrx_word' id='word_1_51' title='bbox 1032 1166 1069 1207; x_wconf 84' lang='lat' dir='ltr'><strong>ex</strong></span> <span class='ocrx_word' id='word_1_52' title='bbox 1092 1160 1181 1228; x_wconf 87' lang='lat' dir='ltr'><strong>parte</strong></span> <span class='ocrx_word' id='word_1_53' title='bbox 1198 1166 1306 1208; x_wconf 89' lang='lat' dir='ltr'><strong>rerum</strong></span> <span class='ocrx_word' id='word_1_54' title='bbox 1324 1167 1414 1229; x_wconf 83' lang='lat' dir='ltr'><strong>para·</strong></span> 
     </span>
     <span class='ocr_line' id='line_1_7' title="bbox 151 1252 1416 1336; baseline 0 -20"><span class='ocrx_word' id='word_1_55' title='bbox 151 1254 323 1317; x_wconf 85' lang='lat' dir='ltr'><strong>fernalium</strong></span> <span class='ocrx_word' id='word_1_56' title='bbox 348 1253 494 1316; x_wconf 91' lang='lat' dir='ltr'><strong>eiusdem</strong></span> <span class='ocrx_word' id='word_1_57' title='bbox 519 1253 765 1316; x_wconf 84' lang='lat' dir='ltr'><strong>Katherinede</strong></span> <span class='ocrx_word' id='word_1_58' title='bbox 793 1254 887 1316; x_wconf 91' lang='lat' dir='ltr'><strong>bonis</strong></span> <span class='ocrx_word' id='word_1_59' title='bbox 919 1252 1120 1315; x_wconf 86' lang='lat' dir='ltr'><strong>hereditariis</strong></span> <span class='ocrx_word' id='word_1_60' title='bbox 1150 1254 1346 1336; x_wconf 86' lang='lat' dir='ltr'><strong>prescriptis,</strong></span> <span class='ocrx_word' id='word_1_61' title='bbox 1370 1254 1416 1316; x_wconf 92' lang='lat' dir='ltr'><strong>uti</strong></span> 
     </span>
     <span class='ocr_line' id='line_1_8' title="bbox 150 1359 1418 1442; baseline 0 -19"><span class='ocrx_word' id='word_1_62' title='bbox 150 1362 311 1423; x_wconf 81' lang='lat' dir='ltr'><strong>asserebat</strong></span> <span class='ocrx_word' id='word_1_63' title='bbox 335 1360 440 1422; x_wconf 90' lang='lat' dir='ltr'><strong>eidem</strong></span> <span class='ocrx_word' id='word_1_64' title='bbox 470 1359 644 1422; x_wconf 87' lang='lat' dir='ltr'><strong>Katherine</strong></span> <span class='ocrx_word' id='word_1_65' title='bbox 672 1361 840 1442; x_wconf 92' lang='lat' dir='ltr'><strong>provenire</strong></span> <span class='ocrx_word' id='word_1_66' title='bbox 873 1359 1075 1438; x_wconf 89' lang='lat' dir='ltr'><strong>debentibus,</strong></span> <span class='ocrx_word' id='word_1_67' title='bbox 1100 1360 1143 1422; x_wconf 91' lang='lat' dir='ltr'><strong>ita</strong></span> <span class='ocrx_word' id='word_1_68' title='bbox 1167 1361 1358 1423; x_wconf 91' lang='lat' dir='ltr'><strong>conclusum</strong></span> <span class='ocrx_word' id='word_1_69' title='bbox 1383 1375 1418 1423; x_wconf 92' lang='lat' dir='ltr'><strong>et</strong></span> 
     </span>
     <span class='ocr_line' id='line_1_9' title="bbox 151 1466 1419 1549; baseline 0 -20"><span class='ocrx_word' id='word_1_70' title='bbox 151 1467 319 1529; x_wconf 92' lang='lat' dir='ltr'><strong>inventum</strong></span> <span class='ocrx_word' id='word_1_71' title='bbox 343 1479 400 1545; x_wconf 92' lang='lat' dir='ltr'><strong>est,</strong></span> <span class='ocrx_word' id='word_1_72' title='bbox 424 1486 462 1537; x_wconf 86' lang='lat' dir='ltr'><strong>ex</strong></span> <span class='ocrx_word' id='word_1_73' title='bbox 486 1485 553 1548; x_wconf 92' lang='lat' dir='ltr'><strong>quo</strong></span> <span class='ocrx_word' id='word_1_74' title='bbox 577 1466 774 1528; x_wconf 74' lang='lat' dir='ltr'><strong>consuetudo</strong></span> <span class='ocrx_word' id='word_1_75' title='bbox 792 1466 887 1529; x_wconf 92' lang='lat' dir='ltr'><strong>huius</strong></span> <span class='ocrx_word' id='word_1_76' title='bbox 909 1466 1044 1529; x_wconf 89' lang='lat' dir='ltr'><strong>civitatis</strong></span> <span class='ocrx_word' id='word_1_77' title='bbox 1061 1486 1227 1549; x_wconf 87' lang='lat' dir='ltr'><strong>nunquam</strong></span> <span class='ocrx_word' id='word_1_78' title='bbox 1253 1467 1285 1529; x_wconf 92' lang='lat' dir='ltr'><strong>id</strong></span> <span class='ocrx_word' id='word_1_79' title='bbox 1303 1467 1419 1530; x_wconf 87' lang='lat' dir='ltr'><strong>habuit</strong></span> 
     </span>
     <span class='ocr_line' id='line_1_10' title="bbox 150 1573 1416 1655; baseline 0.001 -20"><span class='ocrx_word' id='word_1_80' title='bbox 150 1593 209 1635; x_wconf 92' lang='lat' dir='ltr'><strong>nec</strong></span> <span class='ocrx_word' id='word_1_81' title='bbox 234 1592 389 1655; x_wconf 91' lang='lat' dir='ltr'><strong>umquam</strong></span> <span class='ocrx_word' id='word_1_82' title='bbox 413 1585 597 1654; x_wconf 87' lang='lat' dir='ltr'><strong>temporum</strong></span> <span class='ocrx_word' id='word_1_83' title='bbox 622 1573 792 1654; x_wconf 89' lang='lat' dir='ltr'><strong>quisquam</strong></span> <span class='ocrx_word' id='word_1_84' title='bbox 814 1587 1012 1635; x_wconf 85' lang='lat' dir='ltr'><strong>memoratur</strong></span> <span class='ocrx_word' id='word_1_85' title='bbox 1028 1573 1068 1635; x_wconf 91' lang='lat' dir='ltr'><strong>de</strong></span> <span class='ocrx_word' id='word_1_86' title='bbox 1093 1573 1200 1635; x_wconf 89' lang='lat' dir='ltr'><strong>dando</strong></span> <span class='ocrx_word' id='word_1_87' title='bbox 1225 1573 1416 1636; x_wconf 90' lang='lat' dir='ltr'><strong>huiusmodi</strong></span> 
     </span>
     <span class='ocr_line' id='line_1_11' title="bbox 150 1676 1421 1762; baseline 0.002 -21"><span class='ocrx_word' id='word_1_88' title='bbox 150 1681 245 1741; x_wconf 89' lang='lat' dir='ltr'><strong>rebus</strong></span> <span class='ocrx_word' id='word_1_89' title='bbox 275 1676 541 1761; x_wconf 89' lang='lat' dir='ltr'><strong>paralernalibus,</strong></span> <span class='ocrx_word' id='word_1_90' title='bbox 575 1697 673 1760; x_wconf 88' lang='lat' dir='ltr'><strong>quare</strong></span> <span class='ocrx_word' id='word_1_91' title='bbox 706 1698 763 1760; x_wconf 92' lang='lat' dir='ltr'><strong>pro</strong></span> <span class='ocrx_word' id='word_1_92' title='bbox 788 1679 834 1740; x_wconf 89' lang='lat' dir='ltr'><strong>eis</strong></span> <span class='ocrx_word' id='word_1_93' title='bbox 866 1698 931 1741; x_wconf 91' lang='lat' dir='ltr'><strong>non</strong></span> <span class='ocrx_word' id='word_1_94' title='bbox 963 1680 1059 1740; x_wconf 89' lang='lat' dir='ltr'><strong>debet</strong></span> <span class='ocrx_word' id='word_1_95' title='bbox 1091 1679 1209 1743; x_wconf 88' lang='lat' dir='ltr'><strong>babere</strong></span> <span class='ocrx_word' id='word_1_96' title='bbox 1234 1680 1421 1762; x_wconf 82' lang='lat' dir='ltr'><strong>quitquam,</strong></span> 
     </span>
     <span class='ocr_line' id='line_1_12' title="bbox 149 1783 1420 1867; baseline 0.001 -20"><span class='ocrx_word' id='word_1_97' title='bbox 149 1785 205 1847; x_wconf 90' lang='lat' dir='ltr'><strong>sed</strong></span> <span class='ocrx_word' id='word_1_98' title='bbox 230 1805 289 1867; x_wconf 93' lang='lat' dir='ltr'><strong>pro</strong></span> <span class='ocrx_word' id='word_1_99' title='bbox 314 1786 362 1847; x_wconf 88' lang='lat' dir='ltr'><strong>his</strong></span> <span class='ocrx_word' id='word_1_100' title='bbox 386 1783 467 1847; x_wconf 84' lang='lat' dir='ltr'><strong>forte</strong></span> <span class='ocrx_word' id='word_1_101' title='bbox 493 1785 537 1847; x_wconf 92' lang='lat' dir='ltr'><strong>uti</strong></span> <span class='ocrx_word' id='word_1_102' title='bbox 555 1784 773 1846; x_wconf 91' lang='lat' dir='ltr'><strong>verisimiliter</strong></span> <span class='ocrx_word' id='word_1_103' title='bbox 797 1785 860 1846; x_wconf 92' lang='lat' dir='ltr'><strong>dici</strong></span> <span class='ocrx_word' id='word_1_104' title='bbox 877 1799 983 1867; x_wconf 89' lang='lat' dir='ltr'><strong>potest</strong></span> <span class='ocrx_word' id='word_1_105' title='bbox 1007 1786 1092 1847; x_wconf 87' lang='lat' dir='ltr'><strong>bona</strong></span> <span class='ocrx_word' id='word_1_106' title='bbox 1109 1785 1243 1847; x_wconf 88' lang='lat' dir='ltr'><strong>mobilia</strong></span> <span class='ocrx_word' id='word_1_107' title='bbox 1270 1787 1420 1849; x_wconf 88' lang='lat' dir='ltr'><strong>universa</strong></span> 
     </span>
     <span class='ocr_line' id='line_1_13' title="bbox 151 1891 1418 1975; baseline 0.001 -21"><span class='ocrx_word' id='word_1_108' title='bbox 151 1893 255 1955; x_wconf 91' lang='lat' dir='ltr'><strong>mariti</strong></span> <span class='ocrx_word' id='word_1_109' title='bbox 281 1893 330 1953; x_wconf 91' lang='lat' dir='ltr'><strong>sui</strong></span> <span class='ocrx_word' id='word_1_110' title='bbox 355 1892 461 1953; x_wconf 87' lang='lat' dir='ltr'><strong>eidem</strong></span> <span class='ocrx_word' id='word_1_111' title='bbox 486 1891 599 1953; x_wconf 87' lang='lat' dir='ltr'><strong>cedere</strong></span> <span class='ocrx_word' id='word_1_112' title='bbox 624 1891 774 1954; x_wconf 90' lang='lat' dir='ltr'><strong>videntur</strong></span> <span class='ocrx_word' id='word_1_113' title='bbox 798 1905 829 1953; x_wconf 94' lang='lat' dir='ltr'><strong>et</strong></span> <span class='ocrx_word' id='word_1_114' title='bbox 852 1891 1004 1970; x_wconf 89' lang='lat' dir='ltr'><strong>debeant,</strong></span> <span class='ocrx_word' id='word_1_115' title='bbox 1027 1891 1113 1953; x_wconf 90' lang='lat' dir='ltr'><strong>unde</strong></span> <span class='ocrx_word' id='word_1_116' title='bbox 1138 1909 1169 1954; x_wconf 89' lang='lat' dir='ltr'><strong>et</strong></span> <span class='ocrx_word' id='word_1_117' title='bbox 1193 1893 1261 1975; x_wconf 91' lang='lat' dir='ltr'><strong>ipse</strong></span> <span class='ocrx_word' id='word_1_118' title='bbox 1279 1893 1418 1955; x_wconf 88' lang='lat' dir='ltr'><strong>condam</strong></span> 
     </span>
     <span class='ocr_line' id='line_1_14' title="bbox 153 1999 1418 2082; baseline 0.001 -20"><span class='ocrx_word' id='word_1_119' title='bbox 153 1999 334 2082; x_wconf 88' lang='lat' dir='ltr'><strong>Stephanus</strong></span> <span class='ocrx_word' id='word_1_120' title='bbox 358 1999 390 2060; x_wconf 93' lang='lat' dir='ltr'><strong>in</strong></span> <span class='ocrx_word' id='word_1_121' title='bbox 415 2012 607 2061; x_wconf 88' lang='lat' dir='ltr'><strong>testamento</strong></span> <span class='ocrx_word' id='word_1_122' title='bbox 631 2018 689 2060; x_wconf 92' lang='lat' dir='ltr'><strong>suo</strong></span> <span class='ocrx_word' id='word_1_123' title='bbox 708 2011 878 2080; x_wconf 89' lang='lat' dir='ltr'><strong>prenotato</strong></span> <span class='ocrx_word' id='word_1_124' title='bbox 895 1999 1004 2061; x_wconf 90' lang='lat' dir='ltr'><strong>omnis</strong></span> <span class='ocrx_word' id='word_1_125' title='bbox 1030 2001 1113 2061; x_wconf 94' lang='lat' dir='ltr'><strong>bona</strong></span> <span class='ocrx_word' id='word_1_126' title='bbox 1140 2000 1274 2062; x_wconf 83' lang='lat' dir='ltr'><strong>mobilia</strong></span> <span class='ocrx_word' id='word_1_127' title='bbox 1298 2014 1331 2064; x_wconf 88' lang='lat' dir='ltr'><strong>et</strong></span> <span class='ocrx_word' id='word_1_128' title='bbox 1354 2001 1418 2063; x_wconf 93' lang='lat' dir='ltr'><strong>cle·</strong></span> 
     </span>
     <span class='ocr_line' id='line_1_15' title="bbox 151 2104 1418 2190; baseline 0.001 -22"><span class='ocrx_word' id='word_1_129' title='bbox 151 2107 249 2168; x_wconf 90' lang='lat' dir='ltr'><strong>nodia</strong></span> <span class='ocrx_word' id='word_1_130' title='bbox 275 2106 358 2167; x_wconf 89' lang='lat' dir='ltr'><strong>dicte</strong></span> <span class='ocrx_word' id='word_1_131' title='bbox 380 2104 555 2167; x_wconf 85' lang='lat' dir='ltr'><strong>Karberine</strong></span> <span class='ocrx_word' id='word_1_132' title='bbox 580 2105 670 2166; x_wconf 84' lang='lat' dir='ltr'><strong>uxori</strong></span> <span class='ocrx_word' id='word_1_133' title='bbox 699 2125 755 2167; x_wconf 88' lang='lat' dir='ltr'><strong>sue</strong></span> <span class='ocrx_word' id='word_1_134' title='bbox 779 2105 901 2188; x_wconf 81' lang='lat' dir='ltr'><strong>legasse</strong></span> <span class='ocrx_word' id='word_1_135' title='bbox 918 2107 1112 2184; x_wconf 88' lang='lat' dir='ltr'><strong>dinoscitur;</strong></span> <span class='ocrx_word' id='word_1_136' title='bbox 1135 2127 1208 2169; x_wconf 91' lang='lat' dir='ltr'><strong>cum</strong></span> <span class='ocrx_word' id='word_1_137' title='bbox 1233 2108 1353 2189; x_wconf 88' lang='lat' dir='ltr'><strong>quibus</strong></span> <span class='ocrx_word' id='word_1_138' title='bbox 1369 2108 1418 2190; x_wconf 88' lang='lat' dir='ltr'><strong>ju·</strong></span> 
     </span>
     <span class='ocr_line' id='line_1_16' title="bbox 151 2212 1092 2294; baseline 0.002 -20"><span class='ocrx_word' id='word_1_139' title='bbox 151 2213 482 2274; x_wconf 90' lang='lat' dir='ltr'><strong>diciis.contentatam</strong></span> <span class='ocrx_word' id='word_1_140' title='bbox 508 2231 575 2274; x_wconf 90' lang='lat' dir='ltr'><strong>esse</strong></span> <span class='ocrx_word' id='word_1_141' title='bbox 600 2212 749 2273; x_wconf 83' lang='lat' dir='ltr'><strong>dixerunt</strong></span> <span class='ocrx_word' id='word_1_142' title='bbox 773 2227 803 2274; x_wconf 88' lang='lat' dir='ltr'><strong>et</strong></span> <span class='ocrx_word' id='word_1_143' title='bbox 827 2213 1092 2294; x_wconf 75' lang='lat' dir='ltr'><strong>pronunciatum.</strong></span> 
     </span>
    </p>

    <p class='ocr_par' dir='ltr' id='par_1_3' title="bbox 149 2319 1421 3570">
     <span class='ocr_line' id='line_1_17' title="bbox 257 2319 1420 2401; baseline 0.001 -20"><span class='ocrx_word' id='word_1_144' title='bbox 257 2319 290 2381; x_wconf 94' lang='lat' dir='ltr'><strong>ln</strong></span> <span class='ocrx_word' id='word_1_145' title='bbox 316 2339 410 2381; x_wconf 86' lang='lat' dir='ltr'><strong>causa</strong></span> <span class='ocrx_word' id='word_1_146' title='bbox 427 2338 504 2381; x_wconf 90' lang='lat' dir='ltr'><strong>vero</strong></span> <span class='ocrx_word' id='word_1_147' title='bbox 522 2338 585 2401; x_wconf 89' lang='lat' dir='ltr'><strong>que</strong></span> <span class='ocrx_word' id='word_1_148' title='bbox 610 2320 791 2381; x_wconf 89' lang='lat' dir='ltr'><strong>vertebatur</strong></span> <span class='ocrx_word' id='word_1_149' title='bbox 809 2320 891 2381; x_wconf 89' lang='lat' dir='ltr'><strong>inter</strong></span> <span class='ocrx_word' id='word_1_150' title='bbox 915 2320 1020 2382; x_wconf 88' lang='lat' dir='ltr'><strong>Jursse</strong></span> <span class='ocrx_word' id='word_1_151' title='bbox 1039 2320 1117 2382; x_wconf 89' lang='lat' dir='ltr'><strong>alias</strong></span> <span class='ocrx_word' id='word_1_152' title='bbox 1133 2320 1300 2382; x_wconf 87' lang='lat' dir='ltr'><strong>concivem</strong></span> <span class='ocrx_word' id='word_1_153' title='bbox 1320 2319 1420 2383; x_wconf 85' lang='lat' dir='ltr'><strong>huius</strong></span> 
     </span>
     <span class='ocr_line' id='line_1_18' title="bbox 150 2425 1418 2509; baseline 0.002 -22"><span class='ocrx_word' id='word_1_154' title='bbox 150 2425 286 2487; x_wconf 90' lang='lat' dir='ltr'><strong>civitatis</strong></span> <span class='ocrx_word' id='word_1_155' title='bbox 310 2445 395 2486; x_wconf 89' lang='lat' dir='ltr'><strong>nunc</strong></span> <span class='ocrx_word' id='word_1_156' title='bbox 419 2445 496 2487; x_wconf 92' lang='lat' dir='ltr'><strong>vero</strong></span> <span class='ocrx_word' id='word_1_157' title='bbox 528 2426 630 2487; x_wconf 91' lang='lat' dir='ltr'><strong>civem</strong></span> <span class='ocrx_word' id='word_1_158' title='bbox 664 2426 703 2487; x_wconf 91' lang='lat' dir='ltr'><strong>de</strong></span> <span class='ocrx_word' id='word_1_159' title='bbox 735 2427 897 2488; x_wconf 90' lang='lat' dir='ltr'><strong>Zamobor</strong></span> <span class='ocrx_word' id='word_1_160' title='bbox 925 2441 956 2489; x_wconf 90' lang='lat' dir='ltr'><strong>et</strong></span> <span class='ocrx_word' id='word_1_161' title='bbox 987 2427 1195 2488; x_wconf 89' lang='lat' dir='ltr'><strong>Valentinum</strong></span> <span class='ocrx_word' id='word_1_162' title='bbox 1220 2425 1418 2509; x_wconf 81' lang='lat' dir='ltr'><strong>freniparem</strong></span> 
     </span>
     <span class='ocr_line' id='line_1_19' title="bbox 150 2530 1419 2614; baseline 0.002 -22"><span class='ocrx_word' id='word_1_163' title='bbox 150 2531 229 2592; x_wconf 91' lang='lat' dir='ltr'><strong>alias</strong></span> <span class='ocrx_word' id='word_1_164' title='bbox 252 2530 392 2611; x_wconf 90' lang='lat' dir='ltr'><strong>judicem</strong></span> <span class='ocrx_word' id='word_1_165' title='bbox 418 2531 546 2593; x_wconf 87' lang='lat' dir='ltr'><strong>racione</strong></span> <span class='ocrx_word' id='word_1_166' title='bbox 571 2546 601 2593; x_wconf 93' lang='lat' dir='ltr'><strong>et</strong></span> <span class='ocrx_word' id='word_1_167' title='bbox 626 2545 769 2614; x_wconf 85' lang='lat' dir='ltr'><strong>pretextu</strong></span> <span class='ocrx_word' id='word_1_168' title='bbox 795 2532 962 2594; x_wconf 90' lang='lat' dir='ltr'><strong>cuiusdam</strong></span> <span class='ocrx_word' id='word_1_169' title='bbox 987 2532 1279 2611; x_wconf 86' lang='lat' dir='ltr'><strong>dehonestacionis,</strong></span> <span class='ocrx_word' id='word_1_170' title='bbox 1304 2536 1419 2596; x_wconf 90' lang='lat' dir='ltr'><strong>verbe-</strong></span> 
     </span>
     <span class='ocr_line' id='line_1_20' title="bbox 151 2637 1421 2720; baseline 0.002 -22"><span class='ocrx_word' id='word_1_171' title='bbox 151 2638 288 2699; x_wconf 87' lang='lat' dir='ltr'><strong>racionis</strong></span> <span class='ocrx_word' id='word_1_172' title='bbox 312 2652 343 2699; x_wconf 91' lang='lat' dir='ltr'><strong>et</strong></span> <span class='ocrx_word' id='word_1_173' title='bbox 368 2637 557 2718; x_wconf 84' lang='lat' dir='ltr'><strong>injuriarum</strong></span> <span class='ocrx_word' id='word_1_174' title='bbox 580 2657 636 2720; x_wconf 92' lang='lat' dir='ltr'><strong>per</strong></span> <span class='ocrx_word' id='word_1_175' title='bbox 660 2658 734 2699; x_wconf 90' lang='lat' dir='ltr'><strong>eum</strong></span> <span class='ocrx_word' id='word_1_176' title='bbox 760 2639 968 2700; x_wconf 91' lang='lat' dir='ltr'><strong>Valentinum</strong></span> <span class='ocrx_word' id='word_1_177' title='bbox 1000 2652 1148 2720; x_wconf 86' lang='lat' dir='ltr'><strong>tempore</strong></span> <span class='ocrx_word' id='word_1_178' title='bbox 1174 2639 1222 2701; x_wconf 90' lang='lat' dir='ltr'><strong>sui</strong></span> <span class='ocrx_word' id='word_1_179' title='bbox 1247 2638 1421 2720; x_wconf 89' lang='lat' dir='ltr'><strong>judicatus,</strong></span> 
     </span>
     <span class='ocr_line' id='line_1_21' title="bbox 149 2744 1419 2827; baseline 0.003 -23"><span class='ocrx_word' id='word_1_180' title='bbox 149 2758 245 2825; x_wconf 91' lang='lat' dir='ltr'><strong>prout</strong></span> <span class='ocrx_word' id='word_1_181' title='bbox 270 2744 336 2825; x_wconf 90' lang='lat' dir='ltr'><strong>ipse</strong></span> <span class='ocrx_word' id='word_1_182' title='bbox 362 2744 451 2805; x_wconf 88' lang='lat' dir='ltr'><strong>Jurse</strong></span> <span class='ocrx_word' id='word_1_183' title='bbox 476 2752 645 2822; x_wconf 88' lang='lat' dir='ltr'><strong>asserebat,</strong></span> <span class='ocrx_word' id='word_1_184' title='bbox 671 2744 844 2823; x_wconf 87' lang='lat' dir='ltr'><strong>illatarum,</strong></span> <span class='ocrx_word' id='word_1_185' title='bbox 868 2745 923 2806; x_wconf 92' lang='lat' dir='ltr'><strong>ubi</strong></span> <span class='ocrx_word' id='word_1_186' title='bbox 957 2744 1070 2827; x_wconf 83' lang='lat' dir='ltr'><strong>prelati</strong></span> <span class='ocrx_word' id='word_1_187' title='bbox 1095 2744 1217 2827; x_wconf 86' lang='lat' dir='ltr'><strong>judices</strong></span> <span class='ocrx_word' id='word_1_188' title='bbox 1240 2745 1419 2827; x_wconf 86' lang='lat' dir='ltr'><strong>supradicti</strong></span> 
     </span>
     <span class='ocr_line' id='line_1_22' title="bbox 150 2850 1420 2934; baseline 0.002 -22"><span class='ocrx_word' id='word_1_189' title='bbox 150 2851 269 2914; x_wconf 88' lang='lat' dir='ltr'><strong>auditis</strong></span> <span class='ocrx_word' id='word_1_190' title='bbox 293 2850 368 2912; x_wconf 87' lang='lat' dir='ltr'><strong>hinc</strong></span> <span class='ocrx_word' id='word_1_191' title='bbox 392 2850 466 2911; x_wconf 88' lang='lat' dir='ltr'><strong>inde</strong></span> <span class='ocrx_word' id='word_1_192' title='bbox 497 2851 778 2932; x_wconf 91' lang='lat' dir='ltr'><strong>proposicionibus</strong></span> <span class='ocrx_word' id='word_1_193' title='bbox 811 2866 841 2913; x_wconf 91' lang='lat' dir='ltr'><strong>et</strong></span> <span class='ocrx_word' id='word_1_194' title='bbox 873 2851 1128 2933; x_wconf 82' lang='lat' dir='ltr'><strong>allegacionibus</strong></span> <span class='ocrx_word' id='word_1_195' title='bbox 1159 2852 1303 2934; x_wconf 88' lang='lat' dir='ltr'><strong>parcium</strong></span> <span class='ocrx_word' id='word_1_196' title='bbox 1330 2872 1420 2914; x_wconf 91' lang='lat' dir='ltr'><strong>sum·</strong></span> 
     </span>
     <span class='ocr_line' id='line_1_23' title="bbox 152 2955 1419 3040; baseline 0.002 -22"><span class='ocrx_word' id='word_1_197' title='bbox 152 2957 253 3018; x_wconf 90' lang='lat' dir='ltr'><strong>marie</strong></span> <span class='ocrx_word' id='word_1_198' title='bbox 279 2957 490 3018; x_wconf 88' lang='lat' dir='ltr'><strong>decreverunt</strong></span> <span class='ocrx_word' id='word_1_199' title='bbox 506 2969 537 3018; x_wconf 88' lang='lat' dir='ltr'><strong>et</strong></span> <span class='ocrx_word' id='word_1_200' title='bbox 553 2955 785 3037; x_wconf 88' lang='lat' dir='ltr'><strong>judicaverunt,</strong></span> <span class='ocrx_word' id='word_1_201' title='bbox 811 2958 898 3038; x_wconf 92' lang='lat' dir='ltr'><strong>quod</strong></span> <span class='ocrx_word' id='word_1_202' title='bbox 923 2957 1002 3039; x_wconf 91' lang='lat' dir='ltr'><strong>quid</strong></span> <span class='ocrx_word' id='word_1_203' title='bbox 1020 2957 1087 3040; x_wconf 89' lang='lat' dir='ltr'><strong>ipse</strong></span> <span class='ocrx_word' id='word_1_204' title='bbox 1104 2957 1295 3019; x_wconf 87' lang='lat' dir='ltr'><strong>Valentinus</strong></span> <span class='ocrx_word' id='word_1_205' title='bbox 1319 2977 1419 3040; x_wconf 85' lang='lat' dir='ltr'><strong>super</strong></span> 
     </span>
     <span class='ocr_line' id='line_1_24' title="bbox 151 3061 1420 3145; baseline 0.002 -20"><span class='ocrx_word' id='word_1_206' title='bbox 151 3064 290 3125; x_wconf 92' lang='lat' dir='ltr'><strong>eundem</strong></span> <span class='ocrx_word' id='word_1_207' title='bbox 321 3064 410 3124; x_wconf 87' lang='lat' dir='ltr'><strong>Jurse</strong></span> <span class='ocrx_word' id='word_1_208' title='bbox 436 3063 712 3145; x_wconf 89' lang='lat' dir='ltr'><strong>qualitercumque</strong></span> <span class='ocrx_word' id='word_1_209' title='bbox 737 3061 860 3126; x_wconf 85' lang='lat' dir='ltr'><strong>fecisset</strong></span> <span class='ocrx_word' id='word_1_210' title='bbox 892 3085 930 3126; x_wconf 82' lang='lat' dir='ltr'><strong>ex</strong></span> <span class='ocrx_word' id='word_1_211' title='bbox 955 3084 1019 3145; x_wconf 93' lang='lat' dir='ltr'><strong>quo</strong></span> <span class='ocrx_word' id='word_1_212' title='bbox 1052 3064 1203 3126; x_wconf 87' lang='lat' dir='ltr'><strong>habuita</strong></span> <span class='ocrx_word' id='word_1_213' title='bbox 1237 3078 1303 3126; x_wconf 90' lang='lat' dir='ltr'><strong>tota</strong></span> <span class='ocrx_word' id='word_1_214' title='bbox 1328 3085 1420 3127; x_wconf 90' lang='lat' dir='ltr'><strong>com·</strong></span> 
     </span>
     <span class='ocr_line' id='line_1_25' title="bbox 150 3168 1420 3252; baseline 0.002 -21"><span class='ocrx_word' id='word_1_215' title='bbox 150 3170 308 3231; x_wconf 88' lang='lat' dir='ltr'><strong>munitate</strong></span> <span class='ocrx_word' id='word_1_216' title='bbox 332 3169 392 3230; x_wconf 91' lang='lat' dir='ltr'><strong>sibi</strong></span> <span class='ocrx_word' id='word_1_217' title='bbox 411 3169 598 3250; x_wconf 89' lang='lat' dir='ltr'><strong>premissam</strong></span> <span class='ocrx_word' id='word_1_218' title='bbox 623 3168 807 3231; x_wconf 78' lang='lat' dir='ltr'><strong>facultatem</strong></span> <span class='ocrx_word' id='word_1_219' title='bbox 832 3169 981 3250; x_wconf 83' lang='lat' dir='ltr'><strong>faciendi,</strong></span> <span class='ocrx_word' id='word_1_220' title='bbox 1004 3184 1134 3252; x_wconf 89' lang='lat' dir='ltr'><strong>propter</strong></span> <span class='ocrx_word' id='word_1_221' title='bbox 1157 3170 1420 3233; x_wconf 90' lang='lat' dir='ltr'><strong>inobedieneiam</strong></span> 
     </span>
     <span class='ocr_line' id='line_1_26' title="bbox 151 3274 1420 3360; baseline 0.002 -22"><span class='ocrx_word' id='word_1_222' title='bbox 151 3277 295 3338; x_wconf 91' lang='lat' dir='ltr'><strong>eiusdem</strong></span> <span class='ocrx_word' id='word_1_223' title='bbox 321 3277 426 3337; x_wconf 88' lang='lat' dir='ltr'><strong>Jursse</strong></span> <span class='ocrx_word' id='word_1_224' title='bbox 452 3274 525 3337; x_wconf 84' lang='lat' dir='ltr'><strong>lecit</strong></span> <span class='ocrx_word' id='word_1_225' title='bbox 549 3289 580 3336; x_wconf 88' lang='lat' dir='ltr'><strong>et</strong></span> <span class='ocrx_word' id='word_1_226' title='bbox 604 3276 731 3355; x_wconf 90' lang='lat' dir='ltr'><strong>merito,</strong></span> <span class='ocrx_word' id='word_1_227' title='bbox 756 3276 830 3337; x_wconf 91' lang='lat' dir='ltr'><strong>ideo</strong></span> <span class='ocrx_word' id='word_1_228' title='bbox 855 3276 960 3338; x_wconf 93' lang='lat' dir='ltr'><strong>eidem</strong></span> <span class='ocrx_word' id='word_1_229' title='bbox 986 3277 1091 3337; x_wconf 88' lang='lat' dir='ltr'><strong>Jursse</strong></span> <span class='ocrx_word' id='word_1_230' title='bbox 1117 3277 1149 3338; x_wconf 91' lang='lat' dir='ltr'><strong>in</strong></span> <span class='ocrx_word' id='word_1_231' title='bbox 1167 3277 1319 3338; x_wconf 91' lang='lat' dir='ltr'><strong>omnibus</strong></span> <span class='ocrx_word' id='word_1_232' title='bbox 1348 3297 1420 3360; x_wconf 90' lang='lat' dir='ltr'><strong>per·</strong></span> 
     </span>
     <span class='ocr_line' id='line_1_27' title="bbox 151 3381 1421 3466; baseline 0.002 -22"><span class='ocrx_word' id='word_1_233' title='bbox 151 3396 284 3466; x_wconf 89' lang='lat' dir='ltr'><strong>petuum</strong></span> <span class='ocrx_word' id='word_1_234' title='bbox 321 3382 488 3443; x_wconf 90' lang='lat' dir='ltr'><strong>silencium</strong></span> <span class='ocrx_word' id='word_1_235' title='bbox 523 3381 763 3463; x_wconf 90' lang='lat' dir='ltr'><strong>imposuerunt,</strong></span> <span class='ocrx_word' id='word_1_236' title='bbox 796 3384 1000 3463; x_wconf 90' lang='lat' dir='ltr'><strong>eundemque</strong></span> <span class='ocrx_word' id='word_1_237' title='bbox 1034 3383 1242 3445; x_wconf 89' lang='lat' dir='ltr'><strong>Valentinum</strong></span> <span class='ocrx_word' id='word_1_238' title='bbox 1278 3382 1421 3447; x_wconf 92' lang='lat' dir='ltr'><strong>liberum</strong></span> 
     </span>
     <span class='ocr_line' id='line_1_28' title="bbox 151 3487 1013 3570; baseline 0.002 -20"><span class='ocrx_word' id='word_1_239' title='bbox 151 3489 399 3564; x_wconf 81' lang='lat' dir='ltr'><strong>commiserunt3</strong></span> <span class='ocrx_word' id='word_1_240' title='bbox 432 3487 486 3548; x_wconf 94' lang='lat' dir='ltr'><strong>ubi</strong></span> <span class='ocrx_word' id='word_1_241' title='bbox 510 3490 603 3549; x_wconf 87' lang='lat' dir='ltr'><strong>ambe</strong></span> <span class='ocrx_word' id='word_1_242' title='bbox 627 3502 732 3570; x_wconf 90' lang='lat' dir='ltr'><strong>partes</strong></span> <span class='ocrx_word' id='word_1_243' title='bbox 757 3503 906 3551; x_wconf 90' lang='lat' dir='ltr'><strong>contente</strong></span> <span class='ocrx_word' id='word_1_244' title='bbox 931 3505 1013 3552; x_wconf 87' lang='lat' dir='ltr'><strong>sunt.</strong></span> 
     </span>
    </p>
   </div>
   <div class='ocr_carea' id='block_1_3' title="bbox 283 3654 1279 3747">
    <p class='ocr_par' dir='ltr' id='par_1_4' title="bbox 283 3654 1279 3747">
     <span class='ocr_line' id='line_1_29' title="bbox 283 3654 1279 3747; baseline 0.003 -20"><span class='ocrx_word' id='word_1_245' title='bbox 283 3654 379 3727; x_wconf 86' lang='lat' dir='ltr'><strong>Feria</strong></span> <span class='ocrx_word' id='word_1_246' title='bbox 408 3657 552 3727; x_wconf 87' lang='lat' dir='ltr'><strong>secunda</strong></span> <span class='ocrx_word' id='word_1_247' title='bbox 581 3667 659 3728; x_wconf 88' lang='lat' dir='ltr'><strong>ante</strong></span> <span class='ocrx_word' id='word_1_248' title='bbox 697 3656 819 3728; x_wconf 85' lang='lat' dir='ltr'><strong>festum</strong></span> <span class='ocrx_word' id='word_1_249' title='bbox 854 3656 941 3728; x_wconf 84' lang='lat' dir='ltr'><strong>beati</strong></span> <span class='ocrx_word' id='word_1_250' title='bbox 970 3657 1089 3747; x_wconf 78' lang='lat' dir='ltr'><strong>jacobi</strong></span> <span class='ocrx_word' id='word_1_251' title='bbox 1121 3656 1279 3745; x_wconf 85' lang='lat' dir='ltr'><strong>apostoli.</strong></span> 
     </span>
    </p>
   </div>
   <div class='ocr_carea' id='block_1_4' title="bbox 149 3793 1421 4528">
    <p class='ocr_par' dir='ltr' id='par_1_5' title="bbox 684 3793 863 3869">
     <span class='ocr_line' id='line_1_30' title="bbox 684 3793 863 3869; baseline 0.006 -20"><span class='ocrx_word' id='word_1_252' title='bbox 684 3793 747 3869; x_wconf 77' lang='lat'><strong>(23.</strong></span> <span class='ocrx_word' id='word_1_253' title='bbox 763 3794 863 3868; x_wconf 80' lang='lat' dir='ltr'><strong>julii).</strong></span> 
     </span>
    </p>

    <p class='ocr_par' dir='ltr' id='par_1_6' title="bbox 149 3912 1421 4528">
     <span class='ocr_line' id='line_1_31' title="bbox 256 3912 1420 3999; baseline 0.006 -26"><span class='ocrx_word' id='word_1_254' title='bbox 256 3912 446 3974; x_wconf 89' lang='lat' dir='ltr'><strong>Dominicus</strong></span> <span class='ocrx_word' id='word_1_255' title='bbox 479 3912 652 3996; x_wconf 86' lang='lat' dir='ltr'><strong>Perowych</strong></span> <span class='ocrx_word' id='word_1_256' title='bbox 687 3914 794 3974; x_wconf 87' lang='lat' dir='ltr'><strong>senior</strong></span> <span class='ocrx_word' id='word_1_257' title='bbox 825 3913 920 3994; x_wconf 85' lang='lat' dir='ltr'><strong>judex</strong></span> <span class='ocrx_word' id='word_1_258' title='bbox 950 3931 1056 3976; x_wconf 87' lang='lat' dir='ltr'><strong>noster</strong></span> <span class='ocrx_word' id='word_1_259' title='bbox 1088 3916 1256 3977; x_wconf 90' lang='lat' dir='ltr'><strong>dominam</strong></span> <span class='ocrx_word' id='word_1_260' title='bbox 1284 3917 1420 3999; x_wconf 82' lang='lat' dir='ltr'><strong>Magda-</strong></span> 
     </span>
     <span class='ocr_line' id='line_1_32' title="bbox 150 4018 1418 4105; baseline 0.005 -23"><span class='ocrx_word' id='word_1_261' title='bbox 150 4021 255 4083; x_wconf 89' lang='lat' dir='ltr'><strong>lenam</strong></span> <span class='ocrx_word' id='word_1_262' title='bbox 280 4019 402 4099; x_wconf 81' lang='lat' dir='ltr'><strong>glotem</strong></span> <span class='ocrx_word' id='word_1_263' title='bbox 427 4039 516 4080; x_wconf 90' lang='lat' dir='ltr'><strong>suam</strong></span> <span class='ocrx_word' id='word_1_264' title='bbox 542 4018 627 4099; x_wconf 82' lang='lat' dir='ltr'><strong>juxta</strong></span> <span class='ocrx_word' id='word_1_265' title='bbox 651 4019 928 4099; x_wconf 84' lang='lat' dir='ltr'><strong>adjudicacionem</strong></span> <span class='ocrx_word' id='word_1_266' title='bbox 948 4041 1043 4103; x_wconf 90' lang='lat' dir='ltr'><strong>supra</strong></span> <span class='ocrx_word' id='word_1_267' title='bbox 1067 4036 1279 4105; x_wconf 78' lang='lat' dir='ltr'><strong>expresseram</strong></span> <span class='ocrx_word' id='word_1_268' title='bbox 1306 4022 1418 4088; x_wconf 92' lang='lat' dir='ltr'><strong>eidem</strong></span> 
     </span>
     <span class='ocr_line' id='line_1_33' title="bbox 150 4126 1421 4212; baseline 0.005 -24"><span class='ocrx_word' id='word_1_269' title='bbox 150 4126 282 4188; x_wconf 91' lang='lat' dir='ltr'><strong>domine</strong></span> <span class='ocrx_word' id='word_1_270' title='bbox 308 4126 500 4206; x_wconf 81' lang='lat' dir='ltr'><strong>Magdalene</strong></span> <span class='ocrx_word' id='word_1_271' title='bbox 529 4140 625 4207; x_wconf 88' lang='lat' dir='ltr'><strong>prout</strong></span> <span class='ocrx_word' id='word_1_272' title='bbox 656 4126 768 4188; x_wconf 89' lang='lat' dir='ltr'><strong>debuit</strong></span> <span class='ocrx_word' id='word_1_273' title='bbox 794 4127 879 4188; x_wconf 91' lang='lat' dir='ltr'><strong>idem</strong></span> <span class='ocrx_word' id='word_1_274' title='bbox 913 4128 1102 4190; x_wconf 88' lang='lat' dir='ltr'><strong>Dominicus</strong></span> <span class='ocrx_word' id='word_1_275' title='bbox 1127 4129 1301 4212; x_wconf 85' lang='lat' dir='ltr'><strong>Perowych</strong></span> <span class='ocrx_word' id='word_1_276' title='bbox 1327 4133 1421 4194; x_wconf 88' lang='lat' dir='ltr'><strong>satis·</strong></span> 
     </span>
     <span class='ocr_line' id='line_1_34' title="bbox 150 4232 1421 4320; baseline 0.005 -25"><span class='ocrx_word' id='word_1_277' title='bbox 150 4233 224 4295; x_wconf 87' lang='lat' dir='ltr'><strong>lecit</strong></span> <span class='ocrx_word' id='word_1_278' title='bbox 249 4246 279 4292; x_wconf 92' lang='lat' dir='ltr'><strong>et</strong></span> <span class='ocrx_word' id='word_1_279' title='bbox 304 4232 480 4313; x_wconf 85' lang='lat' dir='ltr'><strong>plenariam</strong></span> <span class='ocrx_word' id='word_1_280' title='bbox 506 4232 705 4294; x_wconf 89' lang='lat' dir='ltr'><strong>solucionem</strong></span> <span class='ocrx_word' id='word_1_281' title='bbox 731 4233 861 4312; x_wconf 85' lang='lat' dir='ltr'><strong>exolvit,</strong></span> <span class='ocrx_word' id='word_1_282' title='bbox 886 4234 952 4315; x_wconf 88' lang='lat' dir='ltr'><strong>ipsa</strong></span> <span class='ocrx_word' id='word_1_283' title='bbox 971 4255 1100 4316; x_wconf 90' lang='lat' dir='ltr'><strong>quoque</strong></span> <span class='ocrx_word' id='word_1_284' title='bbox 1127 4236 1259 4298; x_wconf 89' lang='lat' dir='ltr'><strong>domina</strong></span> <span class='ocrx_word' id='word_1_285' title='bbox 1283 4237 1421 4320; x_wconf 83' lang='lat' dir='ltr'><strong>Magda-</strong></span> 
     </span>
     <span class='ocr_line' id='line_1_35' title="bbox 149 4336 1421 4424; baseline 0.006 -23"><span class='ocrx_word' id='word_1_286' title='bbox 149 4341 222 4401; x_wconf 90' lang='lat' dir='ltr'><strong>lena</strong></span> <span class='ocrx_word' id='word_1_287' title='bbox 247 4336 405 4420; x_wconf 86' lang='lat' dir='ltr'><strong>prefatum</strong></span> <span class='ocrx_word' id='word_1_288' title='bbox 431 4339 636 4399; x_wconf 84' lang='lat' dir='ltr'><strong>Domlronem</strong></span> <span class='ocrx_word' id='word_1_289' title='bbox 654 4340 792 4420; x_wconf 87' lang='lat' dir='ltr'><strong>quittum</strong></span> <span class='ocrx_word' id='word_1_290' title='bbox 811 4354 841 4402; x_wconf 89' lang='lat' dir='ltr'><strong>et</strong></span> <span class='ocrx_word' id='word_1_291' title='bbox 866 4361 921 4422; x_wconf 92' lang='lat' dir='ltr'><strong>per</strong></span> <span class='ocrx_word' id='word_1_292' title='bbox 937 4342 1045 4402; x_wconf 89' lang='lat' dir='ltr'><strong>omnia</strong></span> <span class='ocrx_word' id='word_1_293' title='bbox 1065 4343 1250 4424; x_wconf 89' lang='lat' dir='ltr'><strong>expeditum</strong></span> <span class='ocrx_word' id='word_1_294' title='bbox 1275 4344 1421 4411; x_wconf 85' lang='lat' dir='ltr'><strong>reddidit</strong></span> 
     </span>
     <span class='ocr_line' id='line_1_36' title="bbox 150 4445 782 4528; baseline 0.002 -21"><span class='ocrx_word' id='word_1_295' title='bbox 150 4465 257 4508; x_wconf 89' lang='lat' dir='ltr'><strong>coram</strong></span> <span class='ocrx_word' id='word_1_296' title='bbox 283 4447 458 4528; x_wconf 89' lang='lat' dir='ltr'><strong>prescripto</strong></span> <span class='ocrx_word' id='word_1_297' title='bbox 483 4445 641 4507; x_wconf 91' lang='lat' dir='ltr'><strong>moderno</strong></span> <span class='ocrx_word' id='word_1_298' title='bbox 666 4445 782 4526; x_wconf 85' lang='lat' dir='ltr'><strong>judice.</strong></span> 
     </span>
    </p>
   </div>
   <div class='ocr_carea' id='block_1_5' title="bbox 449 4616 1111 4829">
    <p class='ocr_par' dir='ltr' id='par_1_7' title="bbox 449 4616 1111 4829">
     <span class='ocr_line' id='line_1_37' title="bbox 449 4616 1111 4705; baseline 0 -18"><span class='ocrx_word' id='word_1_299' title='bbox 449 4616 594 4688; x_wconf 78' lang='lat' dir='ltr'><strong>Sabbata</strong></span> <span class='ocrx_word' id='word_1_300' title='bbox 622 4628 698 4705; x_wconf 88' lang='lat' dir='ltr'><strong>post</strong></span> <span class='ocrx_word' id='word_1_301' title='bbox 727 4617 848 4689; x_wconf 82' lang='lat' dir='ltr'><strong>festum</strong></span> <span class='ocrx_word' id='word_1_302' title='bbox 886 4619 982 4690; x_wconf 85' lang='lat' dir='ltr'><strong>beate</strong></span> <span class='ocrx_word' id='word_1_303' title='bbox 1011 4617 1111 4691; x_wconf 76' lang='lat' dir='ltr'><strong>Anne.</strong></span> 
     </span>
     <span class='ocr_line' id='line_1_38' title="bbox 684 4750 881 4829; baseline 0.025 -19"><span class='ocrx_word' id='word_1_304' title='bbox 684 4750 752 4826; x_wconf 80' lang='lat'><strong>(28.</strong></span> <span class='ocrx_word' id='word_1_305' title='bbox 779 4753 881 4829; x_wconf 74' lang='lat' dir='ltr'><strong>julii).</strong></span> 
     </span>
    </p>
   </div>
   <div class='ocr_carea' id='block_1_6' title="bbox 151 4872 1418 5071">
    <p class='ocr_par' dir='ltr' id='par_1_8' title="bbox 151 4872 1418 5071">
     <span class='ocr_line' id='line_1_39' title="bbox 256 4872 1418 4967; baseline 0.007 -29"><span class='ocrx_word' id='word_1_306' title='bbox 256 4872 394 4938; x_wconf 89' lang='lat' dir='ltr'><strong>Causam</strong></span> <span class='ocrx_word' id='word_1_307' title='bbox 421 4895 483 4957; x_wconf 93' lang='lat' dir='ltr'><strong>que</strong></span> <span class='ocrx_word' id='word_1_308' title='bbox 509 4876 591 4938; x_wconf 88' lang='lat' dir='ltr'><strong>inter</strong></span> <span class='ocrx_word' id='word_1_309' title='bbox 615 4875 788 4938; x_wconf 82' lang='lat' dir='ltr'><strong>Martinam</strong></span> <span class='ocrx_word' id='word_1_310' title='bbox 808 4876 1016 4964; x_wconf 86' lang='lat' dir='ltr'><strong>Dwmowych</strong></span> <span class='ocrx_word' id='word_1_311' title='bbox 1042 4892 1073 4941; x_wconf 88' lang='lat' dir='ltr'><strong>et</strong></span> <span class='ocrx_word' id='word_1_312' title='bbox 1096 4879 1217 4942; x_wconf 87' lang='lat' dir='ltr'><strong>Lucam</strong></span> <span class='ocrx_word' id='word_1_313' title='bbox 1242 4879 1418 4967; x_wconf 87' lang='lat' dir='ltr'><strong>Rybarych</strong></span> 
     </span>
     <span class='ocr_line' id='line_1_40' title="bbox 151 4983 1418 5071; baseline 0.006 -22"><span class='ocrx_word' id='word_1_314' title='bbox 151 4983 279 5049; x_wconf 85' lang='lat' dir='ltr'><strong>racione</strong></span> <span class='ocrx_word' id='word_1_315' title='bbox 305 4983 471 5047; x_wconf 83' lang='lat' dir='ltr'><strong>cuiusdam</strong></span> <span class='ocrx_word' id='word_1_316' title='bbox 496 4984 587 5046; x_wconf 89' lang='lat' dir='ltr'><strong>bovis</strong></span> <span class='ocrx_word' id='word_1_317' title='bbox 610 4985 803 5064; x_wconf 87' lang='lat' dir='ltr'><strong>vertebatur,</strong></span> <span class='ocrx_word' id='word_1_318' title='bbox 831 4985 972 5051; x_wconf 89' lang='lat' dir='ltr'><strong>seniores</strong></span> <span class='ocrx_word' id='word_1_319' title='bbox 996 4985 1118 5068; x_wconf 90' lang='lat' dir='ltr'><strong>judices</strong></span> <span class='ocrx_word' id='word_1_320' title='bbox 1143 4987 1185 5050; x_wconf 89' lang='lat' dir='ltr'><strong>ita</strong></span> <span class='ocrx_word' id='word_1_321' title='bbox 1209 4985 1418 5071; x_wconf 82' lang='lat' dir='ltr'><strong>adjudicave-</strong></span> 
     </span>
    </p>
   </div>
   <div class='ocr_carea' id='block_1_7' title="bbox 0 0 1580 5356">
    <p class='ocr_par' dir='ltr' id='par_1_9' title="bbox 0 0 1580 5356">
     <span class='ocr_line' id='line_1_41' title="bbox 0 0 1580 5356; baseline 0 0"><span class='ocrx_word' id='word_1_322' title='bbox 0 0 1580 5356; x_wconf 95' lang='lat' dir='ltr'><strong> </strong></span> 
     </span>
    </p>
   </div>
  </div>
 </body>
</html>
