3156 5364
157 313 215 393 146
683 316 881 391 Ann01427.

257 524 334 587 Item
368 526 467 607 proba
502 525 618 586 mulier
645 525 744 586 Blena
777 541 906 604 vocata,
939 526 1048 588 relicta
1081 525 1218 586 condam
1249 525 1335 586 Petri
1359 523 1415 585 filii

154 632 322 709 lobannis,
339 632 502 712 quandam
520 632 653 692 domum
674 633 778 693 medie
803 634 889 694 curie
907 634 938 693 in
957 633 1041 693 dicta
1058 632 1186 694 civitate
1204 632 1288 692 inter
1304 631 1418 692 domos

151 738 292 797 virorum
317 738 527 818 providorum
561 739 736 799 liberorum
761 759 817 800 seu
849 758 1068 801 successorum
1094 738 1221 799 Nicolai
1247 737 1414 798 Horwatin

151 844 191 904 ab
215 863 289 922 una,
314 858 345 904 et
369 844 488 905 Vrbani
523 844 561 904 de
587 845 743 927 larebych
777 865 812 907 ac
846 845 1011 907 Benedicti
1044 844 1209 906 Zobanich
1241 844 1282 904 ab
1316 843 1412 904 altera

153 950 297 1032 partibus
322 949 475 1028 habitam,
500 951 639 1012 mediam
665 953 784 1013 curiam
811 953 842 1012 in
874 973 907 1013 se
932 953 1161 1028 continentem,
1187 950 1362 1011 Valentino
1387 965 1415 1010 et

152 1055 279 1116 Andree
312 1053 385 1117 liliis
410 1056 507 1117 Blasii
540 1057 579 1118 de
614 1057 844 1136 Wllromerch,
877 1058 939 1138 jam
974 1058 1089 1119 nostris
1120 1056 1328 1133 concivibus,
1362 1075 1415 1137 pro

152 1163 294 1242 quinque
327 1162 441 1223 marcis
474 1163 678 1224 denariorum
714 1178 744 1225 et
774 1165 875 1225 tribus
900 1165 1005 1246 pensis
1037 1163 1245 1224 denariorum
1272 1161 1414 1222 vendidit

152 1283 308 1350 perpetuo
334 1268 572 1349 possidendam.

257 1392 333 1454 ltem
359 1393 485 1474 providi
511 1394 569 1453 viri
598 1393 737 1454 Briccius
768 1393 854 1456 filius
880 1394 1046 1456 Benedicti
1072 1407 1102 1454 et
1128 1391 1312 1474 Stephanus
1336 1390 1416 1452 lilius

152 1497 295 1579 Georgii,
320 1499 444 1580 pridem
471 1499 574 1576 jurati,
593 1500 742 1560 concives
766 1501 878 1577 nostri,
903 1501 978 1561 item
997 1499 1168 1579 religiosus
1193 1499 1241 1558 vir
1266 1498 1415 1558 dominus

150 1604 303 1665 Nicolaus
327 1606 425 1665 abbas
449 1605 576 1665 claustri
602 1606 692 1666 beate
719 1606 818 1666 Marie
857 1606 989 1686 virginis
1014 1605 1169 1684 Zagrabie
1195 1603 1334 1681 fundati,
1361 1605 1413 1684 ipsi

152 1711 292 1771 Briccius
317 1725 346 1771 et
372 1710 554 1792 Stephanus
578 1726 612 1771 ut
637 1712 846 1772 commissarii
872 1711 1006 1792 provide
1032 1711 1163 1771 domine
1190 1710 1289 1770 Lucia
1312 1711 1413 1771 relicte

151 1816 287 1877 condam
312 1817 396 1877 Petri
423 1818 580 1898 Hungari,
606 1832 636 1878 et
661 1818 745 1878 idem
772 1819 924 1879 dominus
955 1820 1053 1878 abbas
1076 1830 1230 1897 tanquam
1257 1818 1312 1898 qui
1338 1836 1415 1878 ortus

151 1923 240 1983 inse
275 1923 378 2005 ipsum
413 1925 583 2005 assumpsit
615 1925 829 2005 reparationis
861 1925 958 1985 volte
992 1925 1022 1985 in
1056 1924 1139 1984 dicta
1168 1924 1303 1984 ecclesia
1329 1927 1413 1984 beate

151 2030 251 2090 Marie
275 2027 391 2108 fiende,
409 2030 563 2090 directam
589 2045 618 2090 et
644 2031 791 2111 equalem
811 2031 1016 2092 medietatem
1042 2031 1134 2090 vinee
1160 2031 1262 2112 ipsius
1278 2031 1411 2092 condam

151 2135 282 2195 domine
309 2135 405 2195 Lucie
431 2135 461 2195 in
488 2136 648 2197 territorio
681 2152 790 2196 nostro
816 2137 897 2196 inter
921 2150 952 2197 et
985 2156 1082 2218 penes
1106 2138 1216 2197 vineas
1241 2137 1411 2197 liberorum

151 2241 288 2302 condam
308 2240 455 2321 Gregorii
482 2241 593 2302 decani
612 2241 687 2302 dicti
707 2241 851 2318 Skertha,
877 2256 907 2303 et
923 2242 1019 2302 aliam
1038 2241 1244 2303 medietatem
1270 2242 1411 2303 eiusdem

152 2349 254 2427 vinee,
287 2368 382 2429 quam
417 2349 524 2409 Marco
549 2347 688 2410 carnifici
714 2349 931 2409 vendidissent
964 2369 1018 2430 per
1051 2364 1150 2409 metas
1175 2350 1207 2408 in
1242 2349 1333 2410 litera
1365 2369 1411 2407 ex·

152 2475 285 2536 pressas,
310 2455 493 2535 incipiendo
511 2475 527 2515 a
546 2455 680 2515 decursu
698 2475 780 2536 aque
804 2455 969 2515 tendendo
986 2474 1080 2535 supra
1104 2469 1135 2515 et
1161 2455 1278 2516 iterum
1304 2477 1320 2515 a
1348 2476 1409 2515 ver·

150 2562 210 2622 tice
236 2558 316 2621 infra
342 2561 381 2621 ad
406 2560 534 2642 plagam
567 2560 799 2622 occidentalem
832 2581 934 2641 usque
966 2561 1049 2621 viam
1083 2561 1196 2620 subtus
1221 2576 1411 2642 protensam,

151 2687 223 2728 cum
249 2668 401 2728 omnibus
425 2668 490 2727 suis
523 2667 729 2748 pertinenciis
761 2666 910 2728 Michaeli
946 2665 1014 2727 filio
1049 2666 1211 2727 Valentini
1238 2681 1268 2727 et
1295 2669 1410 2746 Marga-

151 2773 238 2834 rethe
271 2773 409 2834 consorti
442 2773 586 2833 eiusdem
620 2793 677 2854 pro
709 2773 821 2852 viginti
855 2787 884 2832 et
909 2773 1036 2833 duobus
1074 2771 1142 2834 lior.
1167 2774 1237 2833 auri
1263 2773 1410 2834 vendide-

151 2893 224 2940 runt
248 2878 486 2960 possidendam.

257 3002 333 3064 ltem
359 3002 513 3083 providus
537 3003 584 3061 vir
611 3001 746 3062 Michael
772 3001 856 3062 filius
886 3002 1039 3083 Stephani
1066 3001 1198 3084 Caprini
1224 3003 1264 3063 de
1291 3003 1410 3083 Ragusa

152 3109 355 3170 medictatem
391 3109 555 3169 cuiusdam
591 3108 682 3168 vinee
721 3109 750 3167 in
784 3109 944 3169 territorio
970 3108 1068 3188 ipsius
1100 3108 1238 3169 civitatis
1271 3107 1409 3169 Cherno-

152 3217 259 3277 merch
285 3232 398 3277 vocato
423 3216 540 3292 habite,
566 3216 703 3297 desuper
735 3216 827 3275 avia
857 3229 886 3274 et
912 3213 993 3274 inira
1026 3235 1128 3295 usque
1153 3215 1296 3275 rivulum
1322 3213 1409 3274 simul

151 3344 223 3384 cum
250 3324 389 3403 virgulto
425 3323 530 3384 eidem
563 3320 656 3387 vinde
689 3322 861 3403 pertinenti
894 3335 1053 3402 protense,
1085 3321 1167 3382 inter
1191 3318 1344 3382 lossatum
1376 3321 1410 3380 ab

151 3451 214 3491 una
239 3444 270 3491 et
294 3445 381 3511 parte
399 3432 438 3491 ab
464 3431 561 3490 altera
579 3430 757 3489 liberorum
782 3449 838 3490 seu
855 3447 1073 3489 successorum
1097 3428 1234 3489 condam
1261 3427 1408 3509 Stephani

153 3536 280 3597 Ochcze
305 3535 489 3616 adjacentis,
514 3535 719 3596 medietatem
737 3534 886 3595 videlicet
907 3548 1025 3596 rectam
1051 3549 1081 3596 et
1105 3534 1303 3615 equalem,a
1329 3549 1409 3616 parte

151 3642 225 3702 dicti
250 3642 380 3723 virgulti
415 3643 555 3722 ipsorum
583 3642 758 3702 liberorum
784 3640 911 3701 Ochcze
944 3641 1036 3701 sitam
1061 3661 1078 3702 a
1103 3654 1190 3719 parte
1216 3641 1409 3722 septemtrio·

152 3748 226 3824 nali,
250 3768 323 3807 cum
348 3750 413 3808 suis
439 3748 643 3828 pertinenciis
668 3747 798 3808 Vrbano
824 3746 889 3808 lilio
915 3746 1044 3808 Pethew
1068 3766 1127 3828 pro
1152 3762 1227 3807 octo
1252 3746 1323 3808 flor.
1347 3744 1408 3807 auri

152 3854 296 3914 vendidit
321 3868 475 3936 perpetuo
500 3854 737 3935 possidendam.

258 3980 335 4040 ltem
362 3980 447 4040 idem
474 3981 609 4041 Michael
635 3979 719 4040 filius
745 3978 897 4060 Stephani
929 3977 1061 4061 Caprini
1086 3979 1182 4039 aliam
1209 3980 1409 4041 medietatem

151 4085 296 4146 eiusdem
322 4086 413 4146 vinee
439 4107 494 4148 sue
520 4087 551 4146 in
578 4087 663 4146 dicto
681 4086 842 4146 territorio
867 4086 1002 4146 civitatis
1022 4084 1266 4148 Chernomerch
1292 4101 1410 4160 vocato,

152 4191 288 4272 desuper
312 4213 328 4252 a
353 4193 403 4252 via
429 4193 593 4252 communi
628 4189 707 4253 infra
738 4212 839 4273 usque
872 4192 1022 4268 rivulum,
1047 4191 1144 4252 simul
1177 4212 1252 4253 cum
1278 4193 1410 4274 virgulto

151 4297 255 4357 eidem
282 4298 425 4378 porcioni
453 4299 568 4358 vineali
595 4299 765 4379 pertinenti
791 4313 914 4366 aparte
939 4298 1015 4358 dicti
1040 4296 1184 4358 fossatis
1210 4297 1410 4360 meridionali

151 4403 245 4483 plaga
276 4405 337 4482 siti,
370 4424 441 4465 cum
475 4404 626 4464 omnibus
658 4405 800 4464 eiusdem
839 4403 1059 4464 medietatisa
1092 4418 1179 4484 parte
1218 4403 1327 4466 fossati
1358 4404 1411 4464 site

151 4510 341 4571 utilitatibus
365 4526 395 4571 et
420 4511 625 4592 pertinenciis
649 4510 806 4570 universis
832 4511 932 4571 Paulo
964 4508 1031 4571 filio
1057 4510 1178 4571 Vrbani
1205 4511 1244 4572 de
1271 4512 1411 4572 Zanabor

151 4635 209 4696 pro
233 4636 285 4676 sex
311 4616 379 4678 flor.
404 4618 472 4677 auri
498 4617 641 4676 vendidit
666 4630 822 4698 perpetuo
847 4615 1086 4697 possidendam.
