3142 5356
241 502 317 562 ltem
342 500 484 582 prelatus
500 499 661 580 Georgius
683 501 780 568 iudex
797 498 882 559 filius
898 499 1074 571 Valentini,
1090 499 1186 573 iudex
1210 499 1405 576 modernus,

134 611 353 688 dominusque
379 608 547 667 ladislaus
570 609 726 687 presbiter
748 604 833 666 filius
855 605 1034 681 Petrenich,
1057 625 1093 667 ac
1111 605 1296 687 Stephanus
1320 606 1409 667 filius

134 716 313 776 Clementis
337 712 413 773 dicti
440 712 610 788 Praudich,
641 710 727 772 filius
759 712 908 788 Vidonis,
931 713 1082 772 concives
1112 713 1227 789 nostri,
1251 714 1408 774 commis·

133 821 206 881 sarii
232 836 264 881 et
280 835 466 880 executores
488 821 669 880 testamenti
686 818 820 899 predicti
838 816 1020 879 Clementis
1042 818 1214 895 Prandich,
1238 820 1406 880 residuam

133 946 190 988 seu
215 927 374 1006 reliquam
399 939 455 985 aut
477 922 606 984 finalem
638 940 761 1005 partem
795 939 878 984 terre
901 924 1032 984 arabilis
1062 925 1197 1005 predicti
1222 924 1408 987 Clementis

134 1031 292 1092 Praudich
317 1032 400 1090 inter
423 1045 523 1090 terras
546 1030 675 1090 discreti
710 1030 769 1089 viri
802 1029 926 1089 domini
951 1029 1092 1089 Ladislai
1122 1030 1255 1111 plebani
1278 1031 1322 1092 de
1347 1032 1406 1092 Za-

133 1138 245 1214 nabor,
269 1157 287 1197 a
320 1152 408 1217 parte
441 1136 708 1217 septemtrionali,
738 1155 755 1195 a
789 1135 995 1196 meridionali
1028 1153 1105 1196 vero
1137 1137 1234 1216 plaga
1267 1136 1352 1197 inter
1374 1151 1408 1198 et

134 1263 233 1324 penes
266 1244 401 1305 fluvium
427 1242 648 1302 Kalinowicza
680 1256 829 1301 vocatum
862 1242 981 1318 habite,
1008 1263 1026 1302 a
1058 1242 1199 1322 quadam
1225 1243 1325 1303 salice
1348 1263 1406 1303 seu

133 1365 248 1409 trunco
278 1349 384 1408 salicis
414 1369 432 1408 a
465 1364 554 1429 parte
585 1348 777 1409 occidentali
811 1349 843 1407 in
877 1345 996 1408 fossato
1028 1347 1174 1408 eiusdem
1209 1363 1293 1409 terre
1327 1349 1405 1409 inci·

133 1455 254 1536 piendo
278 1453 360 1514 inira
386 1474 487 1534 usque
512 1455 692 1535 predictum
710 1453 844 1514 fluvium
868 1454 1091 1514 Kalinowicaa
1116 1469 1282 1531 vocatum,
1306 1455 1404 1515 simul

133 1580 206 1620 cum
232 1561 374 1641 quodam
400 1559 489 1620 lenili
514 1579 570 1620 seu
593 1561 702 1641 spacio
725 1574 808 1620 terre
843 1561 875 1619 in
901 1557 999 1620 fenile
1032 1578 1187 1621 conversa
1212 1575 1244 1620 et
1268 1560 1402 1621 dimissa

135 1667 350 1748 pertingendo
385 1686 417 1726 se
443 1666 681 1743 extendentem,
704 1666 876 1726 duodecim
901 1667 952 1726 vel
976 1667 1054 1726 citra
1078 1666 1182 1726 dietas
1204 1681 1288 1726 terre
1314 1669 1345 1728 in
1370 1688 1403 1728 se

135 1774 367 1849 continentem,
392 1792 464 1832 cum
490 1773 556 1832 suis
579 1773 796 1853 pertinenciis,
824 1773 968 1853 providis
991 1773 1068 1832 viris
1091 1773 1246 1852 magistro
1271 1774 1402 1835 Matheo

135 1879 304 1939 scolastico
327 1894 358 1938 et
382 1880 509 1938 notario
533 1895 643 1938 nostro
667 1877 735 1939 filio
762 1879 845 1939 Luce
863 1895 894 1938 et
919 1879 1026 1939 Blasio
1050 1879 1246 1940 stacionario
1264 1882 1401 1961 patrueli

133 2005 192 2044 suo
218 2000 250 2045 et
273 2005 385 2045 eorum
411 1985 582 2045 heredibus
605 2004 664 2065 pro
688 1985 922 2065 quinquaginta
943 1986 1089 2065 quinque
1112 1984 1183 2048 flor.
1207 1988 1290 2065 auri,
1307 1988 1401 2068 plene

134 2092 316 2172 persolutis,
341 2090 556 2152 vendiderunt
580 2090 820 2172 possidendam.

241 2198 317 2258 ltem
344 2199 547 2278 llargaretha
570 2197 636 2258 lilia
661 2197 791 2257 Thome
808 2197 918 2258 relicta
936 2197 1080 2258 Barnabe
1097 2199 1243 2274 sartoris,
1268 2218 1400 2259 consors

136 2304 232 2364 Blasii
258 2306 388 2364 sartoris
403 2302 460 2363 filii
487 2304 606 2383 Egidii,
630 2303 835 2363 medietatem
854 2302 980 2379 domus,
1006 2302 1096 2363 lundi
1122 2319 1152 2364 et
1178 2303 1397 2366 hedificiorum

135 2411 166 2468 in
191 2410 318 2469 civitate
344 2411 425 2469 inter
450 2409 567 2469 domos
583 2425 614 2469 et
631 2408 748 2468 fundos
770 2406 929 2469 Johannis
946 2409 1082 2470 Chouka
1099 2424 1130 2470 et
1146 2429 1203 2471 sue
1228 2412 1394 2487 consortis,

134 2517 174 2576 ab
200 2536 273 2592 una,
298 2531 384 2596 parte
410 2518 450 2576 ab
474 2517 535 2575 alia
554 2515 686 2595 Georgii
711 2517 841 2575 sartoris
858 2515 970 2589 judicis
987 2516 1086 2575 nostri
1112 2516 1260 2576 moderni
1278 2516 1392 2593 habite,

135 2641 234 2681 unam
260 2622 409 2682 videlicet
433 2637 579 2701 quartam
604 2639 634 2681 et
652 2642 748 2681 uuam
773 2638 919 2681 octavam
937 2622 968 2681 in
992 2641 1024 2681 se
1045 2622 1277 2700 coutinentem,
1296 2624 1392 2705 ipsam

135 2727 310 2788 literatorie
336 2743 593 2803 concernentem,
619 2728 762 2808 predicto
784 2727 891 2787 Blasio
915 2747 951 2787 ac
968 2747 1005 2786 ex
1030 2728 1106 2808 ipsis
1129 2729 1346 2809 superviventi
1364 2745 1391 2788 et

134 2853 245 2894 eorum
271 2832 443 2893 heredibus
467 2834 606 2893 dedisset
630 2849 660 2894 et
693 2834 905 2894 condonasset
930 2849 1086 2915 perpetuo
1110 2835 1351 2915 possidendam.

241 2940 317 3000 ltem
352 2942 507 3000 Martinus
531 2939 616 3001 filius
648 2941 731 3001 lwan
765 2941 804 3000 de
838 2940 1054 3002 llarcusewch
1087 2941 1251 3021 quandam
1284 2957 1394 3002 terram

136 3066 226 3106 suam
252 3047 405 3106 arabilem
432 3047 463 3105 in
488 3066 603 3127 campo
628 3062 658 3106 et
682 3048 843 3107 territorio
871 3047 1018 3124 civitatis,
1043 3046 1193 3107 videlicet
1218 3048 1250 3107 in
1276 3048 1395 3128 Krogh‚

136 3154 218 3212 inter
244 3168 341 3212 terras
373 3153 500 3213 Thome
530 3154 647 3214 sutoris
678 3153 754 3213 dicti
787 3153 937 3214 Oczwirk
970 3168 1000 3213 et
1025 3153 1179 3234 Stephani
1210 3153 1305 3233 jurati
1338 3153 1391 3214 filii

135 3258 281 3338 Gregorii
301 3259 453 3335 habitam,
479 3279 574 3318 unam
594 3260 642 3318 rel
668 3261 744 3319 citra
770 3260 886 3319 dietam
907 3261 938 3318 in
963 3279 995 3319 se
1012 3260 1242 3337 coutinentem,
1259 3260 1394 3321 Nicolao

136 3365 273 3424 institori
299 3363 366 3424 filio
391 3365 523 3425 Fabiani
549 3385 607 3445 pro
625 3365 764 3444 quadam
784 3365 954 3425 medietate
972 3365 1080 3444 rhlorti
1097 3365 1240 3426 eiusdem
1260 3366 1394 3442 Nicolai,

134 3491 150 3530 a
176 3485 263 3551 parte
296 3469 404 3553 (hlorti
434 3471 608 3531 liberorum
634 3470 740 3531 Choni
767 3471 884 3546 habita,
909 3487 939 3530 et
963 3490 1021 3551 pro
1045 3471 1266 3532 additamento
1298 3473 1392 3532 trium

136 3595 313 3636 marcarum
329 3577 534 3636 denariorum
553 3576 692 3636 dedisset
709 3578 972 3637 concambialiter
986 3591 1142 3658 perpetuo
1156 3576 1392 3657 possidendam.

241 3683 317 3742 ltem
343 3684 558 3743 communitas
575 3697 640 3743 tota
659 3683 852 3743 unanimiter
866 3682 954 3743 dedit
971 3683 1133 3763 quandam
1151 3681 1286 3743 domum
1304 3682 1398 3743 simul

135 3809 208 3849 cum
242 3788 343 3849 lundo
369 3804 399 3849 et
432 3790 556 3849 celariis
587 3789 715 3849 duobus
746 3809 781 3848 ac
813 3787 981 3866 hedificiis,
1012 3789 1148 3868 aliisque
1180 3789 1304 3850 cunctis
1334 3790 1397 3849 suis

135 3896 349 3976 pertinenciis,
375 3896 455 3954 inter
480 3895 594 3954 domos
620 3895 732 3954 Briccii
758 3895 883 3976 pridem
901 3895 1025 3971 iudicis,
1050 3896 1192 3955 concivis
1220 3895 1321 3956 nostri
1341 3892 1396 3956 filii

135 4000 300 4060 Benedicti
326 4014 356 4060 et
381 3999 533 4080 Stephani
559 4001 633 4060 dicti
649 4001 714 4060 Bau
739 4020 774 4059 ac
793 4000 968 4082 Elyzabeth
993 4019 1050 4059 sue
1066 4000 1224 4060 consortis
1239 4001 1392 4077 habitam,

135 4126 230 4165 unam
258 4107 413 4185 integram
438 4108 557 4166 curiam
584 4107 614 4165 in
640 4127 672 4166 se
706 4106 888 4182 habentem,
920 4127 957 4166 ex
982 4106 1147 4186 legacione
1174 4106 1298 4188 Rompl
1319 4107 1395 4188 lapi·

134 4212 204 4272 cide
230 4212 323 4273 Petro
348 4213 435 4272 dicto
461 4213 617 4273 Penthera
649 4228 680 4274 et
705 4212 882 4293 Stephkoni
917 4211 1003 4272 fratri
1028 4232 1087 4273 suo
1111 4226 1142 4273 et
1166 4231 1280 4274 eorum
1306 4212 1393 4274 here·

133 4318 228 4377 dibus
252 4319 356 4378 taliter
380 4320 577 4395 contulisset,
603 4319 691 4400 quod
717 4320 776 4400 ipsi
803 4320 914 4380 Petrus
939 4332 968 4378 et
994 4316 1174 4399 Stephanus
1197 4332 1228 4380 et
1252 4319 1302 4380 sui
1326 4338 1392 4380 suc·

134 4444 273 4485 cessores
297 4424 431 4504 singulis
456 4426 547 4485 annis
571 4440 601 4484 et
625 4427 824 4505 temporibus
843 4425 1005 4505 perpetuis
1029 4424 1264 4504 quinquaginta
1289 4423 1393 4486 luntas

135 4533 198 4592 olei
225 4532 300 4591 boni
327 4533 357 4591 in
384 4531 545 4591 dominica
572 4531 734 4591 lnvocavit
758 4532 798 4591 ad
830 4532 1013 4612 lampadem
1037 4543 1109 4591 aute
1134 4550 1251 4612 corpus
1274 4530 1390 4594 Christi

134 4639 164 4698 in
190 4637 323 4698 ecclesia
348 4638 447 4697 sancti
473 4638 572 4697 Marci
596 4638 801 4717 ewangeliste
818 4639 1018 4715 servituram,
1042 4637 1192 4698 manibus
1216 4636 1392 4700 commuui-

133 4745 205 4805 tatis
230 4744 305 4806 dare
330 4745 524 4806 tenebuntur
549 4758 579 4807 et
608 4745 861 4822 amministrare3
887 4745 911 4807 si
937 4758 1043 4807 autem
1061 4743 1123 4805 hoc
1147 4743 1292 4828 quipiam
1325 4762 1390 4828 pos·
