3142 5356
599 399 685 457 Anno
709 412 798 476 1432.
1268 417 1330 476 225

172 610 251 671 ltem
269 611 381 670 Petrus
406 608 573 671 Crouacus
597 608 681 669 filius
700 608 857 692 Budizlay
874 624 905 672 et
921 609 1052 671 honesta
1071 611 1187 672 mulier
1205 612 1329 691 Marga-

62 716 158 778 retha
190 735 321 778 consors
345 716 444 797 ipsius
469 716 552 776 Petri
585 716 752 795 legittima,
777 715 929 777 directam
963 730 992 776 et
1024 717 1173 797 equalem
1206 717 1329 779 medie·

60 837 164 886 tatem
190 822 356 884 cuiusdam
382 822 498 883 domus
515 835 648 899 mutate,
674 821 764 883 fundi
791 837 821 882 et
838 821 1060 883 hedificiorum
1085 824 1116 884 in
1142 823 1226 884 dicta
1251 824 1328 884 civi·

58 944 127 992 tate
154 929 235 990 inter
260 928 395 989 domum
420 928 568 988 similiter
592 942 749 988 muratam
781 928 877 988 Blasii
903 928 1025 1010 Zydow
1057 929 1157 990 nostri
1182 929 1328 991 similiter

59 1034 217 1112 concivis,
241 1035 281 1095 ab
305 1053 369 1094 una
395 1048 493 1114 parte,
518 1053 534 1093 a
560 1047 647 1113 parte
672 1033 769 1094 altera
795 1035 939 1094 semitam
966 1053 1173 1096 communem
1208 1035 1329 1115 habite,

59 1160 161 1203 unam
186 1153 331 1221 quartam
358 1154 389 1200 et
413 1154 559 1201 octavam
584 1140 670 1200 curie
697 1140 728 1200 in
746 1161 779 1202 se
804 1141 1033 1219 continentem,
1054 1160 1127 1203 cum
1151 1143 1216 1203 suis
1233 1145 1328 1224 perti·

59 1247 187 1309 nenciis
212 1245 371 1327 Gregorio
408 1245 475 1307 filio
500 1246 663 1306 Dominiei
688 1246 728 1307 de
754 1247 912 1309 Vrnowch
937 1268 995 1328 pro
1020 1248 1232 1329 quadraginta
1258 1248 1327 1314 flor.

59 1357 132 1418 auri
159 1354 305 1417 vendidit
329 1368 485 1435 perpetuo
511 1353 749 1435 possidendam,
779 1355 834 1435 qui
860 1355 961 1416 eciam
987 1354 1163 1435 Gregorius
1186 1356 1331 1417 eiusdem

63 1463 183 1524 domus
216 1474 357 1535 murare,
392 1458 482 1520 fundi
520 1473 551 1521 et
581 1458 806 1522 hedificiorum
838 1461 934 1521 aliam
967 1475 1085 1523 rectam
1120 1475 1151 1523 et
1182 1463 1332 1544 equalem

60 1568 283 1644 medietatem,
311 1585 408 1627 unam
435 1566 645 1627 consimiliter
662 1581 807 1647 quartam
830 1581 860 1628 et
884 1582 1028 1629 octavam
1046 1567 1134 1628 curie
1158 1568 1332 1631 literatorie

59 1673 151 1757 prius
176 1672 403 1733 dinoscebatur
427 1672 601 1752 possidere.

171 1778 249 1839 ltem
275 1777 457 1858 Stephanus
475 1791 563 1839 sutor
581 1778 684 1838 dictus
709 1778 825 1838 Sorvan
851 1775 936 1837 filius
954 1777 1097 1857 Dragias,
1122 1779 1327 1840 medietatem

61 1885 232 1947 cuiusdam
249 1883 357 1964 (h)orti
376 1884 406 1943 in
424 1884 579 1944 suburbio
596 1883 743 1961 civitatis,
761 1884 850 1943 cuius
875 1882 984 1964 (h)orti
1007 1883 1104 1944 aliam
1122 1884 1327 1946 medietatem

62 1991 187 2072 Agicha
213 1991 328 2052 mulier
356 1991 463 2051 relicta
495 1990 631 2051 condam
667 1990 784 2051 Mathei
810 1991 921 2051 decani
947 1991 1121 2052 literatorie
1153 1991 1328 2053 dinoscitur

63 2097 241 2180 possidere,
266 2095 409 2176 Georgio
428 2096 524 2173 judici
551 2095 618 2156 filio
636 2096 797 2157 Valentini
821 2096 929 2157 vicino
946 2116 1004 2157 suo
1030 2116 1067 2156 ex
1084 2115 1240 2157 consensu
1258 2117 1327 2179 pre-

66 2203 130 2264 fate
149 2202 281 2285 Agyche
305 2202 449 2263 mulieris
473 2221 530 2283 pro
555 2217 628 2262 octo
653 2201 721 2263 flor.
740 2202 886 2262 vendidit
909 2215 1064 2284 perpetuo
1089 2202 1327 2284 possidendam.

174 2309 250 2369 ltem
276 2308 415 2388 quedam
447 2308 563 2368 domus
592 2322 622 2368 et
655 2307 773 2369 fundus
805 2308 911 2368 medie
935 2309 1021 2368 curie
1053 2308 1150 2369 simul
1181 2328 1253 2370 cum
1278 2329 1328 2371 ce·

65 2416 151 2476 lario
174 2416 382 2476 subterraneo
406 2427 436 2473 et
461 2412 615 2474 hedificiis
640 2413 671 2473 in
698 2415 768 2474 vico
800 2414 898 2495 ipsius
923 2414 1059 2475 civitatis
1083 2415 1231 2476 exteriori
1249 2415 1331 2476 inter

67 2524 173 2583 curias
204 2541 260 2581 seu
293 2519 410 2581 fundos
444 2521 608 2581 Benedicti
642 2520 806 2581 Zobanich
837 2536 867 2580 et
902 2520 1030 2602 Mathye
1062 2521 1191 2581 sartoris
1214 2519 1332 2599 habita,

64 2647 137 2689 cum
164 2628 230 2687 suis
254 2626 461 2708 pertinenciis
486 2626 560 2686 Vito
586 2624 723 2686 carnifici
758 2625 825 2687 filio
852 2626 998 2709 Dyonisii
1024 2626 1099 2687 dicti
1126 2626 1331 2688 Bihorwarad

64 2755 120 2817 per
147 2734 417 2795 testamentariam
444 2733 588 2793 eiusdem
616 2733 760 2815 Dyonisii
786 2733 884 2814 patris
907 2733 955 2792 sui
973 2732 1172 2812 legacionem
1199 2747 1245 2794 est
1269 2747 1331 2794 sta·

63 2855 129 2902 tuta
157 2840 225 2921 jure
250 2854 405 2920 perpetuo
430 2838 623 2919 possidenda
657 2839 787 2899 nemine
811 2838 938 2920 penitus
963 2838 1212 2901 contradicente.

172 2946 249 3007 ltem
276 2944 476 3026 Margaretha
503 2945 611 3006 relicta
636 2945 773 3005 condam
793 2944 938 3028 Dyonisii
958 2944 1074 3005 sutoris
1099 2943 1155 3004 filii
1175 2945 1330 3006 Demetrii

63 3072 194 3114 consors
228 3052 379 3128 Emeriei,
413 3051 575 3132 quendam
610 3050 746 3112 fundum
779 3071 871 3112 suum
905 3070 1041 3111 vacuum
1068 3051 1098 3110 in
1125 3051 1196 3111 vico
1221 3065 1330 3112 nostro

62 3157 296 3240 lutifigulorum
330 3158 411 3218 inter
444 3154 561 3218 fundos
591 3157 718 3218 Thome
751 3158 881 3219 sartoris
917 3172 947 3218 et
973 3157 1062 3217 Pauli
1087 3157 1235 3218 similiter
1266 3177 1329 3218 sar-

63 3266 141 3327 toris
172 3264 329 3341 habiturn,
362 3283 459 3324 unam
492 3277 637 3343 quartam
671 3264 756 3325 curie
782 3264 813 3324 in
846 3284 877 3323 se
911 3264 1141 3340 continentem,
1167 3282 1239 3324 cunr
1264 3264 1330 3324 suis

65 3371 256 3432 utilitatibus
280 3383 311 3430 et
335 3369 540 3450 pertinenciis
578 3371 734 3431 universis
759 3369 958 3449 Margarethe
984 3367 1048 3429 filie
1074 3368 1230 3430 Anthonii
1254 3388 1329 3430 con·

64 3479 140 3540 sorti
165 3496 242 3538 vero
261 3475 389 3536 Thome
415 3477 446 3536 in
471 3475 546 3535 villa
566 3475 723 3537 Grathsan
750 3496 807 3557 pro
825 3477 968 3556 quinque
994 3475 1099 3556 pensis
1124 3475 1329 3536 denariorum

66 3583 211 3646 vendidit
235 3597 390 3665 perpetuo
416 3582 658 3664 possidendum.

168 3689 246 3751 Item
281 3689 390 3771 llyana
422 3688 486 3750 filia
520 3689 602 3750 Petri
636 3689 744 3750 relicta
777 3702 807 3749 et
841 3689 985 3749 Andreas
1017 3708 1052 3750 ac
1084 3689 1237 3749 Nicolaus
1268 3687 1325 3750 filii

64 3796 202 3857 condam
236 3795 369 3875 Bogdan
402 3794 459 3855 filii
493 3794 637 3872 Gerdos,
669 3795 874 3855 medietatem
906 3794 1072 3855 cuiusdam
1107 3793 1198 3855 fundi
1230 3795 1325 3855 simul

66 3922 136 3963 curn
163 3901 333 3963 medietate
360 3901 466 3981 (hlorti
492 3902 530 3961 ad
557 3901 660 3983 ipsum
686 3902 867 3982 spectantis,
893 3901 923 3961 in
948 3901 1102 3961 suburbio
1127 3901 1226 3981 ipsius
1251 3901 1327 3961 civi·

66 4009 138 4069 tatis
163 4007 246 4069 inter
270 4008 366 4069 aliam
392 4007 597 4068 medietatem
623 4008 766 4068 eiusdem
789 4006 879 4067 fundi
905 4020 935 4067 et
959 4006 1077 4087 (hlorti,
1103 4026 1198 4087 quant
1226 4006 1328 4068 Geor·

65 4115 136 4196 gius
160 4113 282 4194 juratus
306 4115 481 4175 modernus
497 4128 528 4174 et
552 4114 713 4175 lohannes
738 4112 821 4174 filius
839 4113 935 4173 Blasii
959 4112 1148 4173 castellanus
1172 4113 1211 4173 de
1238 4113 1329 4173 Med·

66 4239 183 4283 wewar
206 4221 417 4281 dinoscuntur
441 4221 614 4301 possidere,
639 4240 673 4281 ac
699 4221 781 4281 inter
809 4218 944 4279 fundum
971 4233 1001 4278 et
1025 4217 1177 4300 (h)ortum
1202 4219 1325 4300 capelle

65 4327 164 4388 sancti
191 4326 319 4387 Martini
346 4324 536 4387 confessoris
560 4327 712 4404 habitam,
737 4345 833 4386 unam
857 4340 1002 4406 quartam
1028 4326 1113 4385 curie
1139 4326 1169 4385 in
1193 4345 1225 4386 se
1250 4326 1324 4387 reti·

63 4445 204 4509 nentem,
228 4432 323 4493 Petro
347 4430 414 4492 filio
439 4432 572 4513 predicti
599 4433 692 4509 Petri,
718 4432 780 4509 jam
804 4451 890 4492 novo
915 4432 1037 4492 concivi
1064 4445 1183 4509 nostr0,
1208 4452 1245 4492 ac
1270 4451 1327 4513 per

63 4558 136 4601 eum
162 4537 336 4599 Valentino
360 4537 428 4599 filio
453 4558 511 4599 suo
536 4559 571 4599 ac
595 4558 651 4619 per
676 4558 730 4599 eos
755 4539 898 4621 ipsorum
918 4537 1087 4598 heredibus
1112 4537 1328 4599 vendiderunt

62 4658 220 4728 perpetuo
244 4644 483 4726 possidendam.

171 4751 249 4812 ltem
275 4751 413 4811 lacobus
439 4751 559 4829 juratus
584 4766 613 4811 et
637 4751 798 4812 Johannes
822 4749 916 4812 frater
941 4771 1015 4812 suus
1040 4751 1182 4812 uterinus
1208 4764 1237 4811 et
1261 4770 1326 4812 car·

60 4859 143 4922 nalis
167 4856 226 4920 filii
251 4858 372 4920 scilicet
396 4858 550 4920 lobannis
575 4857 689 4937 judicis
717 4857 773 4919 tilii
801 4859 910 4920 iacobi
936 4859 1012 4921 dicti
1038 4859 1137 4942 Bolye
1163 4858 1325 4939 quandam

1224 4968 1257 5028 ¹5
