3142 5356
682 362 767 419 Anno
791 376 881 438 1430.
1356 358 1413 439 187

152 469 374 476 ι--η--.-
391 464 480 475 ----4
1195 466 1202 474 ι
1231 467 1412 474 ——----—

160 582 245 654 ltem
274 580 358 653 letia
387 589 485 654 sexta
514 579 668 671 proxima
697 580 850 653 videlicet
880 581 911 652 in
940 583 1025 653 festo
1056 583 1231 652 beatotum
1263 577 1396 651 Fabiani

545 717 579 776 et
607 704 794 776 Sebastiam
824 708 1014 776 martirum.

660 878 723 950 (20.
740 879 906 951 januarii).

255 1035 332 1096 ltem
365 1036 440 1115 quia
472 1035 603 1096 domina
636 1034 772 1096 condam
805 1041 913 1116 Agnes
946 1034 1010 1096 filia
1044 1034 1222 1097 Clementis
1256 1033 1412 1096 Praudich

149 1142 260 1203 relicta
286 1141 423 1202 condam
443 1142 571 1202 Andree
589 1141 703 1219 judicis
719 1139 777 1202 filii
804 1142 886 1203 Petri
901 1143 931 1202 in
958 1142 1106 1202 extremis
1126 1142 1189 1202 vite
1213 1161 1269 1202 sue
1291 1155 1415 1222 tempo·

148 1248 223 1308 ralis
248 1248 409 1324 laborans,
440 1248 603 1328 quandam
632 1262 748 1309 terram
781 1267 870 1308 suam
897 1247 1051 1309 arabilem
1086 1248 1117 1307 in
1142 1267 1256 1330 campo
1281 1247 1416 1309 civitatis

148 1355 231 1414 inter
255 1367 353 1415 tetras
386 1353 476 1415 Pauli
501 1352 559 1415 filii
593 1354 722 1414 Thome
754 1368 783 1415 et
817 1355 912 1415 Blasii
939 1353 1032 1435 jurati
1057 1368 1087 1414 et
1120 1354 1262 1433 magistri
1295 1352 1415 1415 Mathei

148 1460 276 1538 notarii,
309 1461 472 1541 patruelis,
496 1458 600 1522 fratris
632 1461 680 1521 sui
714 1474 744 1521 et
777 1479 966 1520 communes
998 1461 1075 1537 vias,
1107 1481 1160 1520 sex
1193 1461 1295 1522 dietas
1325 1460 1357 1520 in
1382 1479 1415 1520 se

148 1567 390 1641 continentem
424 1568 498 1627 item
532 1565 739 1627 medietatem
773 1566 940 1627 cuiusdam
973 1567 1067 1627 vinee
1100 1567 1181 1627 inter
1205 1567 1314 1628 vineas
1337 1567 1416 1628 libe-

149 1693 259 1734 rorum
278 1673 415 1734 condam
435 1672 614 1733 Sebastiani
638 1670 695 1733 filii
715 1672 866 1756 Symonis
882 1673 1023 1733 salivene
1040 1673 1193 1750 habitam,
1210 1673 1300 1734 cuius
1316 1673 1414 1734 iidem

147 1780 241 1841 liberi
256 1780 351 1840 aliam
370 1778 575 1839 medietatem
600 1778 763 1859 possidere
781 1778 1003 1857 dinoscuntur,
1028 1799 1100 1840 cum
1119 1780 1184 1840 suis
1209 1779 1415 1862 pertinenciis

149 1885 315 1967 Stephano
333 1904 455 1965 genero
473 1904 531 1945 suo
548 1884 666 1964 legavit
685 1885 923 1966 possidendam,
950 1884 1023 1947 ideo
1040 1886 1100 1947 sibi
1120 1886 1227 1946 literas
1243 1885 1416 1968 superinde

148 1992 365 2074 privilegiales
390 1991 541 2051 duximus
565 1990 798 2052 concedendas.

256 2117 333 2178 ltem
359 2115 520 2196 Georgius
541 2128 642 2176 sartor
659 2114 784 2196 pridem
810 2115 905 2195 judex
923 2114 1009 2177 filius
1027 2117 1190 2178 Valentini
1217 2131 1247 2179 et
1264 2116 1416 2178 dominus

149 2223 318 2285 Ladislaus
343 2222 497 2305 presbiter
529 2219 614 2282 filius
647 2221 773 2282 Nicolai
805 2221 972 2284 Petrenich
1006 2242 1041 2283 ac
1068 2222 1249 2304 Stephanus
1273 2224 1416 2285 literatus

149 2328 234 2390 filius
259 2328 437 2391 Clementis
464 2325 621 2388 l'raudich
646 2341 833 2389 executores
852 2329 1033 2390 testamenti
1058 2330 1202 2390 eiusdem
1226 2329 1416 2407 Clementis,

149 2434 312 2518 quandam
338 2450 453 2495 terram
479 2432 635 2494 arabilem
660 2433 833 2493 duodecim
856 2434 905 2494 vel
931 2434 1008 2495 citra
1027 2434 1185 2496 dictarum
1213 2436 1294 2496 inter
1316 2449 1416 2497 terras

151 2540 303 2622 Stephani
337 2539 452 2601 literati
487 2553 518 2600 et
542 2537 676 2599 fluvium
709 2539 928 2600 Kalinowicza
961 2559 996 2600 ac
1030 2540 1097 2600 vias
1126 2560 1313 2601 communes
1337 2541 1416 2602 duas

150 2646 304 2724 habitam,
337 2665 409 2707 cum
446 2645 511 2705 suis
542 2644 748 2727 pertinenciis
781 2645 888 2706 Blasio
920 2644 1024 2725 jurato
1049 2660 1080 2707 et
1103 2647 1257 2726 magistro
1283 2646 1412 2708 Matheo

150 2753 277 2813 notario
301 2749 368 2812 filio
394 2752 480 2812 Luce
505 2770 563 2832 pto
588 2750 822 2831 quinquaginta
840 2751 985 2832 quinque
1010 2750 1079 2813 flor.
1104 2752 1172 2813 auri
1199 2752 1414 2814 vendiderunt

150 2871 307 2940 perpetuo
332 2856 572 2939 possidendam.

256 2982 334 3043 ltem
359 2981 522 3042 lohannes
554 2981 690 3062 lmprich
722 2980 806 3042 filius
831 2983 956 3043 Nicolai
981 2982 1021 3044 de
1054 2983 1227 3065 Jamnycza
1252 2983 1415 3064 quandam

152 3088 287 3150 domum
322 3108 394 3149 curn
428 3086 529 3148 lundo
554 3103 584 3149 et
617 3089 735 3150 celario
767 3089 849 3150 inter
881 3086 998 3150 lundos
1031 3103 1061 3151 et
1092 3089 1208 3150 domos
1239 3090 1415 3151 liberorum

150 3195 288 3257 condam
316 3193 481 3255 Michaelis
505 3194 620 3273 judicis
643 3192 700 3255 filii
729 3195 880 3277 Symonis
905 3209 935 3255 et
952 3195 1113 3256 Valentini
1139 3196 1179 3256 de
1205 3195 1337 3258 Raboch
1361 3196 1415 3257 ha·

150 3302 261 3379 bitam,
285 3301 426 3361 mediam
444 3301 564 3361 curiam
591 3301 672 3362 inse
695 3301 877 3378 habentem,
896 3301 1030 3362 domino
1048 3301 1221 3363 Dominico
1245 3301 1313 3364 lilio
1333 3303 1415 3362 Petri

149 3406 206 3468 filii
233 3406 359 3468 Miltech
386 3407 429 3466 uti
465 3404 552 3467 alfini
578 3426 636 3467 suo
668 3407 815 3468 vendidit
847 3407 961 3486 partim
987 3422 1017 3468 et
1049 3408 1162 3488 partim
1189 3408 1322 3469 donavit
1346 3428 1415 3490 per·

150 3527 249 3594 petuo
274 3511 513 3594 possidendam.

258 3637 335 3698 ltem
362 3637 523 3698 Dorothea
548 3636 612 3698 filia
646 3638 793 3719 Dyonisii
826 3639 934 3699 relicta
960 3638 1097 3700 condam
1132 3640 1257 3700 Nicolai
1289 3641 1416 3719 sutoris,

151 3763 236 3804 nunc
262 3763 392 3804 consors
417 3743 561 3804 Barnabe
587 3742 678 3821 labri,
711 3744 874 3825 quandam
900 3744 1027 3805 vineam
1052 3765 1141 3806 suam
1177 3746 1307 3808 totalem
1335 3747 1416 3808 inter

150 3850 261 3910 vineas
293 3848 471 3911 Clementis
502 3849 558 3911 filii
586 3850 712 3911 Andtee
738 3865 768 3911 et
802 3849 919 3932 Gyani,
953 3871 1009 3932 per
1041 3866 1160 3912 metam
1197 3853 1320 3913 arboris
1350 3852 1413 3934 fagi

151 3956 303 4034 habitam,
329 3975 400 4016 cum
426 3957 491 4016 suis
516 3957 721 4037 pertinenciis
754 3957 859 4018 eidem
886 3956 1046 4018 Clementi
1073 3972 1102 4018 et
1129 3958 1303 4019 benedicto
1328 3957 1415 4020 fratri

151 4083 209 4125 suo
235 4063 380 4123 vendidit
404 4077 559 4144 perpetuo
585 4063 823 4144 possidendam.

258 4187 336 4249 Item
369 4188 508 4269 quedam
534 4188 668 4248 vinealis
700 4189 854 4269 particula
888 4208 944 4249 seu
977 4189 1087 4271 porcio
1120 4188 1274 4250 lobannis
1298 4190 1415 4250 sutoris

151 4293 209 4356 filii
235 4293 423 4372 Clementis,
448 4295 510 4374 jam
529 4293 683 4371 defuncti,
702 4295 783 4355 inter
804 4295 913 4356 vineas
931 4295 1093 4356 Dominici
1119 4297 1272 4378 sagiparis
1297 4310 1327 4358 et
1359 4316 1414 4359 sue

150 4401 308 4462 consortis
331 4415 362 4462 et
387 4402 482 4462 Blasii
508 4400 611 4462 fratris
644 4402 727 4462 dicte
752 4403 908 4463 consortis
942 4402 1039 4484 ipsius
1063 4403 1225 4463 Dominici
1262 4402 1415 4482 habitam,

153 4527 225 4569 cum
262 4508 328 4568 suis
360 4509 564 4590 pertinenciis
589 4510 676 4570 Luce
709 4510 807 4569 sutori
840 4528 896 4589 pet
928 4509 1127 4589 legacionem
1161 4510 1235 4571 dicti
1262 4509 1416 4572 lobannis

152 4612 256 4675 fratris
280 4615 328 4675 sui
361 4628 408 4677 est
431 4629 545 4676 statuta
580 4615 763 4676 vendicioni
799 4615 987 4696 exponenda
1020 4629 1050 4676 et
1075 4636 1132 4696 pro
1157 4616 1263 4677 anima
1287 4636 1342 4677 sua
1368 4616 1415 4677 di·

151 4720 347 4783 atribuenda.
