3142 5356
247 358 309 435 246
777 359 863 411 Anno
885 366 976 430 1433.

740 458 959 465 ———--—.—
1321 459 1513 466 ——.-——-

353 567 430 628 ltem
448 568 560 628 Petrus
577 579 608 628 et
633 566 735 627 Lucas
752 563 833 626 labri
850 562 908 625 lilii
934 563 1068 645 Georgii
1085 563 1178 644 labri,
1195 566 1363 648 quandam
1382 566 1515 627 domum

247 675 342 737 unius
366 689 478 756 quarte
517 688 548 735 et
572 674 695 754 integre
727 687 840 734 octave
872 672 904 732 in
936 671 1076 753 quadam
1113 672 1212 735 domo
1236 687 1268 735 et
1300 670 1406 735 fundo
1438 674 1518 736 inter

246 781 362 842 domos
385 796 416 842 et
440 779 558 843 fundos
583 779 737 841 Demetrii
760 778 915 840 institoris
939 792 970 840 et
994 778 1078 839 Petri
1096 779 1137 840 de
1162 780 1321 841 Rakonolr
1348 779 1469 865 habita.
1488 795 1517 841 et

246 887 411 966 existente,
437 887 575 948 iohanni
601 886 738 948 institori
770 883 837 946 filio
861 884 952 946 Pauli
986 884 1202 948 vendiderunt
1233 900 1393 967 perpetuo
1418 887 1518 969 possi·

246 994 399 1071 dendam,
424 994 535 1075 inqua
561 994 663 1054 eciam
681 992 780 1053 domo
805 1008 836 1054 et
853 990 955 1052 fundo
979 991 1064 1052 idem
1084 991 1247 1054 Johaunes
1271 992 1403 1054 institor
1421 1012 1518 1054 unam

247 1101 342 1162 aliam
368 1115 514 1182 quartam
540 1121 558 1161 a
585 1098 707 1181 prelato
732 1100 826 1160 Petro
859 1097 951 1160 fabro
975 1117 1087 1160 socero
1119 1117 1179 1160 suo
1202 1097 1399 1160 donacionis
1424 1099 1519 1160 titulo

246 1207 419 1269 literatorie
444 1206 622 1268 dinoscitur
646 1205 822 1288 possidere.

335 1424 415 1496 Item
444 1425 586 1494 sabbato
621 1426 774 1512 proximo
803 1434 881 1494 aute
918 1424 1041 1495 festum
1070 1422 1307 1495 conversionis
1335 1426 1430 1499 beati

740 1547 835 1618 Pauli
866 1548 1022 1635 apostoli.

754 1702 819 1778 (24.
835 1702 1001 1776 januarii).

357 1841 432 1902 ltem
453 1841 536 1902 lwan
562 1840 646 1902 lilius
663 1841 825 1902 Valentini
852 1841 956 1901 dictus
973 1840 1097 1918 Thuri,
1122 1840 1329 1902 medietatem
1347 1841 1519 1902 cuiusdam

249 1948 378 2022 domus,
411 1947 501 2009 lundi
534 1964 564 2008 et
595 1946 818 2010 hedificiorum
852 1949 884 2008 in
917 1948 1044 2009 civitate
1077 1947 1199 2029 prelata
1231 1947 1313 2007 iuter
1337 1947 1460 2009 domos
1491 1962 1520 2009 et

248 2052 366 2117 fundos
390 2054 565 2115 liberorum
590 2053 726 2115 condam
746 2054 901 2114 lobannis
921 2053 997 2115 dicti
1016 2052 1152 2114 Chonka
1170 2050 1228 2114 filii
1253 2051 1341 2114 Galli
1368 2068 1400 2115 et
1418 2054 1519 2116 Eleae

249 2160 406 2221 consortis
437 2160 580 2220 eiusdem
612 2175 642 2221 et
668 2159 800 2241 Georgii
832 2160 961 2221 sartoris
993 2158 1107 2239 judicis
1137 2158 1245 2220 habite
1283 2172 1315 2220 et
1338 2161 1517 2238 existentis,

249 2267 454 2328 medietatem
480 2280 515 2328 ut
538 2267 711 2348 predicitur
735 2280 853 2327 rectam
875 2282 906 2327 et
930 2266 1077 2348 equalem
1098 2266 1198 2348 ipsius
1221 2264 1351 2344 domus,
1376 2265 1470 2329 fundi
1488 2281 1519 2328 et

248 2371 484 2450 aedificiorum,
509 2392 605 2434 unam
624 2373 773 2435 videlicet
794 2388 939 2454 quartam
966 2389 996 2435 et
1012 2386 1158 2434 octavam
1184 2374 1269 2435 curie
1296 2374 1329 2435 in
1354 2394 1388 2435 se
1415 2376 1517 2437 conti·

250 2492 391 2557 nentem,
415 2479 519 2560 ipsum
545 2479 695 2541 videlicet
719 2480 860 2540 lwanum
887 2500 944 2561 pro
968 2479 1122 2560 porcione
1153 2499 1210 2541 sua
1235 2480 1414 2542 literatorie
1439 2500 1515 2542 con-

249 2600 443 2663 cernentem‚
460 2605 532 2646 cum
558 2586 623 2646 suis
647 2587 838 2648 utilitatibus
861 2601 893 2648 et
916 2586 1121 2669 pertinenciis
1152 2587 1310 2649 universis
1339 2586 1517 2650 Valentino

250 2694 362 2755 sartori
387 2713 424 2753 ex
448 2712 607 2755 consensu
630 2694 811 2756 vicinorum
836 2694 982 2756 vendidit
1006 2707 1161 2776 perpetuo
1186 2692 1429 2776 possidendam.

355 2800 432 2861 ltem
457 2800 504 2860 vir
534 2800 687 2882 providus
720 2800 881 2862 lohannes
914 2800 1035 2879 juratus
1065 2798 1151 2862 filius
1175 2800 1319 2879 Peronis,
1345 2801 1516 2882 quoddam

250 2905 346 2967 fenile
371 2925 464 2967 suum
491 2907 522 2967 in
548 2925 662 2987 campo
688 2921 718 2967 et
739 2907 900 2968 territorio
930 2921 1038 2967 nostro
1063 2907 1145 2968 inter
1169 2920 1268 2968 terras
1293 2920 1402 2969 nostre
1428 2927 1515 2969 com·

251 3013 416 3074 munitatis
439 3015 479 3074 ab
504 3013 626 3074 oriente
659 3027 689 3073 et
721 3013 760 3073 ab
794 3012 961 3074 occidente
996 3014 1077 3074 inter
1101 3011 1199 3075 senile
1230 3033 1288 3076 seu
1311 3026 1412 3075 terras
1437 3015 1515 3076 libe·

250 3139 357 3180 rorum
375 3119 511 3179 condam
532 3120 616 3180 Luce
634 3118 710 3180 dicti
736 3118 861 3180 Odolas
876 3119 1033 3197 habitum,
1058 3138 1131 3180 cum
1149 3138 1308 3180 consensu
1332 3119 1514 3182 vicinorum

250 3225 466 3305 predictorum
492 3225 625 3309 Symoni
652 3224 690 3284 de
717 3225 848 3287 Raboch
873 3223 941 3286 filio
971 3224 1137 3287 Michaelis
1160 3223 1217 3286 filii
1237 3226 1340 3287 Mauri
1367 3227 1514 3289 vendidit

250 3346 404 3412 perpetuo
429 3330 669 3411 possidendum.

356 3439 433 3499 Item
459 3438 649 3498 Valentinus
673 3437 757 3499 lilius
775 3439 929 3500 lobannis
946 3439 1109 3520 quandam
1134 3439 1323 3522 porcionem
1347 3455 1431 3503 terre
1448 3463 1513 3503 ara-

251 3543 324 3604 bilis
350 3545 380 3604 in
405 3563 520 3624 campo
546 3544 682 3604 civitatis
714 3545 795 3605 inter
823 3559 921 3606 terras
952 3544 1121 3628 hospitalis
1145 3547 1244 3608 nostri
1276 3549 1462 3609 communis
1484 3563 1514 3610 et

251 3650 331 3710 inter
355 3663 453 3711 terras
470 3645 644 3710 liberorum
663 3650 792 3712 Thome
817 3651 1033 3735 Gerdsewych
1052 3672 1088 3713 ac
1104 3653 1187 3714 inter
1204 3651 1339 3715 fluvium
1366 3655 1407 3715 de
1423 3675 1512 3716 mon·

250 3757 335 3817 tibus
371 3757 515 3839 Zernyak
555 3756 776 3819 decurrentem
809 3758 950 3820 habitam
986 3773 1017 3820 et
1049 3778 1139 3820 secus
1178 3759 1263 3821 viam
1305 3780 1511 3823 communem

249 3863 353 3939 sitam,
387 3882 483 3923 uuam
517 3864 743 3924 tantummodo
775 3864 892 3925 dietam
926 3865 958 3925 in
989 3885 1022 3926 se
1054 3866 1285 3943 continentem,
1312 3866 1449 3949 Symoni
1474 3867 1511 3928 de

252 3968 385 4030 Raboch
410 3967 478 4030 filio
503 3968 668 4030 Michaelis
692 3971 838 4031 vendidit
861 3984 1017 4052 perpetuo
1041 3971 1280 4053 possidendam.

356 4075 433 4136 ltem
459 4075 555 4137 Lucia
590 4076 698 4137 relicta
730 4077 866 4137 condam
900 4076 1028 4138 Thorne
1052 4078 1169 4140 sutoris
1201 4078 1277 4140 dicti
1303 4077 1510 4142 Gerdsewich

250 4182 411 4262 quandam
437 4195 552 4243 terram
577 4202 667 4244 suam
692 4183 844 4245 arabilem
872 4183 903 4243 in
925 4203 1040 4265 campo
1064 4183 1201 4246 civitatis
1225 4184 1308 4246 inter
1331 4199 1433 4249 terras
1451 4187 1508 4248 De·

250 4288 354 4349 metrii
380 4286 436 4348 filii
463 4289 545 4349 Petri
571 4292 610 4350 ab
634 4290 800 4351 occidente
825 4304 888 4351 eta
913 4290 1141 4372 septemtrione
1166 4290 1310 4353 eiusdem
1337 4292 1448 4372 Lucie,
1473 4293 1509 4354 ab

250 4395 372 4456 oriente
405 4414 480 4455 vero
514 4396 623 4456 Katrie
656 4397 799 4457 mulieris
838 4398 947 4458 relicte
979 4397 1116 4459 condam
1143 4396 1272 4480 Mathey
1306 4399 1419 4461 decani
1455 4397 1509 4461 filii

251 4501 381 4562 Martini
407 4522 443 4562 ac
467 4521 557 4562 secus
580 4503 663 4562 viam
697 4521 903 4565 communem
935 4503 1156 4565 ameridione
1188 4503 1344 4585 habitam,
1370 4507 1510 4588 quinque

250 4627 320 4668 cum
355 4609 460 4669 media
493 4608 593 4671 dietas
626 4610 657 4670 in
690 4629 722 4671 se
754 4611 985 4688 continentem,
1019 4611 1154 4693 Symoni
1186 4607 1254 4672 filio
1279 4612 1449 4675 Michaelis
1471 4613 1507 4674 de

250 4713 382 4776 Raboch
407 4736 442 4777 ex
466 4735 623 4776 consensu
641 4716 820 4777 vicinorum
839 4717 1055 4798 predictorum
1074 4716 1221 4778 vendidit
1236 4734 1395 4802 perpetuo
1412 4719 1508 4802 possi·

249 4821 399 4882 dendam.
