3142 5356
286 1334 412 1432 (Anno
440 1332 596 1421 Domini
622 1330 996 1435 nocomxxmv.)

68 1666 118 1750 ta,
147 1657 244 1756 quod
273 1679 366 1730 anno
396 1654 540 1730 Domini
582 1654 770 1729 millesimo
813 1655 1072 1731 tercentesimo
1109 1677 1272 1754 nonage-

68 1806 100 1859 ιο
130 1792 281 1881 quarm,
310 1790 475 1879 tempore
502 1780 680 1875 judicatus
719 1779 850 1855 domini
880 1780 977 1856 Petri
1005 1780 1064 1856 filii
1093 1778 1272 1880 Gregorii,

178 1914 261 1981 acta
290 1904 551 2003 subsequencia
580 1903 849 1978 subscribuntur
876 1904 949 1979 isto
978 1904 1098 1981 modo.

115 2116 193 2177 Item
227 2115 390 2176 lohannes
421 2113 548 2195 Gracyn
582 2113 728 2176 vendidit
752 2110 888 2176 fundum
923 2134 995 2176 cum
1027 2115 1217 2196 domo,an
1242 2129 1273 2177 et

68 2222 200 2283 =Bartol
220 2221 335 2281 Gallici
362 2234 392 2281 et
410 2219 572 2281 Dorothee
597 2220 665 2281 eius
681 2221 838 2282 consortis
862 2219 1065 2302 prefuissent,
1090 2218 1272 2282 Peronchol

68 2342 114 2390 tto
138 2348 197 2409 pro
222 2342 351 2389 centum
376 2326 456 2402 flor.;
481 2341 627 2408 tempore
660 2326 818 2407 judicatus
843 2327 918 2388 dicti
945 2327 1040 2390 Petri.

115 2433 193 2495 Item
229 2438 320 2493 Anna
354 2433 462 2494 relicta
496 2433 659 2494 Prascicha
692 2433 839 2496 vendidit
870 2432 1025 2517 (h)ortum
1047 2453 1140 2495 suum
1165 2433 1272 2496 eidem

68 2539 191 2602 ‘onchol
235 2555 265 2600 et
301 2539 434 2600 domino
475 2540 652 2600 Jacomello
696 2541 775 2622 patri
811 2560 889 2618 suo,
928 2553 1072 2623 tempore
1113 2539 1271 2611 iudicatus

68 2646 88 2709 ti
115 2647 209 2707 Petri.

116 2752 193 2814 Item
229 2753 390 2814 Iohannes
422 2751 506 2814 filius
537 2752 655 2815 Donati
689 2767 719 2813 et
744 2752 875 2814 domina
907 2753 1108 2834 Margaretha
1142 2775 1274 2818 consors

92 2859 308 2921 vendiderunt
333 2879 429 2920 utram
455 2873 600 2940 quartam
634 2859 742 2941 (hlorti
772 2859 819 2921 sui
853 2859 985 2922 domiue
1010 2860 1110 2922 Elene
1135 2863 1273 2924 consorti

68 2966 160 3028 Petro
185 2964 252 3026 filio
280 2965 429 3047 Gregorii
454 2967 582 3047 Angeli‚
607 2981 751 3048 tempore
776 2966 934 3046 judicatus
958 2967 1034 3030 dicti
1061 2968 1156 3031 Petri.

116 3072 194 3134 Item
213 3072 370 3153 Dragicha
389 3093 520 3134 consors
537 3074 662 3134 Nicolai
680 3087 711 3134 et
730 3074 875 3158 Mychael
892 3072 977 3135 filius
1001 3075 1144 3138 eiusdem
1163 3076 1273 3138 vendi-

68 3193 127 3241 unt
152 3177 289 3241 fundum
314 3180 456 3260 ipsorum
475 3180 610 3241 Nicolao
635 3179 702 3241 filio
728 3180 894 3257 Iohannis,
917 3193 1063 3263 tempore
1083 3182 1159 3243 dicti
1178 3183 1273 3244 Petri.

117 3285 195 3347 Item
221 3285 295 3347 Ivan
321 3286 425 3347 dictus
449 3286 620 3368 Osmonog
645 3301 675 3348 et
699 3285 862 3346 Elisabeth
881 3276 1012 3348 consors
1036 3307 1090 3349 sua
1117 3289 1275 3350 dederunt

69 3391 148 3454 dum
174 3392 317 3474 ipsorum
343 3394 439 3453 Jakus
463 3393 628 3467 cisteriste,
653 3406 797 3473 tempore
822 3392 897 3453 dicti
924 3393 1018 3455 Petri

117 3497 195 3559 Item
222 3497 354 3559 domina
381 3503 472 3559 Anna
498 3497 561 3559 filia
587 3499 742 3559 Iohannis
760 3499 874 3560 literati
901 3519 1031 3560 consors
1056 3501 1154 3561 Marci
1180 3500 1273 3577 jurati

68 3604 208 3667 idonavit
232 3605 341 3666 omnia
366 3607 449 3666 bona
474 3626 540 3684 sua,
565 3621 708 3687 tempore
734 3606 808 3666 dicti
836 3606 1000 3681 Iohannis.

118 3711 195 3773 Item
229 3711 303 3773 Ivan
336 3712 526 3774 Chudomer
562 3727 592 3773 et
629 3714 739 3773 Petrus
771 3712 810 3773 de
848 3712 1020 3773 PetrouIna
1061 3711 1275 3774 vendiderunt

68 3817 176 3880 indam
221 3819 410 3901 particulam
455 3820 547 3880 vinee
591 3840 644 3879 sue
681 3819 810 3880 Thome
845 3817 912 3879 fillo
949 3819 1093 3896 Nicolai,
1128 3833 1273 3901 tempore

68 3925 89 3988 ti
115 3925 209 3988 Petri.

118 4030 196 4092 Item
221 4031 324 4092 Katha
349 4031 439 4093 dedit
457 4032 601 4092 Banlroni
628 4031 693 4092 lilio
719 4032 890 4114 chhyalr,
918 4047 1063 4114 ternpore
1081 4032 1156 4093 dIcti
1176 4033 1269 4096 Petri.

118 4137 195 4200 Item
221 4139 294 4200 lvan
320 4137 404 4200 filius
422 4140 535 4200 Lubko
560 4141 706 4202 vendidit
723 4140 859 4203 fundum
883 4162 976 4203 suum
1002 4143 1033 4203 in
1058 4156 1160 4202 castro
1178 4142 1272 4203 Petro

68 4263 79 4306 >
103 4244 238 4324 Marcus,
261 4258 406 4327 tempore
429 4247 503 4306 dicti
530 4246 694 4308 iohannis.

118 4350 196 4412 Item
232 4352 364 4413 domina
402 4353 502 4414 Elena
539 4355 647 4415 relicta
690 4355 835 4417 Pundich
883 4355 1030 4436 Gregorii
1078 4356 1274 4417 condonavit

68 4456 201 4520 dietates
232 4457 342 4536 fundi,
374 4459 466 4520 vinee
499 4474 529 4521 et
553 4460 661 4542 (h)orti
694 4482 824 4523 suorum
855 4463 1020 4544 Stephano
1052 4463 1175 4542 sartotI,
1207 4462 1273 4524 filio

68 4564 168 4646 argio,
191 4578 335 4646 tempore
361 4566 435 4627 dicti
460 4567 561 4642 Petri;
586 4583 690 4650 partes
708 4570 868 4647 meliores,
893 4585 926 4631 ut
951 4571 981 4631 ln
1008 4571 1115 4632 literis.

119 4669 196 4732 Item
229 4671 441 4733 relaxavimus
473 4694 572 4735 unum
606 4674 758 4756 (hlortum
790 4676 923 4737 domiuo
956 4677 1102 4761 Myklmo
1136 4676 1272 4737 condam

70 4776 110 4841 ici
135 4775 175 4838 de
200 4776 304 4857 dacio,
328 4792 473 4862 ternpore
497 4781 571 4841 dicti
598 4782 692 4845 Petri.
