<?xml version="1.0" encoding="UTF-8"?>
<!DOCTYPE html PUBLIC "-//W3C//DTD XHTML 1.0 Transitional//EN"
    "http://www.w3.org/TR/xhtml1/DTD/xhtml1-transitional.dtd">
<html xmlns="http://www.w3.org/1999/xhtml" xml:lang="en" lang="en">
 <head>
  <title>
</title>
<meta http-equiv="Content-Type" content="text/html;charset=utf-8" />
  <meta name='ocr-system' content='tesseract 3.04.00' />
  <meta name='ocr-capabilities' content='ocr_page ocr_carea ocr_par ocr_line ocrx_word'/>
</head>
<body>
  <div class='ocr_page' id='page_1' title='image "./monumentahistor17laszgoog_0523.png"; bbox 0 0 3142 5356; ppageno 0'>
   <div class='ocr_carea' id='block_1_1' title="bbox 223 324 947 403">
    <p class='ocr_par' dir='ltr' id='par_1_1' title="bbox 223 324 947 403">
     <span class='ocr_line' id='line_1_1' title="bbox 223 324 947 403; baseline 0.001 -22"><span class='ocrx_word' id='word_1_1' title='bbox 223 341 282 403; x_wconf 83' lang='lat'>144</span> <span class='ocrx_word' id='word_1_2' title='bbox 616 345 621 357; x_wconf 92' lang='lat'>·</span> <span class='ocrx_word' id='word_1_3' title='bbox 749 324 834 381; x_wconf 85' lang='lat' dir='ltr'>Anno</span> <span class='ocrx_word' id='word_1_4' title='bbox 858 335 947 400; x_wconf 76' lang='lat'><em>1427.</em></span> 
     </span>
    </p>
   </div>
   <div class='ocr_carea' id='block_1_2' title="bbox 242 543 1476 756">
    <p class='ocr_par' dir='ltr' id='par_1_2' title="bbox 242 543 1476 756">
     <span class='ocr_line' id='line_1_2' title="bbox 242 543 1476 634; baseline 0.001 -19"><span class='ocrx_word' id='word_1_5' title='bbox 242 545 322 615; x_wconf 91' lang='lat' dir='ltr'>ltem</span> <span class='ocrx_word' id='word_1_6' title='bbox 352 546 494 616; x_wconf 82' lang='lat' dir='ltr'>sabbato</span> <span class='ocrx_word' id='word_1_7' title='bbox 524 544 677 634; x_wconf 85' lang='lat' dir='ltr'>proximo</span> <span class='ocrx_word' id='word_1_8' title='bbox 706 544 739 615; x_wconf 89' lang='lat' dir='ltr'>in</span> <span class='ocrx_word' id='word_1_9' title='bbox 767 543 884 633; x_wconf 86' lang='lat' dir='ltr'>vigilia</span> <span class='ocrx_word' id='word_1_10' title='bbox 914 545 1073 615; x_wconf 86' lang='lat' dir='ltr'>videlieet</span> <span class='ocrx_word' id='word_1_11' title='bbox 1100 544 1176 614; x_wconf 82' lang='lat' dir='ltr'>festi</span> <span class='ocrx_word' id='word_1_12' title='bbox 1208 544 1476 616; x_wconf 83' lang='lat' dir='ltr'>Purificacionis</span> 
     </span>
     <span class='ocr_line' id='line_1_3' title="bbox 536 667 1156 756; baseline -0.005 -17"><span class='ocrx_word' id='word_1_13' title='bbox 536 667 680 756; x_wconf 80' lang='lat' dir='ltr'>gloriose</span> <span class='ocrx_word' id='word_1_14' title='bbox 709 688 840 756; x_wconf 82' lang='lat' dir='ltr'>semper</span> <span class='ocrx_word' id='word_1_15' title='bbox 869 670 1012 755; x_wconf 84' lang='lat' dir='ltr'>virginis</span> <span class='ocrx_word' id='word_1_16' title='bbox 1042 667 1156 738; x_wconf 82' lang='lat' dir='ltr'>llario.</span> 
     </span>
    </p>
   </div>
   <div class='ocr_carea' id='block_1_3' title="bbox 726 820 958 898">
    <p class='ocr_par' dir='ltr' id='par_1_3' title="bbox 726 820 958 898">
     <span class='ocr_line' id='line_1_4' title="bbox 726 820 958 898; baseline -0.004 -19"><span class='ocrx_word' id='word_1_17' title='bbox 726 835 765 898; x_wconf 88' lang='lat'>(1.</span> <span class='ocrx_word' id='word_1_18' title='bbox 780 820 958 898; x_wconf 79' lang='lat' dir='ltr'>februarti).</span> 
     </span>
    </p>
   </div>
   <div class='ocr_carea' id='block_1_4' title="bbox 216 961 1496 4838">
    <p class='ocr_par' dir='ltr' id='par_1_4' title="bbox 216 961 1496 1681">
     <span class='ocr_line' id='line_1_5' title="bbox 324 961 1496 1045; baseline 0.002 -22"><span class='ocrx_word' id='word_1_19' title='bbox 324 963 400 1024; x_wconf 87' lang='lat' dir='ltr'>Item</span> <span class='ocrx_word' id='word_1_20' title='bbox 430 962 612 1023; x_wconf 77' lang='lat' dir='ltr'>Anthonius</span> <span class='ocrx_word' id='word_1_21' title='bbox 636 961 721 1023; x_wconf 89' lang='lat' dir='ltr'>filius</span> <span class='ocrx_word' id='word_1_22' title='bbox 751 961 883 1044; x_wconf 85' lang='lat' dir='ltr'>Georgii</span> <span class='ocrx_word' id='word_1_23' title='bbox 909 961 1031 1041; x_wconf 89' lang='lat' dir='ltr'>juratus</span> <span class='ocrx_word' id='word_1_24' title='bbox 1048 977 1155 1024; x_wconf 91' lang='lat' dir='ltr'>noster</span> <span class='ocrx_word' id='word_1_25' title='bbox 1178 963 1366 1041; x_wconf 89' lang='lat' dir='ltr'>modernus,</span> <span class='ocrx_word' id='word_1_26' title='bbox 1387 984 1496 1045; x_wconf 92' lang='lat' dir='ltr'>quan·</span> 
     </span>
     <span class='ocr_line' id='line_1_6' title="bbox 216 1068 1495 1132; baseline 0.002 -3"><span class='ocrx_word' id='word_1_27' title='bbox 216 1070 289 1129; x_wconf 90' lang='lat' dir='ltr'>dam</span> <span class='ocrx_word' id='word_1_28' title='bbox 317 1070 443 1130; x_wconf 88' lang='lat' dir='ltr'>vineam</span> <span class='ocrx_word' id='word_1_29' title='bbox 469 1088 558 1129; x_wconf 90' lang='lat' dir='ltr'>suam</span> <span class='ocrx_word' id='word_1_30' title='bbox 586 1068 616 1128; x_wconf 90' lang='lat' dir='ltr'>in</span> <span class='ocrx_word' id='word_1_31' title='bbox 642 1069 803 1129; x_wconf 88' lang='lat' dir='ltr'>territorio</span> <span class='ocrx_word' id='word_1_32' title='bbox 821 1068 958 1129; x_wconf 88' lang='lat' dir='ltr'>civitatis</span> <span class='ocrx_word' id='word_1_33' title='bbox 983 1069 1064 1129; x_wconf 90' lang='lat' dir='ltr'>inter</span> <span class='ocrx_word' id='word_1_34' title='bbox 1085 1069 1195 1129; x_wconf 89' lang='lat' dir='ltr'>vineas</span> <span class='ocrx_word' id='word_1_35' title='bbox 1219 1069 1349 1130; x_wconf 86' lang='lat' dir='ltr'>Thorne</span> <span class='ocrx_word' id='word_1_36' title='bbox 1367 1068 1495 1132; x_wconf 86' lang='lat' dir='ltr'>fistula-</span> 
     </span>
     <span class='ocr_line' id='line_1_7' title="bbox 216 1173 1493 1258; baseline 0.001 -21"><span class='ocrx_word' id='word_1_37' title='bbox 216 1177 294 1237; x_wconf 90' lang='lat' dir='ltr'>toris</span> <span class='ocrx_word' id='word_1_38' title='bbox 317 1174 374 1237; x_wconf 87' lang='lat' dir='ltr'>filii</span> <span class='ocrx_word' id='word_1_39' title='bbox 402 1176 485 1236; x_wconf 88' lang='lat' dir='ltr'>Petri</span> <span class='ocrx_word' id='word_1_40' title='bbox 510 1189 541 1236; x_wconf 92' lang='lat' dir='ltr'>et</span> <span class='ocrx_word' id='word_1_41' title='bbox 562 1175 719 1235; x_wconf 83' lang='lat' dir='ltr'>Anthonii</span> <span class='ocrx_word' id='word_1_42' title='bbox 737 1173 894 1236; x_wconf 89' lang='lat' dir='ltr'>carnificis</span> <span class='ocrx_word' id='word_1_43' title='bbox 918 1173 975 1236; x_wconf 86' lang='lat' dir='ltr'>filii</span> <span class='ocrx_word' id='word_1_44' title='bbox 994 1175 1150 1236; x_wconf 85' lang='lat' dir='ltr'>Johannis</span> <span class='ocrx_word' id='word_1_45' title='bbox 1166 1174 1321 1253; x_wconf 83' lang='lat' dir='ltr'>habitam,</span> <span class='ocrx_word' id='word_1_46' title='bbox 1346 1177 1493 1258; x_wconf 81' lang='lat' dir='ltr'>desuper</span> 
     </span>
     <span class='ocr_line' id='line_1_8' title="bbox 216 1280 1495 1363; baseline -0.001 -19"><span class='ocrx_word' id='word_1_47' title='bbox 216 1305 232 1344; x_wconf 92' lang='lat' dir='ltr'>a</span> <span class='ocrx_word' id='word_1_48' title='bbox 258 1284 307 1343; x_wconf 91' lang='lat' dir='ltr'>via</span> <span class='ocrx_word' id='word_1_49' title='bbox 333 1283 512 1358; x_wconf 89' lang='lat' dir='ltr'>communi,</span> <span class='ocrx_word' id='word_1_50' title='bbox 537 1280 618 1342; x_wconf 84' lang='lat' dir='ltr'>inira</span> <span class='ocrx_word' id='word_1_51' title='bbox 644 1301 746 1362; x_wconf 87' lang='lat' dir='ltr'>usque</span> <span class='ocrx_word' id='word_1_52' title='bbox 772 1301 903 1341; x_wconf 88' lang='lat' dir='ltr'>nemora</span> <span class='ocrx_word' id='word_1_53' title='bbox 929 1301 984 1342; x_wconf 91' lang='lat' dir='ltr'>seu</span> <span class='ocrx_word' id='word_1_54' title='bbox 1011 1281 1148 1361; x_wconf 85' lang='lat' dir='ltr'>virgulta</span> <span class='ocrx_word' id='word_1_55' title='bbox 1174 1282 1396 1363; x_wconf 90' lang='lat' dir='ltr'>predictorum</span> <span class='ocrx_word' id='word_1_56' title='bbox 1414 1283 1495 1344; x_wconf 91' lang='lat' dir='ltr'>vici·</span> 
     </span>
     <span class='ocr_line' id='line_1_9' title="bbox 218 1385 1493 1467; baseline 0 -17"><span class='ocrx_word' id='word_1_57' title='bbox 218 1410 343 1465; x_wconf 88' lang='lat' dir='ltr'>norum,</span> <span class='ocrx_word' id='word_1_58' title='bbox 362 1409 433 1450; x_wconf 91' lang='lat' dir='ltr'>cum</span> <span class='ocrx_word' id='word_1_59' title='bbox 459 1385 548 1449; x_wconf 78' lang='lat' dir='ltr'>senili</span> <span class='ocrx_word' id='word_1_60' title='bbox 575 1402 605 1448; x_wconf 92' lang='lat' dir='ltr'>et</span> <span class='ocrx_word' id='word_1_61' title='bbox 623 1388 692 1448; x_wconf 92' lang='lat' dir='ltr'>aliis</span> <span class='ocrx_word' id='word_1_62' title='bbox 710 1388 774 1448; x_wconf 91' lang='lat' dir='ltr'>suis</span> <span class='ocrx_word' id='word_1_63' title='bbox 793 1386 997 1467; x_wconf 83' lang='lat' dir='ltr'>pertinenciis</span> <span class='ocrx_word' id='word_1_64' title='bbox 1015 1389 1101 1448; x_wconf 87' lang='lat' dir='ltr'>Luce</span> <span class='ocrx_word' id='word_1_65' title='bbox 1119 1387 1186 1448; x_wconf 84' lang='lat' dir='ltr'>lilio</span> <span class='ocrx_word' id='word_1_66' title='bbox 1206 1388 1288 1450; x_wconf 86' lang='lat' dir='ltr'>Petri</span> <span class='ocrx_word' id='word_1_67' title='bbox 1307 1403 1337 1449; x_wconf 91' lang='lat' dir='ltr'>et</span> <span class='ocrx_word' id='word_1_68' title='bbox 1357 1389 1493 1450; x_wconf 87' lang='lat' dir='ltr'>Matheo</span> 
     </span>
     <span class='ocr_line' id='line_1_10' title="bbox 218 1493 1491 1575; baseline 0.001 -19"><span class='ocrx_word' id='word_1_69' title='bbox 218 1495 284 1557; x_wconf 89' lang='lat' dir='ltr'>filio</span> <span class='ocrx_word' id='word_1_70' title='bbox 310 1495 524 1555; x_wconf 78' lang='lat' dir='ltr'>vaethltonis</span> <span class='ocrx_word' id='word_1_71' title='bbox 548 1513 668 1573; x_wconf 89' lang='lat' dir='ltr'>genero</span> <span class='ocrx_word' id='word_1_72' title='bbox 692 1512 762 1569; x_wconf 90' lang='lat' dir='ltr'>suo,</span> <span class='ocrx_word' id='word_1_73' title='bbox 798 1507 828 1553; x_wconf 90' lang='lat' dir='ltr'>et</span> <span class='ocrx_word' id='word_1_74' title='bbox 853 1512 963 1553; x_wconf 89' lang='lat' dir='ltr'>eorum</span> <span class='ocrx_word' id='word_1_75' title='bbox 991 1493 1163 1555; x_wconf 84' lang='lat' dir='ltr'>heredibus</span> <span class='ocrx_word' id='word_1_76' title='bbox 1188 1514 1245 1575; x_wconf 93' lang='lat' dir='ltr'>pro</span> <span class='ocrx_word' id='word_1_77' title='bbox 1271 1514 1390 1556; x_wconf 90' lang='lat' dir='ltr'>novem</span> <span class='ocrx_word' id='word_1_78' title='bbox 1418 1495 1491 1558; x_wconf 91' lang='lat' dir='ltr'>flor.</span> 
     </span>
     <span class='ocr_line' id='line_1_11' title="bbox 216 1600 718 1681; baseline -0.006 -19"><span class='ocrx_word' id='word_1_79' title='bbox 216 1603 284 1663; x_wconf 90' lang='lat' dir='ltr'>auri</span> <span class='ocrx_word' id='word_1_80' title='bbox 309 1601 454 1661; x_wconf 91' lang='lat' dir='ltr'>vendidit</span> <span class='ocrx_word' id='word_1_81' title='bbox 479 1600 718 1681; x_wconf 83' lang='lat' dir='ltr'>possidendam.</span> 
     </span>
    </p>

    <p class='ocr_par' dir='ltr' id='par_1_5' title="bbox 216 1705 1491 2741">
     <span class='ocr_line' id='line_1_12' title="bbox 323 1705 1491 1787; baseline 0.002 -21"><span class='ocrx_word' id='word_1_82' title='bbox 323 1707 400 1768; x_wconf 92' lang='lat' dir='ltr'>ltem</span> <span class='ocrx_word' id='word_1_83' title='bbox 426 1706 559 1786; x_wconf 89' lang='lat' dir='ltr'>provida</span> <span class='ocrx_word' id='word_1_84' title='bbox 586 1705 716 1765; x_wconf 91' lang='lat' dir='ltr'>domina</span> <span class='ocrx_word' id='word_1_85' title='bbox 752 1705 928 1787; x_wconf 88' lang='lat' dir='ltr'>Elyzabeth</span> <span class='ocrx_word' id='word_1_86' title='bbox 959 1706 1068 1766; x_wconf 90' lang='lat' dir='ltr'>relicta</span> <span class='ocrx_word' id='word_1_87' title='bbox 1103 1705 1239 1766; x_wconf 89' lang='lat' dir='ltr'>condam</span> <span class='ocrx_word' id='word_1_88' title='bbox 1266 1706 1378 1767; x_wconf 88' lang='lat' dir='ltr'>Jacobi</span> <span class='ocrx_word' id='word_1_89' title='bbox 1406 1707 1491 1768; x_wconf 86' lang='lat' dir='ltr'>Hor·</span> 
     </span>
     <span class='ocr_line' id='line_1_13' title="bbox 217 1810 1489 1892; baseline 0.002 -21"><span class='ocrx_word' id='word_1_90' title='bbox 217 1811 299 1872; x_wconf 87' lang='lat' dir='ltr'>wath</span> <span class='ocrx_word' id='word_1_91' title='bbox 326 1813 404 1872; x_wconf 91' lang='lat' dir='ltr'>olim</span> <span class='ocrx_word' id='word_1_92' title='bbox 431 1812 535 1888; x_wconf 76' lang='lat' dir='ltr'>iurati,</span> <span class='ocrx_word' id='word_1_93' title='bbox 567 1812 707 1872; x_wconf 89' lang='lat' dir='ltr'>concivis</span> <span class='ocrx_word' id='word_1_94' title='bbox 745 1812 841 1872; x_wconf 84' lang='lat' dir='ltr'>nostri</span> <span class='ocrx_word' id='word_1_95' title='bbox 876 1810 931 1872; x_wconf 87' lang='lat' dir='ltr'>lilii</span> <span class='ocrx_word' id='word_1_96' title='bbox 958 1812 1127 1888; x_wconf 87' lang='lat' dir='ltr'>Johannis,</span> <span class='ocrx_word' id='word_1_97' title='bbox 1161 1812 1324 1892; x_wconf 87' lang='lat' dir='ltr'>quandam</span> <span class='ocrx_word' id='word_1_98' title='bbox 1351 1813 1489 1874; x_wconf 91' lang='lat' dir='ltr'>domum</span> 
     </span>
     <span class='ocr_line' id='line_1_14' title="bbox 216 1914 1489 1998; baseline 0.002 -21"><span class='ocrx_word' id='word_1_99' title='bbox 216 1937 305 1978; x_wconf 91' lang='lat' dir='ltr'>suam</span> <span class='ocrx_word' id='word_1_100' title='bbox 332 1919 363 1977; x_wconf 89' lang='lat' dir='ltr'>in</span> <span class='ocrx_word' id='word_1_101' title='bbox 389 1918 516 1978; x_wconf 89' lang='lat' dir='ltr'>civitate</span> <span class='ocrx_word' id='word_1_102' title='bbox 542 1917 624 1978; x_wconf 87' lang='lat' dir='ltr'>inter</span> <span class='ocrx_word' id='word_1_103' title='bbox 649 1917 773 1992; x_wconf 88' lang='lat' dir='ltr'>domos,</span> <span class='ocrx_word' id='word_1_104' title='bbox 799 1914 917 1978; x_wconf 85' lang='lat' dir='ltr'>fundos</span> <span class='ocrx_word' id='word_1_105' title='bbox 941 1932 972 1978; x_wconf 91' lang='lat' dir='ltr'>et</span> <span class='ocrx_word' id='word_1_106' title='bbox 1000 1918 1104 1978; x_wconf 88' lang='lat' dir='ltr'>curias</span> <span class='ocrx_word' id='word_1_107' title='bbox 1129 1917 1276 1998; x_wconf 83' lang='lat' dir='ltr'>Gregorii</span> <span class='ocrx_word' id='word_1_108' title='bbox 1302 1920 1434 1980; x_wconf 88' lang='lat' dir='ltr'>sartoris</span> <span class='ocrx_word' id='word_1_109' title='bbox 1458 1934 1489 1980; x_wconf 90' lang='lat' dir='ltr'>et</span> 
     </span>
     <span class='ocr_line' id='line_1_15' title="bbox 217 2022 1488 2106; baseline 0.002 -22"><span class='ocrx_word' id='word_1_110' title='bbox 217 2025 392 2084; x_wconf 90' lang='lat' dir='ltr'>liberorum</span> <span class='ocrx_word' id='word_1_111' title='bbox 417 2044 472 2083; x_wconf 92' lang='lat' dir='ltr'>seu</span> <span class='ocrx_word' id='word_1_112' title='bbox 507 2043 727 2084; x_wconf 90' lang='lat' dir='ltr'>successorum</span> <span class='ocrx_word' id='word_1_113' title='bbox 762 2025 898 2084; x_wconf 91' lang='lat' dir='ltr'>condam</span> <span class='ocrx_word' id='word_1_114' title='bbox 934 2024 1113 2085; x_wconf 86' lang='lat' dir='ltr'>Sebastiaui</span> <span class='ocrx_word' id='word_1_115' title='bbox 1147 2022 1203 2084; x_wconf 84' lang='lat' dir='ltr'>filii</span> <span class='ocrx_word' id='word_1_116' title='bbox 1231 2024 1385 2106; x_wconf 87' lang='lat' dir='ltr'>Symonis</span> <span class='ocrx_word' id='word_1_117' title='bbox 1416 2027 1488 2086; x_wconf 88' lang='lat' dir='ltr'>sali-</span> 
     </span>
     <span class='ocr_line' id='line_1_16' title="bbox 216 2129 1484 2210; baseline 0.003 -22"><span class='ocrx_word' id='word_1_118' title='bbox 216 2150 296 2190; x_wconf 90' lang='lat' dir='ltr'>vene</span> <span class='ocrx_word' id='word_1_119' title='bbox 322 2131 361 2189; x_wconf 89' lang='lat' dir='ltr'>ab</span> <span class='ocrx_word' id='word_1_120' title='bbox 380 2149 453 2205; x_wconf 89' lang='lat' dir='ltr'>una,</span> <span class='ocrx_word' id='word_1_121' title='bbox 478 2144 507 2190; x_wconf 92' lang='lat' dir='ltr'>et</span> <span class='ocrx_word' id='word_1_122' title='bbox 533 2144 620 2210; x_wconf 87' lang='lat' dir='ltr'>parte</span> <span class='ocrx_word' id='word_1_123' title='bbox 645 2132 685 2190; x_wconf 89' lang='lat' dir='ltr'>ab</span> <span class='ocrx_word' id='word_1_124' title='bbox 703 2130 800 2191; x_wconf 88' lang='lat' dir='ltr'>altera</span> <span class='ocrx_word' id='word_1_125' title='bbox 827 2130 955 2191; x_wconf 82' lang='lat' dir='ltr'>Andree</span> <span class='ocrx_word' id='word_1_126' title='bbox 983 2129 1140 2190; x_wconf 90' lang='lat' dir='ltr'>Zwechar</span> <span class='ocrx_word' id='word_1_127' title='bbox 1164 2130 1320 2206; x_wconf 83' lang='lat' dir='ltr'>habitam,</span> <span class='ocrx_word' id='word_1_128' title='bbox 1345 2132 1484 2192; x_wconf 85' lang='lat' dir='ltr'>mediam</span> 
     </span>
     <span class='ocr_line' id='line_1_17' title="bbox 217 2235 1484 2317; baseline 0.001 -20"><span class='ocrx_word' id='word_1_129' title='bbox 217 2236 335 2297; x_wconf 90' lang='lat' dir='ltr'>curiam</span> <span class='ocrx_word' id='word_1_130' title='bbox 362 2236 401 2295; x_wconf 87' lang='lat' dir='ltr'>ad</span> <span class='ocrx_word' id='word_1_131' title='bbox 428 2256 519 2295; x_wconf 90' lang='lat' dir='ltr'>usum</span> <span class='ocrx_word' id='word_1_132' title='bbox 546 2236 682 2296; x_wconf 87' lang='lat' dir='ltr'>civitatis</span> <span class='ocrx_word' id='word_1_133' title='bbox 707 2237 738 2296; x_wconf 89' lang='lat' dir='ltr'>in</span> <span class='ocrx_word' id='word_1_134' title='bbox 771 2256 803 2295; x_wconf 91' lang='lat' dir='ltr'>se</span> <span class='ocrx_word' id='word_1_135' title='bbox 828 2236 1058 2310; x_wconf 88' lang='lat' dir='ltr'>continentem,</span> <span class='ocrx_word' id='word_1_136' title='bbox 1083 2236 1143 2296; x_wconf 89' lang='lat' dir='ltr'>sibi</span> <span class='ocrx_word' id='word_1_137' title='bbox 1169 2256 1225 2317; x_wconf 90' lang='lat' dir='ltr'>pet</span> <span class='ocrx_word' id='word_1_138' title='bbox 1251 2235 1411 2316; x_wconf 87' lang='lat' dir='ltr'>prelatum</span> <span class='ocrx_word' id='word_1_139' title='bbox 1437 2239 1484 2298; x_wconf 88' lang='lat' dir='ltr'>Ja-</span> 
     </span>
     <span class='ocr_line' id='line_1_18' title="bbox 216 2341 1484 2425; baseline -0.001 -22"><span class='ocrx_word' id='word_1_140' title='bbox 216 2344 332 2403; x_wconf 92' lang='lat' dir='ltr'>cobum</span> <span class='ocrx_word' id='word_1_141' title='bbox 360 2342 391 2401; x_wconf 90' lang='lat' dir='ltr'>in</span> <span class='ocrx_word' id='word_1_142' title='bbox 417 2342 565 2402; x_wconf 87' lang='lat' dir='ltr'>extremis</span> <span class='ocrx_word' id='word_1_143' title='bbox 582 2342 645 2401; x_wconf 91' lang='lat' dir='ltr'>vite</span> <span class='ocrx_word' id='word_1_144' title='bbox 670 2362 726 2402; x_wconf 87' lang='lat' dir='ltr'>sue</span> <span class='ocrx_word' id='word_1_145' title='bbox 751 2341 951 2403; x_wconf 85' lang='lat' dir='ltr'>laborantem</span> <span class='ocrx_word' id='word_1_146' title='bbox 971 2343 1134 2418; x_wconf 88' lang='lat' dir='ltr'>donatam,</span> <span class='ocrx_word' id='word_1_147' title='bbox 1152 2357 1183 2403; x_wconf 89' lang='lat' dir='ltr'>et</span> <span class='ocrx_word' id='word_1_148' title='bbox 1212 2343 1330 2405; x_wconf 86' lang='lat' dir='ltr'>exinde</span> <span class='ocrx_word' id='word_1_149' title='bbox 1358 2365 1413 2425; x_wconf 91' lang='lat' dir='ltr'>per</span> <span class='ocrx_word' id='word_1_150' title='bbox 1430 2364 1484 2405; x_wconf 89' lang='lat' dir='ltr'>nos</span> 
     </span>
     <span class='ocr_line' id='line_1_19' title="bbox 216 2446 1483 2525; baseline 0.001 -17"><span class='ocrx_word' id='word_1_151' title='bbox 216 2461 366 2508; x_wconf 90' lang='lat' dir='ltr'>statutam</span> <span class='ocrx_word' id='word_1_152' title='bbox 394 2448 557 2509; x_wconf 87' lang='lat' dir='ltr'>Ftiderico</span> <span class='ocrx_word' id='word_1_153' title='bbox 584 2446 650 2507; x_wconf 86' lang='lat' dir='ltr'>lilio</span> <span class='ocrx_word' id='word_1_154' title='bbox 669 2447 824 2508; x_wconf 90' lang='lat' dir='ltr'>Johannis</span> <span class='ocrx_word' id='word_1_155' title='bbox 850 2448 934 2509; x_wconf 84' lang='lat' dir='ltr'>Snelt</span> <span class='ocrx_word' id='word_1_156' title='bbox 954 2449 1052 2525; x_wconf 85' lang='lat' dir='ltr'>dictu,</span> <span class='ocrx_word' id='word_1_157' title='bbox 1078 2448 1213 2509; x_wconf 88' lang='lat' dir='ltr'>domiuo</span> <span class='ocrx_word' id='word_1_158' title='bbox 1239 2462 1270 2509; x_wconf 88' lang='lat' dir='ltr'>et</span> <span class='ocrx_word' id='word_1_159' title='bbox 1295 2451 1412 2512; x_wconf 89' lang='lat' dir='ltr'>marito</span> <span class='ocrx_word' id='word_1_160' title='bbox 1428 2470 1483 2510; x_wconf 94' lang='lat' dir='ltr'>suo</span> 
     </span>
     <span class='ocr_line' id='line_1_20' title="bbox 218 2554 1482 2636; baseline -0.001 -21"><span class='ocrx_word' id='word_1_161' title='bbox 218 2555 386 2631; x_wconf 90' lang='lat' dir='ltr'>moderno,</span> <span class='ocrx_word' id='word_1_162' title='bbox 411 2554 472 2632; x_wconf 88' lang='lat' dir='ltr'>jam</span> <span class='ocrx_word' id='word_1_163' title='bbox 499 2569 607 2614; x_wconf 90' lang='lat' dir='ltr'>nostro</span> <span class='ocrx_word' id='word_1_164' title='bbox 633 2555 756 2614; x_wconf 90' lang='lat' dir='ltr'>concivi</span> <span class='ocrx_word' id='word_1_165' title='bbox 783 2569 813 2615; x_wconf 91' lang='lat' dir='ltr'>et</span> <span class='ocrx_word' id='word_1_166' title='bbox 838 2574 874 2613; x_wconf 86' lang='lat' dir='ltr'>ex</span> <span class='ocrx_word' id='word_1_167' title='bbox 900 2555 976 2635; x_wconf 89' lang='lat' dir='ltr'>ipsis</span> <span class='ocrx_word' id='word_1_168' title='bbox 1004 2555 1221 2636; x_wconf 89' lang='lat' dir='ltr'>superviventi</span> <span class='ocrx_word' id='word_1_169' title='bbox 1241 2555 1331 2615; x_wconf 90' lang='lat' dir='ltr'>dedit</span> <span class='ocrx_word' id='word_1_170' title='bbox 1356 2572 1387 2616; x_wconf 89' lang='lat' dir='ltr'>et</span> <span class='ocrx_word' id='word_1_171' title='bbox 1412 2575 1482 2617; x_wconf 93' lang='lat' dir='ltr'>con-</span> 
     </span>
     <span class='ocr_line' id='line_1_21' title="bbox 217 2660 795 2741; baseline 0.002 -21"><span class='ocrx_word' id='word_1_172' title='bbox 217 2661 349 2722; x_wconf 90' lang='lat' dir='ltr'>donavit</span> <span class='ocrx_word' id='word_1_173' title='bbox 375 2674 529 2741; x_wconf 90' lang='lat' dir='ltr'>perpetuo</span> <span class='ocrx_word' id='word_1_174' title='bbox 556 2660 795 2738; x_wconf 87' lang='lat' dir='ltr'>possidendam.</span> 
     </span>
    </p>

    <p class='ocr_par' dir='ltr' id='par_1_6' title="bbox 216 2765 1485 3377">
     <span class='ocr_line' id='line_1_22' title="bbox 324 2765 1481 2848; baseline 0.001 -22"><span class='ocrx_word' id='word_1_175' title='bbox 324 2767 399 2827; x_wconf 91' lang='lat' dir='ltr'>Item</span> <span class='ocrx_word' id='word_1_176' title='bbox 426 2765 562 2826; x_wconf 89' lang='lat' dir='ltr'>Michael</span> <span class='ocrx_word' id='word_1_177' title='bbox 581 2767 716 2827; x_wconf 90' lang='lat' dir='ltr'>claudus</span> <span class='ocrx_word' id='word_1_178' title='bbox 733 2765 817 2826; x_wconf 90' lang='lat' dir='ltr'>lilius</span> <span class='ocrx_word' id='word_1_179' title='bbox 843 2765 996 2846; x_wconf 86' lang='lat' dir='ltr'>Stephani</span> <span class='ocrx_word' id='word_1_180' title='bbox 1015 2766 1148 2847; x_wconf 88' lang='lat' dir='ltr'>Caprini</span> <span class='ocrx_word' id='word_1_181' title='bbox 1167 2767 1206 2828; x_wconf 90' lang='lat' dir='ltr'>de</span> <span class='ocrx_word' id='word_1_182' title='bbox 1225 2768 1365 2847; x_wconf 84' lang='lat' dir='ltr'>Ragusa,</span> <span class='ocrx_word' id='word_1_183' title='bbox 1384 2787 1481 2848; x_wconf 86' lang='lat' dir='ltr'>quan·</span> 
     </span>
     <span class='ocr_line' id='line_1_23' title="bbox 218 2870 1484 2934; baseline -0.002 -2"><span class='ocrx_word' id='word_1_184' title='bbox 218 2874 290 2932; x_wconf 91' lang='lat' dir='ltr'>dam</span> <span class='ocrx_word' id='word_1_185' title='bbox 318 2873 450 2932; x_wconf 91' lang='lat' dir='ltr'>domum</span> <span class='ocrx_word' id='word_1_186' title='bbox 477 2893 567 2932; x_wconf 90' lang='lat' dir='ltr'>suam</span> <span class='ocrx_word' id='word_1_187' title='bbox 593 2893 665 2933; x_wconf 92' lang='lat' dir='ltr'>cum</span> <span class='ocrx_word' id='word_1_188' title='bbox 703 2870 804 2933; x_wconf 82' lang='lat' dir='ltr'>fundo</span> <span class='ocrx_word' id='word_1_189' title='bbox 829 2886 859 2932; x_wconf 86' lang='lat' dir='ltr'>et</span> <span class='ocrx_word' id='word_1_190' title='bbox 891 2870 1047 2933; x_wconf 88' lang='lat' dir='ltr'>hedificiis</span> <span class='ocrx_word' id='word_1_191' title='bbox 1071 2873 1102 2932; x_wconf 93' lang='lat' dir='ltr'>in</span> <span class='ocrx_word' id='word_1_192' title='bbox 1129 2872 1212 2934; x_wconf 90' lang='lat' dir='ltr'>dicta</span> <span class='ocrx_word' id='word_1_193' title='bbox 1245 2873 1373 2933; x_wconf 88' lang='lat' dir='ltr'>civitate</span> <span class='ocrx_word' id='word_1_194' title='bbox 1406 2872 1484 2933; x_wconf 90' lang='lat' dir='ltr'>inter</span> 
     </span>
     <span class='ocr_line' id='line_1_24' title="bbox 217 2977 1484 3058; baseline -0.001 -21"><span class='ocrx_word' id='word_1_195' title='bbox 217 2978 332 3038; x_wconf 90' lang='lat' dir='ltr'>domos</span> <span class='ocrx_word' id='word_1_196' title='bbox 366 2977 508 3037; x_wconf 88' lang='lat' dir='ltr'>virorum</span> <span class='ocrx_word' id='word_1_197' title='bbox 542 2979 751 3058; x_wconf 87' lang='lat' dir='ltr'>providorum</span> <span class='ocrx_word' id='word_1_198' title='bbox 784 2978 912 3038; x_wconf 81' lang='lat' dir='ltr'>Andree</span> <span class='ocrx_word' id='word_1_199' title='bbox 946 2978 1070 3058; x_wconf 89' lang='lat' dir='ltr'>pridem</span> <span class='ocrx_word' id='word_1_200' title='bbox 1104 2977 1218 3057; x_wconf 83' lang='lat' dir='ltr'>judicis</span> <span class='ocrx_word' id='word_1_201' title='bbox 1250 2977 1308 3038; x_wconf 87' lang='lat' dir='ltr'>filii</span> <span class='ocrx_word' id='word_1_202' title='bbox 1340 2978 1423 3039; x_wconf 90' lang='lat' dir='ltr'>Petri</span> <span class='ocrx_word' id='word_1_203' title='bbox 1456 2992 1484 3037; x_wconf 90' lang='lat' dir='ltr'>et</span> 
     </span>
     <span class='ocr_line' id='line_1_25' title="bbox 218 3082 1484 3165; baseline 0 -21"><span class='ocrx_word' id='word_1_204' title='bbox 218 3083 365 3163; x_wconf 85' lang='lat' dir='ltr'>Gregorii</span> <span class='ocrx_word' id='word_1_205' title='bbox 394 3084 516 3163; x_wconf 90' lang='lat' dir='ltr'>pridem</span> <span class='ocrx_word' id='word_1_206' title='bbox 542 3084 646 3161; x_wconf 88' lang='lat' dir='ltr'>jurati,</span> <span class='ocrx_word' id='word_1_207' title='bbox 671 3082 727 3143; x_wconf 88' lang='lat' dir='ltr'>filii</span> <span class='ocrx_word' id='word_1_208' title='bbox 762 3084 936 3160; x_wconf 87' lang='lat' dir='ltr'>Benedicti,</span> <span class='ocrx_word' id='word_1_209' title='bbox 971 3083 1123 3160; x_wconf 88' lang='lat' dir='ltr'>habitam,</span> <span class='ocrx_word' id='word_1_210' title='bbox 1157 3099 1218 3144; x_wconf 89' lang='lat' dir='ltr'>tres</span> <span class='ocrx_word' id='word_1_211' title='bbox 1243 3098 1373 3165; x_wconf 89' lang='lat' dir='ltr'>quartas</span> <span class='ocrx_word' id='word_1_212' title='bbox 1398 3086 1429 3145; x_wconf 92' lang='lat' dir='ltr'>in</span> <span class='ocrx_word' id='word_1_213' title='bbox 1453 3103 1484 3144; x_wconf 90' lang='lat' dir='ltr'>se</span> 
     </span>
     <span class='ocr_line' id='line_1_26' title="bbox 216 3188 1483 3269; baseline 0 -18"><span class='ocrx_word' id='word_1_214' title='bbox 216 3191 449 3266; x_wconf 91' lang='lat' dir='ltr'>continentem,</span> <span class='ocrx_word' id='word_1_215' title='bbox 474 3209 546 3249; x_wconf 89' lang='lat' dir='ltr'>cum</span> <span class='ocrx_word' id='word_1_216' title='bbox 572 3191 636 3250; x_wconf 88' lang='lat' dir='ltr'>suis</span> <span class='ocrx_word' id='word_1_217' title='bbox 670 3190 875 3269; x_wconf 87' lang='lat' dir='ltr'>pertinenciis</span> <span class='ocrx_word' id='word_1_218' title='bbox 901 3190 1008 3249; x_wconf 86' lang='lat' dir='ltr'>Blasio</span> <span class='ocrx_word' id='word_1_219' title='bbox 1041 3188 1109 3250; x_wconf 90' lang='lat' dir='ltr'>filio</span> <span class='ocrx_word' id='word_1_220' title='bbox 1135 3191 1224 3250; x_wconf 84' lang='lat' dir='ltr'>Pauli</span> <span class='ocrx_word' id='word_1_221' title='bbox 1252 3205 1282 3251; x_wconf 89' lang='lat' dir='ltr'>et</span> <span class='ocrx_word' id='word_1_222' title='bbox 1306 3191 1372 3250; x_wconf 90' lang='lat' dir='ltr'>suis</span> <span class='ocrx_word' id='word_1_223' title='bbox 1397 3190 1483 3251; x_wconf 91' lang='lat' dir='ltr'>here·</span> 
     </span>
     <span class='ocr_line' id='line_1_27' title="bbox 219 3295 1485 3377; baseline 0.001 -22"><span class='ocrx_word' id='word_1_224' title='bbox 219 3297 313 3356; x_wconf 92' lang='lat' dir='ltr'>dibus</span> <span class='ocrx_word' id='word_1_225' title='bbox 338 3316 395 3376; x_wconf 89' lang='lat' dir='ltr'>pto</span> <span class='ocrx_word' id='word_1_226' title='bbox 421 3296 548 3375; x_wconf 87' lang='lat' dir='ltr'>triginta</span> <span class='ocrx_word' id='word_1_227' title='bbox 582 3309 655 3356; x_wconf 91' lang='lat' dir='ltr'>octo</span> <span class='ocrx_word' id='word_1_228' title='bbox 681 3295 750 3356; x_wconf 88' lang='lat' dir='ltr'>flor.</span> <span class='ocrx_word' id='word_1_229' title='bbox 785 3296 853 3355; x_wconf 89' lang='lat' dir='ltr'>auri</span> <span class='ocrx_word' id='word_1_230' title='bbox 880 3296 1025 3355; x_wconf 88' lang='lat' dir='ltr'>vendidit</span> <span class='ocrx_word' id='word_1_231' title='bbox 1058 3310 1214 3377; x_wconf 91' lang='lat' dir='ltr'>perpetuo</span> <span class='ocrx_word' id='word_1_232' title='bbox 1247 3296 1485 3375; x_wconf 86' lang='lat' dir='ltr'>possidendam.</span> 
     </span>
    </p>

    <p class='ocr_par' dir='ltr' id='par_1_7' title="bbox 216 3401 1487 4838">
     <span class='ocr_line' id='line_1_28' title="bbox 325 3401 1485 3480; baseline 0 -18"><span class='ocrx_word' id='word_1_233' title='bbox 325 3402 401 3462; x_wconf 87' lang='lat' dir='ltr'>item</span> <span class='ocrx_word' id='word_1_234' title='bbox 429 3403 553 3480; x_wconf 89' lang='lat' dir='ltr'>providi</span> <span class='ocrx_word' id='word_1_235' title='bbox 580 3416 609 3461; x_wconf 91' lang='lat' dir='ltr'>et</span> <span class='ocrx_word' id='word_1_236' title='bbox 638 3401 763 3461; x_wconf 89' lang='lat' dir='ltr'>honesti</span> <span class='ocrx_word' id='word_1_237' title='bbox 790 3402 921 3460; x_wconf 91' lang='lat' dir='ltr'>domina</span> <span class='ocrx_word' id='word_1_238' title='bbox 949 3401 1053 3461; x_wconf 86' lang='lat' dir='ltr'>lwana</span> <span class='ocrx_word' id='word_1_239' title='bbox 1072 3416 1194 3479; x_wconf 90' lang='lat' dir='ltr'>vocata,</span> <span class='ocrx_word' id='word_1_240' title='bbox 1219 3403 1339 3479; x_wconf 85' lang='lat' dir='ltr'>relicta,</span> <span class='ocrx_word' id='word_1_241' title='bbox 1365 3417 1397 3464; x_wconf 92' lang='lat' dir='ltr'>et</span> <span class='ocrx_word' id='word_1_242' title='bbox 1421 3408 1485 3462; x_wconf 86' lang='lat' dir='ltr'>An·</span> 
     </span>
     <span class='ocr_line' id='line_1_29' title="bbox 216 3505 1487 3588; baseline 0.001 -21"><span class='ocrx_word' id='word_1_243' title='bbox 216 3508 348 3568; x_wconf 88' lang='lat' dir='ltr'>thonius</span> <span class='ocrx_word' id='word_1_244' title='bbox 373 3529 408 3566; x_wconf 87' lang='lat' dir='ltr'>ac</span> <span class='ocrx_word' id='word_1_245' title='bbox 435 3508 581 3588; x_wconf 82' lang='lat' dir='ltr'>Mathyas</span> <span class='ocrx_word' id='word_1_246' title='bbox 613 3505 776 3567; x_wconf 85' lang='lat' dir='ltr'>carnifices</span> <span class='ocrx_word' id='word_1_247' title='bbox 802 3522 831 3567; x_wconf 90' lang='lat' dir='ltr'>et</span> <span class='ocrx_word' id='word_1_248' title='bbox 858 3506 1040 3567; x_wconf 89' lang='lat' dir='ltr'>Demetrius</span> <span class='ocrx_word' id='word_1_249' title='bbox 1074 3507 1216 3568; x_wconf 88' lang='lat' dir='ltr'>literatus</span> <span class='ocrx_word' id='word_1_250' title='bbox 1239 3506 1296 3568; x_wconf 88' lang='lat' dir='ltr'>filii</span> <span class='ocrx_word' id='word_1_251' title='bbox 1330 3507 1487 3569; x_wconf 86' lang='lat' dir='ltr'>Johannis</span> 
     </span>
     <span class='ocr_line' id='line_1_30' title="bbox 217 3612 1485 3692; baseline 0.002 -19"><span class='ocrx_word' id='word_1_252' title='bbox 217 3612 272 3673; x_wconf 86' lang='lat' dir='ltr'>filii</span> <span class='ocrx_word' id='word_1_253' title='bbox 300 3613 437 3688; x_wconf 82' lang='lat' dir='ltr'>Millini,</span> <span class='ocrx_word' id='word_1_254' title='bbox 464 3614 611 3673; x_wconf 83' lang='lat' dir='ltr'>concives</span> <span class='ocrx_word' id='word_1_255' title='bbox 645 3614 753 3688; x_wconf 90' lang='lat' dir='ltr'>nostri,</span> <span class='ocrx_word' id='word_1_256' title='bbox 787 3613 949 3692; x_wconf 87' lang='lat' dir='ltr'>quandam</span> <span class='ocrx_word' id='word_1_257' title='bbox 984 3615 1118 3673; x_wconf 91' lang='lat' dir='ltr'>domum</span> <span class='ocrx_word' id='word_1_258' title='bbox 1153 3633 1264 3674; x_wconf 89' lang='lat' dir='ltr'>eorum</span> <span class='ocrx_word' id='word_1_259' title='bbox 1289 3614 1387 3675; x_wconf 91' lang='lat' dir='ltr'>simul</span> <span class='ocrx_word' id='word_1_260' title='bbox 1412 3634 1485 3675; x_wconf 90' lang='lat' dir='ltr'>cum</span> 
     </span>
     <span class='ocr_line' id='line_1_31' title="bbox 218 3717 1486 3799; baseline 0.001 -21"><span class='ocrx_word' id='word_1_261' title='bbox 218 3719 318 3779; x_wconf 85' lang='lat' dir='ltr'>fundo</span> <span class='ocrx_word' id='word_1_262' title='bbox 344 3733 374 3780; x_wconf 91' lang='lat' dir='ltr'>et</span> <span class='ocrx_word' id='word_1_263' title='bbox 399 3718 555 3778; x_wconf 85' lang='lat' dir='ltr'>hedificiis</span> <span class='ocrx_word' id='word_1_264' title='bbox 580 3721 610 3778; x_wconf 90' lang='lat' dir='ltr'>in</span> <span class='ocrx_word' id='word_1_265' title='bbox 638 3719 719 3779; x_wconf 90' lang='lat' dir='ltr'>dicta</span> <span class='ocrx_word' id='word_1_266' title='bbox 746 3719 872 3778; x_wconf 88' lang='lat' dir='ltr'>civitate</span> <span class='ocrx_word' id='word_1_267' title='bbox 898 3719 978 3779; x_wconf 90' lang='lat' dir='ltr'>inter</span> <span class='ocrx_word' id='word_1_268' title='bbox 1003 3733 1033 3778; x_wconf 89' lang='lat' dir='ltr'>et</span> <span class='ocrx_word' id='word_1_269' title='bbox 1058 3738 1156 3799; x_wconf 90' lang='lat' dir='ltr'>penes</span> <span class='ocrx_word' id='word_1_270' title='bbox 1180 3719 1296 3779; x_wconf 90' lang='lat' dir='ltr'>domos</span> <span class='ocrx_word' id='word_1_271' title='bbox 1321 3734 1352 3781; x_wconf 88' lang='lat' dir='ltr'>et</span> <span class='ocrx_word' id='word_1_272' title='bbox 1369 3717 1486 3781; x_wconf 85' lang='lat' dir='ltr'>luridos</span> 
     </span>
     <span class='ocr_line' id='line_1_32' title="bbox 217 3825 1486 3905; baseline 0.002 -20"><span class='ocrx_word' id='word_1_273' title='bbox 217 3825 345 3885; x_wconf 84' lang='lat' dir='ltr'>Thome</span> <span class='ocrx_word' id='word_1_274' title='bbox 371 3840 400 3885; x_wconf 90' lang='lat' dir='ltr'>et</span> <span class='ocrx_word' id='word_1_275' title='bbox 427 3825 574 3905; x_wconf 84' lang='lat' dir='ltr'>Gregorii</span> <span class='ocrx_word' id='word_1_276' title='bbox 599 3827 638 3885; x_wconf 90' lang='lat' dir='ltr'>ab</span> <span class='ocrx_word' id='word_1_277' title='bbox 664 3845 737 3896; x_wconf 91' lang='lat' dir='ltr'>una,</span> <span class='ocrx_word' id='word_1_278' title='bbox 763 3839 793 3885; x_wconf 92' lang='lat' dir='ltr'>et</span> <span class='ocrx_word' id='word_1_279' title='bbox 825 3840 911 3905; x_wconf 87' lang='lat' dir='ltr'>parte</span> <span class='ocrx_word' id='word_1_280' title='bbox 937 3828 975 3884; x_wconf 88' lang='lat' dir='ltr'>ab</span> <span class='ocrx_word' id='word_1_281' title='bbox 1003 3825 1101 3885; x_wconf 89' lang='lat' dir='ltr'>altera</span> <span class='ocrx_word' id='word_1_282' title='bbox 1129 3825 1306 3886; x_wconf 90' lang='lat' dir='ltr'>liberorum</span> <span class='ocrx_word' id='word_1_283' title='bbox 1331 3846 1388 3887; x_wconf 91' lang='lat' dir='ltr'>seu</span> <span class='ocrx_word' id='word_1_284' title='bbox 1415 3846 1486 3887; x_wconf 91' lang='lat' dir='ltr'>suc·</span> 
     </span>
     <span class='ocr_line' id='line_1_33' title="bbox 217 3930 1485 4008; baseline 0.001 -17"><span class='ocrx_word' id='word_1_285' title='bbox 217 3950 378 3991; x_wconf 86' lang='lat' dir='ltr'>cessurum</span> <span class='ocrx_word' id='word_1_286' title='bbox 406 3932 542 3990; x_wconf 88' lang='lat' dir='ltr'>condam</span> <span class='ocrx_word' id='word_1_287' title='bbox 578 3931 730 4005; x_wconf 80' lang='lat' dir='ltr'>luchech,</span> <span class='ocrx_word' id='word_1_288' title='bbox 763 3945 942 3990; x_wconf 91' lang='lat' dir='ltr'>nostrorum</span> <span class='ocrx_word' id='word_1_289' title='bbox 977 3931 1174 4008; x_wconf 84' lang='lat' dir='ltr'>concivium,</span> <span class='ocrx_word' id='word_1_290' title='bbox 1198 3930 1338 3992; x_wconf 89' lang='lat' dir='ltr'>habitam</span> <span class='ocrx_word' id='word_1_291' title='bbox 1366 3946 1397 3994; x_wconf 91' lang='lat' dir='ltr'>et</span> <span class='ocrx_word' id='word_1_292' title='bbox 1423 3933 1485 3993; x_wconf 82' lang='lat' dir='ltr'>exi·</span> 
     </span>
     <span class='ocr_line' id='line_1_34' title="bbox 216 4034 1485 4117; baseline 0.002 -22"><span class='ocrx_word' id='word_1_293' title='bbox 216 4051 363 4114; x_wconf 89' lang='lat' dir='ltr'>stentem,</span> <span class='ocrx_word' id='word_1_294' title='bbox 397 4038 536 4098; x_wconf 90' lang='lat' dir='ltr'>mediam</span> <span class='ocrx_word' id='word_1_295' title='bbox 563 4037 682 4096; x_wconf 92' lang='lat' dir='ltr'>curiam</span> <span class='ocrx_word' id='word_1_296' title='bbox 718 4038 748 4096; x_wconf 91' lang='lat' dir='ltr'>in</span> <span class='ocrx_word' id='word_1_297' title='bbox 774 4051 842 4096; x_wconf 92' lang='lat' dir='ltr'>toto</span> <span class='ocrx_word' id='word_1_298' title='bbox 875 4036 914 4095; x_wconf 94' lang='lat' dir='ltr'>ad</span> <span class='ocrx_word' id='word_1_299' title='bbox 949 4055 1040 4096; x_wconf 91' lang='lat' dir='ltr'>usum</span> <span class='ocrx_word' id='word_1_300' title='bbox 1073 4036 1210 4096; x_wconf 87' lang='lat' dir='ltr'>civitatis</span> <span class='ocrx_word' id='word_1_301' title='bbox 1242 4034 1363 4117; x_wconf 84' lang='lat' dir='ltr'>prefate</span> <span class='ocrx_word' id='word_1_302' title='bbox 1396 4038 1485 4098; x_wconf 90' lang='lat' dir='ltr'>inse</span> 
     </span>
     <span class='ocr_line' id='line_1_35' title="bbox 217 4142 1484 4222; baseline 0.001 -20"><span class='ocrx_word' id='word_1_303' title='bbox 217 4143 447 4218; x_wconf 87' lang='lat' dir='ltr'>continentem,</span> <span class='ocrx_word' id='word_1_304' title='bbox 474 4143 559 4222; x_wconf 90' lang='lat' dir='ltr'>ipsos</span> <span class='ocrx_word' id='word_1_305' title='bbox 583 4143 716 4222; x_wconf 86' lang='lat' dir='ltr'>juridice</span> <span class='ocrx_word' id='word_1_306' title='bbox 735 4157 994 4218; x_wconf 89' lang='lat' dir='ltr'>concernentem‚</span> <span class='ocrx_word' id='word_1_307' title='bbox 1012 4142 1148 4222; x_wconf 90' lang='lat' dir='ltr'>provido</span> <span class='ocrx_word' id='word_1_308' title='bbox 1166 4142 1235 4202; x_wconf 90' lang='lat' dir='ltr'>viro</span> <span class='ocrx_word' id='word_1_309' title='bbox 1260 4142 1399 4203; x_wconf 89' lang='lat' dir='ltr'>Johauni</span> <span class='ocrx_word' id='word_1_310' title='bbox 1418 4142 1484 4204; x_wconf 86' lang='lat' dir='ltr'>filio</span> 
     </span>
     <span class='ocr_line' id='line_1_36' title="bbox 220 4246 1484 4331; baseline 0.002 -24"><span class='ocrx_word' id='word_1_311' title='bbox 220 4246 367 4325; x_wconf 86' lang='lat' dir='ltr'>Gregorii</span> <span class='ocrx_word' id='word_1_312' title='bbox 402 4249 541 4324; x_wconf 88' lang='lat' dir='ltr'>sartoris,</span> <span class='ocrx_word' id='word_1_313' title='bbox 575 4263 683 4307; x_wconf 88' lang='lat' dir='ltr'>nostro</span> <span class='ocrx_word' id='word_1_314' title='bbox 709 4247 844 4323; x_wconf 86' lang='lat' dir='ltr'>concivi,</span> <span class='ocrx_word' id='word_1_315' title='bbox 870 4261 899 4307; x_wconf 89' lang='lat' dir='ltr'>et</span> <span class='ocrx_word' id='word_1_316' title='bbox 933 4268 987 4328; x_wconf 91' lang='lat' dir='ltr'>per</span> <span class='ocrx_word' id='word_1_317' title='bbox 1020 4267 1092 4307; x_wconf 90' lang='lat' dir='ltr'>eum</span> <span class='ocrx_word' id='word_1_318' title='bbox 1126 4248 1191 4308; x_wconf 89' lang='lat' dir='ltr'>suis</span> <span class='ocrx_word' id='word_1_319' title='bbox 1221 4247 1396 4309; x_wconf 89' lang='lat' dir='ltr'>heredibus</span> <span class='ocrx_word' id='word_1_320' title='bbox 1427 4269 1484 4331; x_wconf 91' lang='lat' dir='ltr'>pro</span> 
     </span>
     <span class='ocr_line' id='line_1_37' title="bbox 219 4353 1481 4432; baseline 0.003 -20"><span class='ocrx_word' id='word_1_321' title='bbox 219 4354 360 4432; x_wconf 89' lang='lat' dir='ltr'>quadam</span> <span class='ocrx_word' id='word_1_322' title='bbox 386 4355 485 4414; x_wconf 92' lang='lat' dir='ltr'>domo</span> <span class='ocrx_word' id='word_1_323' title='bbox 510 4375 563 4413; x_wconf 89' lang='lat' dir='ltr'>sua</span> <span class='ocrx_word' id='word_1_324' title='bbox 595 4354 624 4413; x_wconf 91' lang='lat' dir='ltr'>in</span> <span class='ocrx_word' id='word_1_325' title='bbox 658 4354 784 4414; x_wconf 86' lang='lat' dir='ltr'>civitate</span> <span class='ocrx_word' id='word_1_326' title='bbox 818 4353 901 4414; x_wconf 88' lang='lat' dir='ltr'>dicta</span> <span class='ocrx_word' id='word_1_327' title='bbox 928 4354 1045 4430; x_wconf 89' lang='lat' dir='ltr'>habita,</span> <span class='ocrx_word' id='word_1_328' title='bbox 1080 4354 1161 4414; x_wconf 90' lang='lat' dir='ltr'>inter</span> <span class='ocrx_word' id='word_1_329' title='bbox 1185 4354 1300 4415; x_wconf 89' lang='lat' dir='ltr'>domos</span> <span class='ocrx_word' id='word_1_330' title='bbox 1325 4354 1481 4416; x_wconf 85' lang='lat' dir='ltr'>Praudich</span> 
     </span>
     <span class='ocr_line' id='line_1_38' title="bbox 218 4458 1483 4539; baseline 0.002 -20"><span class='ocrx_word' id='word_1_331' title='bbox 218 4459 396 4520; x_wconf 84' lang='lat' dir='ltr'>Clementis</span> <span class='ocrx_word' id='word_1_332' title='bbox 421 4474 450 4518; x_wconf 92' lang='lat' dir='ltr'>et</span> <span class='ocrx_word' id='word_1_333' title='bbox 470 4460 556 4519; x_wconf 81' lang='lat' dir='ltr'>Pauli</span> <span class='ocrx_word' id='word_1_334' title='bbox 578 4458 733 4519; x_wconf 84' lang='lat' dir='ltr'>carnificis</span> <span class='ocrx_word' id='word_1_335' title='bbox 750 4460 819 4535; x_wconf 87' lang='lat' dir='ltr'>sita,</span> <span class='ocrx_word' id='word_1_336' title='bbox 844 4475 907 4520; x_wconf 89' lang='lat' dir='ltr'>tres</span> <span class='ocrx_word' id='word_1_337' title='bbox 925 4476 1054 4539; x_wconf 91' lang='lat' dir='ltr'>quartas</span> <span class='ocrx_word' id='word_1_338' title='bbox 1072 4460 1103 4519; x_wconf 89' lang='lat' dir='ltr'>in</span> <span class='ocrx_word' id='word_1_339' title='bbox 1128 4479 1160 4519; x_wconf 92' lang='lat' dir='ltr'>se</span> <span class='ocrx_word' id='word_1_340' title='bbox 1178 4460 1377 4538; x_wconf 88' lang='lat' dir='ltr'>continente,</span> <span class='ocrx_word' id='word_1_341' title='bbox 1394 4462 1483 4521; x_wconf 94' lang='lat' dir='ltr'>cuius</span> 
     </span>
     <span class='ocr_line' id='line_1_39' title="bbox 218 4565 1483 4645; baseline 0 -21"><span class='ocrx_word' id='word_1_342' title='bbox 218 4566 317 4624; x_wconf 87' lang='lat' dir='ltr'>eciam</span> <span class='ocrx_word' id='word_1_343' title='bbox 345 4567 460 4624; x_wconf 89' lang='lat' dir='ltr'>domus</span> <span class='ocrx_word' id='word_1_344' title='bbox 485 4582 629 4645; x_wconf 89' lang='lat' dir='ltr'>quartam</span> <span class='ocrx_word' id='word_1_345' title='bbox 665 4569 749 4626; x_wconf 85' lang='lat' dir='ltr'>curie</span> <span class='ocrx_word' id='word_1_346' title='bbox 783 4566 902 4645; x_wconf 85' lang='lat' dir='ltr'>prelata</span> <span class='ocrx_word' id='word_1_347' title='bbox 936 4566 1066 4624; x_wconf 89' lang='lat' dir='ltr'>domina</span> <span class='ocrx_word' id='word_1_348' title='bbox 1094 4565 1197 4625; x_wconf 85' lang='lat' dir='ltr'>lwana</span> <span class='ocrx_word' id='word_1_349' title='bbox 1224 4586 1296 4626; x_wconf 91' lang='lat' dir='ltr'>cum</span> <span class='ocrx_word' id='word_1_350' title='bbox 1323 4565 1397 4626; x_wconf 82' lang='lat' dir='ltr'>liliis</span> <span class='ocrx_word' id='word_1_351' title='bbox 1420 4568 1483 4626; x_wconf 87' lang='lat' dir='ltr'>suis</span> 
     </span>
     <span class='ocr_line' id='line_1_40' title="bbox 216 4671 1480 4753; baseline 0.004 -25"><span class='ocrx_word' id='word_1_352' title='bbox 216 4671 370 4751; x_wconf 88' lang='lat' dir='ltr'>predictis</span> <span class='ocrx_word' id='word_1_353' title='bbox 402 4672 579 4752; x_wconf 89' lang='lat' dir='ltr'>empcionis</span> <span class='ocrx_word' id='word_1_354' title='bbox 612 4673 705 4731; x_wconf 90' lang='lat' dir='ltr'>titulo</span> <span class='ocrx_word' id='word_1_355' title='bbox 738 4672 914 4731; x_wconf 87' lang='lat' dir='ltr'>dinoscitur</span> <span class='ocrx_word' id='word_1_356' title='bbox 948 4672 1121 4752; x_wconf 90' lang='lat' dir='ltr'>possidete,</span> <span class='ocrx_word' id='word_1_357' title='bbox 1153 4691 1210 4753; x_wconf 90' lang='lat' dir='ltr'>per</span> <span class='ocrx_word' id='word_1_358' title='bbox 1242 4673 1377 4733; x_wconf 88' lang='lat' dir='ltr'>modum</span> <span class='ocrx_word' id='word_1_359' title='bbox 1410 4692 1480 4733; x_wconf 88' lang='lat' dir='ltr'>con·</span> 
     </span>
     <span class='ocr_line' id='line_1_41' title="bbox 218 4775 527 4838; baseline 0.013 -5"><span class='ocrx_word' id='word_1_360' title='bbox 218 4775 333 4834; x_wconf 91' lang='lat' dir='ltr'>cambii</span> <span class='ocrx_word' id='word_1_361' title='bbox 360 4775 527 4838; x_wconf 90' lang='lat' dir='ltr'>dederunt.</span> 
     </span>
    </p>
   </div>
   <div class='ocr_carea' id='block_1_5' title="bbox 0 0 1576 5356">
    <p class='ocr_par' dir='ltr' id='par_1_8' title="bbox 0 0 1576 5356">
     <span class='ocr_line' id='line_1_42' title="bbox 0 0 1576 5356; baseline 0 0"><span class='ocrx_word' id='word_1_362' title='bbox 0 0 1576 5356; x_wconf 95' lang='lat' dir='ltr'> </span> 
     </span>
    </p>
   </div>
  </div>
 </body>
</html>
