3142 5356
148 348 210 430 238
677 348 765 406 Anno
787 360 879 425 1432.

147 573 179 623 et
202 558 408 643 pertinenciis
432 557 590 620 universis
615 557 753 620 Martino
777 556 882 639 jurato
907 577 943 620 ac
971 578 1125 641 pereum
1150 559 1217 620 suis
1240 559 1416 621 heredibus

147 687 206 751 pro
230 680 368 749 quatuor
384 664 454 728 flor.
479 664 548 726 auri
573 663 719 726 vendidit
735 663 979 747 privilegialiter
996 680 1152 749 perpetuo
1168 665 1416 749 possidendam.

342 907 424 978 item
452 906 600 977 infesto
630 904 858 977 sacratissimi
887 904 1045 995 Corporis
1075 903 1215 977 Christi.

675 1071 738 1134 oo.
755 1059 866 1135 junio·

256 1199 334 1263 Item
360 1200 407 1261 vir
438 1199 558 1261 nobilis
582 1212 612 1259 et
642 1218 818 1280 generosus
851 1198 1004 1261 Nicolaus
1027 1197 1113 1260 filius
1143 1197 1265 1258 strenui
1290 1212 1321 1259 et
1347 1217 1420 1280 pro·

150 1308 230 1370 ceris
254 1306 365 1368 militis
383 1305 473 1367 Pauli
499 1305 537 1366 de
556 1305 678 1383 Zrinio,
702 1305 781 1367 olim
799 1306 941 1367 concivis
957 1305 1070 1384 nostri,
1094 1318 1125 1366 et
1149 1303 1284 1366 domina
1303 1303 1420 1387 Elyza·

150 1413 224 1475 beth
250 1413 359 1475 relicta
384 1411 529 1474 eiusdem
550 1411 640 1472 Pauli
666 1411 705 1471 de
723 1411 834 1472 Zrinio
859 1427 960 1475 mater
977 1430 1054 1473 vero
1079 1411 1179 1492 ipsius
1203 1410 1344 1488 Nicolai,
1361 1429 1421 1491 pro

149 1533 225 1582 tunc
249 1519 349 1580 nostri
372 1517 532 1596 concives,
555 1517 720 1599 quandam
744 1517 878 1579 domum
904 1536 1017 1579 eorum
1042 1531 1201 1579 muratam
1226 1535 1327 1597 prope
1346 1535 1421 1598 por·

149 1625 259 1688 tellam
284 1625 421 1686 civitatis
445 1638 655 1707 campestrem
677 1624 759 1686 inter
776 1624 909 1686 domurn
935 1639 967 1685 et
991 1622 1128 1685 fundum
1146 1623 1323 1684 liberorum
1343 1643 1418 1685 con·

150 1732 224 1794 dam
249 1732 391 1814 magistri
417 1729 572 1813 Stephani
596 1729 735 1813 lapicide
768 1748 804 1791 ac
828 1730 895 1791 vias
918 1749 974 1791 seu
1006 1729 1128 1813 plateas
1152 1747 1343 1790 communes
1366 1727 1421 1789 ha·

151 1838 263 1916 bitam,
287 1852 425 1919 quatuor
449 1836 554 1897 curias
578 1837 609 1897 in
642 1855 674 1897 se
707 1836 938 1913 continentem,
963 1855 1035 1896 cum
1067 1835 1133 1896 suis
1157 1833 1368 1915 pertinenciis
1391 1848 1424 1895 et

151 1943 343 2005 utilitatibus
360 1942 518 2004 universis
535 1942 687 2022 magistro
702 1941 842 2003 Johanni
859 1941 1008 2024 lapicide,
1025 1941 1140 2020 jurato,
1155 1939 1279 2001 concivi
1298 1954 1423 2018 nostro,

151 2071 187 2112 ac
211 2069 267 2132 per
302 2069 375 2111 eum
411 2049 476 2110 suis
509 2048 681 2111 heredibus
711 2068 769 2131 pro
801 2050 965 2131 sexaginta
997 2047 1067 2111 flor.
1101 2047 1170 2109 auri
1202 2046 1424 2108 vendiderunt

152 2170 307 2239 perpetuo
338 2155 568 2238 possidendam
602 2169 632 2216 et
663 2155 973 2237 quomodocumque
1012 2153 1150 2216 voluerit
1181 2153 1422 2235 disponendam

152 2263 238 2343 juxta
262 2262 486 2323 condicionem
513 2261 648 2323 civitatis
680 2259 801 2344 prefate
826 2262 866 2322 ab
891 2262 1026 2343 antiquo
1059 2261 1283 2344 approbatam,
1308 2260 1425 2321 vicinis

152 2368 304 2452 predictis
327 2368 609 2430 consencientibus
632 2381 663 2429 et
687 2368 816 2429 nemine
842 2367 970 2449 penitus
994 2367 1244 2429 contradicente.
