<?xml version="1.0" encoding="UTF-8"?>
<!DOCTYPE html PUBLIC "-//W3C//DTD XHTML 1.0 Transitional//EN"
    "http://www.w3.org/TR/xhtml1/DTD/xhtml1-transitional.dtd">
<html xmlns="http://www.w3.org/1999/xhtml" xml:lang="en" lang="en">
 <head>
  <title>
</title>
<meta http-equiv="Content-Type" content="text/html;charset=utf-8" />
  <meta name='ocr-system' content='tesseract 3.04.00' />
  <meta name='ocr-capabilities' content='ocr_page ocr_carea ocr_par ocr_line ocrx_word'/>
</head>
<body>
  <div class='ocr_page' id='page_1' title='image "./monumentahistor17laszgoog_0426.png"; bbox 0 0 3142 5356; ppageno 0'>
   <div class='ocr_carea' id='block_1_1' title="bbox 436 1347 1100 1446">
    <p class='ocr_par' dir='ltr' id='par_1_1' title="bbox 436 1347 1100 1446">
     <span class='ocr_line' id='line_1_1' title="bbox 436 1347 1100 1446; baseline -0.003 0"><span class='ocrx_word' id='word_1_1' title='bbox 436 1349 565 1446; x_wconf 80' lang='lat' dir='ltr'>(Anno</span> <span class='ocrx_word' id='word_1_2' title='bbox 592 1347 749 1436; x_wconf 84' lang='lat' dir='ltr'><strong>Domini</strong></span> <span class='ocrx_word' id='word_1_3' title='bbox 777 1347 1100 1444; x_wconf 80' lang='lat' dir='ltr'>MGCOLXXXIIl</span> 
     </span>
    </p>
   </div>
   <div class='ocr_carea' id='block_1_2' title="bbox 82 1703 1403 2072">
    <p class='ocr_par' dir='ltr' id='par_1_2' title="bbox 82 1703 1403 2072">
     <span class='ocr_line' id='line_1_2' title="bbox 82 1703 1402 1825; baseline 0.002 -29"><span class='ocrx_word' id='word_1_4' title='bbox 82 1703 246 1813; x_wconf 56' lang='lat' dir='ltr'>Rota,</span> <span class='ocrx_word' id='word_1_5' title='bbox 275 1724 370 1822; x_wconf 93' lang='lat' dir='ltr'>quod</span> <span class='ocrx_word' id='word_1_6' title='bbox 401 1747 494 1798; x_wconf 90' lang='lat' dir='ltr'>anno</span> <span class='ocrx_word' id='word_1_7' title='bbox 533 1721 677 1798; x_wconf 83' lang='lat' dir='ltr'>Domini</span> <span class='ocrx_word' id='word_1_8' title='bbox 716 1724 903 1799; x_wconf 91' lang='lat' dir='ltr'>millesimo</span> <span class='ocrx_word' id='word_1_9' title='bbox 943 1725 1200 1799; x_wconf 85' lang='lat' dir='ltr'>tercentesimo</span> <span class='ocrx_word' id='word_1_10' title='bbox 1239 1749 1402 1825; x_wconf 87' lang='lat' dir='ltr'>nonage-</span> 
     </span>
     <span class='ocr_line' id='line_1_3' title="bbox 92 1845 1403 1946; baseline 0.004 -27"><span class='ocrx_word' id='word_1_11' title='bbox 92 1848 241 1937; x_wconf 54' lang='lat' dir='ltr'>Simo</span> <span class='ocrx_word' id='word_1_12' title='bbox 271 1856 437 1946; x_wconf 90' lang='lat' dir='ltr'>tempore</span> <span class='ocrx_word' id='word_1_13' title='bbox 462 1847 643 1943; x_wconf 82' lang='lat' dir='ltr'>judicatus</span> <span class='ocrx_word' id='word_1_14' title='bbox 673 1847 803 1921; x_wconf 89' lang='lat' dir='ltr'>domini</span> <span class='ocrx_word' id='word_1_15' title='bbox 839 1845 1020 1922; x_wconf 85' lang='lat' dir='ltr'>Francisci</span> <span class='ocrx_word' id='word_1_16' title='bbox 1058 1846 1117 1922; x_wconf 86' lang='lat' dir='ltr'>filii</span> <span class='ocrx_word' id='word_1_17' title='bbox 1149 1847 1269 1931; x_wconf 79' lang='lat' dir='ltr'>Marci.</span> <span class='ocrx_word' id='word_1_18' title='bbox 1299 1851 1403 1924; x_wconf 85' lang='lat' dir='ltr'>litere</span> 
     </span>
     <span class='ocr_line' id='line_1_4' title="bbox 394 1972 1137 2072; baseline -0.005 -26"><span class='ocrx_word' id='word_1_19' title='bbox 394 1996 503 2070; x_wconf 90' lang='lat' dir='ltr'>super</span> <span class='ocrx_word' id='word_1_20' title='bbox 532 1972 825 2072; x_wconf 85' lang='lat' dir='ltr'>possessionibus</span> <span class='ocrx_word' id='word_1_21' title='bbox 855 1972 1137 2047; x_wconf 90' lang='lat' dir='ltr'>subscribuntur.</span> 
     </span>
    </p>
   </div>
   <div class='ocr_carea' id='block_1_3' title="bbox 120 2217 1404 2725">
    <p class='ocr_par' dir='ltr' id='par_1_3' title="bbox 120 2217 1404 2725">
     <span class='ocr_line' id='line_1_5' title="bbox 244 2217 1402 2300; baseline 0.001 -21"><span class='ocrx_word' id='word_1_22' title='bbox 244 2218 321 2280; x_wconf 93' lang='lat' dir='ltr'>Item</span> <span class='ocrx_word' id='word_1_23' title='bbox 347 2218 436 2300; x_wconf 90' lang='lat' dir='ltr'>quod</span> <span class='ocrx_word' id='word_1_24' title='bbox 454 2218 529 2299; x_wconf 86' lang='lat' dir='ltr'>quia</span> <span class='ocrx_word' id='word_1_25' title='bbox 554 2218 681 2293; x_wconf 80' lang='lat' dir='ltr'>Iwan(al</span> <span class='ocrx_word' id='word_1_26' title='bbox 707 2218 822 2278; x_wconf 92' lang='lat' dir='ltr'>mulier</span> <span class='ocrx_word' id='word_1_27' title='bbox 847 2217 878 2278; x_wconf 93' lang='lat' dir='ltr'>in</span> <span class='ocrx_word' id='word_1_28' title='bbox 903 2231 1094 2280; x_wconf 88' lang='lat' dir='ltr'>testamento</span> <span class='ocrx_word' id='word_1_29' title='bbox 1111 2219 1284 2300; x_wconf 85' lang='lat' dir='ltr'>quemdam</span> <span class='ocrx_word' id='word_1_30' title='bbox 1309 2239 1402 2280; x_wconf 90' lang='lat' dir='ltr'>suum</span> 
     </span>
     <span class='ocr_line' id='line_1_6' title="bbox 120 2320 1402 2407; baseline 0.004 -26"><span class='ocrx_word' id='word_1_31' title='bbox 120 2320 275 2385; x_wconf 68' lang='lat' dir='ltr'>{undum</span> <span class='ocrx_word' id='word_1_32' title='bbox 301 2338 331 2385; x_wconf 88' lang='lat' dir='ltr'>et</span> <span class='ocrx_word' id='word_1_33' title='bbox 356 2325 483 2385; x_wconf 91' lang='lat' dir='ltr'>vineam</span> <span class='ocrx_word' id='word_1_34' title='bbox 510 2325 610 2384; x_wconf 84' lang='lat' dir='ltr'>Eleae</span> <span class='ocrx_word' id='word_1_35' title='bbox 643 2323 706 2384; x_wconf 87' lang='lat' dir='ltr'>filie</span> <span class='ocrx_word' id='word_1_36' title='bbox 739 2344 793 2384; x_wconf 91' lang='lat' dir='ltr'>sue</span> <span class='ocrx_word' id='word_1_37' title='bbox 820 2324 998 2405; x_wconf 86' lang='lat' dir='ltr'>legavisset,</span> <span class='ocrx_word' id='word_1_38' title='bbox 1024 2325 1098 2385; x_wconf 91' lang='lat' dir='ltr'>ideo</span> <span class='ocrx_word' id='word_1_39' title='bbox 1131 2345 1189 2386; x_wconf 92' lang='lat' dir='ltr'>nos</span> <span class='ocrx_word' id='word_1_40' title='bbox 1213 2326 1402 2407; x_wconf 81' lang='lat' dir='ltr'>prescriptos</span> 
     </span>
     <span class='ocr_line' id='line_1_7' title="bbox 123 2429 1402 2513; baseline 0.004 -25"><span class='ocrx_word' id='word_1_41' title='bbox 123 2429 272 2492; x_wconf 88' lang='lat' dir='ltr'>‹lomum</span> <span class='ocrx_word' id='word_1_42' title='bbox 296 2445 326 2492; x_wconf 89' lang='lat' dir='ltr'>et</span> <span class='ocrx_word' id='word_1_43' title='bbox 351 2433 477 2492; x_wconf 91' lang='lat' dir='ltr'>vioeam</span> <span class='ocrx_word' id='word_1_44' title='bbox 503 2431 608 2492; x_wconf 91' lang='lat' dir='ltr'>eidem</span> <span class='ocrx_word' id='word_1_45' title='bbox 627 2431 817 2512; x_wconf 86' lang='lat' dir='ltr'>reliquimus</span> <span class='ocrx_word' id='word_1_46' title='bbox 840 2431 896 2491; x_wconf 91' lang='lat' dir='ltr'>tali</span> <span class='ocrx_word' id='word_1_47' title='bbox 915 2432 1025 2508; x_wconf 89' lang='lat' dir='ltr'>modo,</span> <span class='ocrx_word' id='word_1_48' title='bbox 1050 2431 1138 2512; x_wconf 93' lang='lat' dir='ltr'>quod</span> <span class='ocrx_word' id='word_1_49' title='bbox 1163 2431 1188 2492; x_wconf 90' lang='lat' dir='ltr'>si</span> <span class='ocrx_word' id='word_1_50' title='bbox 1215 2432 1316 2513; x_wconf 86' lang='lat' dir='ltr'>ipsam</span> <span class='ocrx_word' id='word_1_51' title='bbox 1333 2437 1402 2494; x_wconf 90' lang='lat' dir='ltr'>sine</span> 
     </span>
     <span class='ocr_line' id='line_1_8' title="bbox 124 2529 1404 2618; baseline 0.004 -24"><span class='ocrx_word' id='word_1_52' title='bbox 124 2529 310 2598; x_wconf 71' lang='lat' dir='ltr'>heredibus</span> <span class='ocrx_word' id='word_1_53' title='bbox 335 2537 416 2597; x_wconf 90' lang='lat' dir='ltr'>mori</span> <span class='ocrx_word' id='word_1_54' title='bbox 442 2537 645 2617; x_wconf 80' lang='lat' dir='ltr'>contingerit,</span> <span class='ocrx_word' id='word_1_55' title='bbox 671 2550 785 2597; x_wconf 87' lang='lat' dir='ltr'>extunc</span> <span class='ocrx_word' id='word_1_56' title='bbox 811 2537 842 2596; x_wconf 95' lang='lat' dir='ltr'>in</span> <span class='ocrx_word' id='word_1_57' title='bbox 867 2535 971 2615; x_wconf 87' lang='lat' dir='ltr'>juset</span> <span class='ocrx_word' id='word_1_58' title='bbox 996 2538 1223 2618; x_wconf 85' lang='lat' dir='ltr'>proprietatem</span> <span class='ocrx_word' id='word_1_59' title='bbox 1252 2538 1348 2599; x_wconf 84' lang='lat' dir='ltr'>Blasii</span> <span class='ocrx_word' id='word_1_60' title='bbox 1373 2551 1404 2599; x_wconf 87' lang='lat' dir='ltr'>et</span> 
     </span>
     <span class='ocr_line' id='line_1_9' title="bbox 131 2639 1346 2725; baseline 0.004 -25"><span class='ocrx_word' id='word_1_61' title='bbox 131 2639 264 2704; x_wconf 81' lang='lat' dir='ltr'>Nicolai</span> <span class='ocrx_word' id='word_1_62' title='bbox 291 2643 490 2720; x_wconf 86' lang='lat' dir='ltr'>devolvatur,</span> <span class='ocrx_word' id='word_1_63' title='bbox 515 2657 660 2725; x_wconf 88' lang='lat' dir='ltr'>tempore</span> <span class='ocrx_word' id='word_1_64' title='bbox 683 2641 841 2721; x_wconf 87' lang='lat' dir='ltr'>judicatos</span> <span class='ocrx_word' id='word_1_65' title='bbox 865 2642 998 2725; x_wconf 90' lang='lat' dir='ltr'>predicti</span> <span class='ocrx_word' id='word_1_66' title='bbox 1025 2643 1148 2704; x_wconf 90' lang='lat' dir='ltr'>domini</span> <span class='ocrx_word' id='word_1_67' title='bbox 1175 2644 1346 2707; x_wconf 90' lang='lat' dir='ltr'>Francisci.</span> 
     </span>
    </p>
   </div>
   <div class='ocr_carea' id='block_1_4' title="bbox 141 2766 1403 3271">
    <p class='ocr_par' dir='ltr' id='par_1_4' title="bbox 141 2766 1400 3043">
     <span class='ocr_line' id='line_1_10' title="bbox 248 2766 1400 2848; baseline 0.002 -20"><span class='ocrx_word' id='word_1_68' title='bbox 248 2768 325 2829; x_wconf 84' lang='lat' dir='ltr'>Item</span> <span class='ocrx_word' id='word_1_69' title='bbox 355 2768 469 2829; x_wconf 87' lang='lat' dir='ltr'>Paulas</span> <span class='ocrx_word' id='word_1_70' title='bbox 504 2767 592 2828; x_wconf 90' lang='lat' dir='ltr'>dedit</span> <span class='ocrx_word' id='word_1_71' title='bbox 616 2766 779 2847; x_wconf 89' lang='lat' dir='ltr'>quandam</span> <span class='ocrx_word' id='word_1_72' title='bbox 812 2787 902 2829; x_wconf 90' lang='lat' dir='ltr'>suam</span> <span class='ocrx_word' id='word_1_73' title='bbox 928 2767 1054 2828; x_wconf 90' lang='lat' dir='ltr'>vineam</span> <span class='ocrx_word' id='word_1_74' title='bbox 1074 2767 1217 2848; x_wconf 83' lang='lat' dir='ltr'>Georgio</span> <span class='ocrx_word' id='word_1_75' title='bbox 1243 2767 1400 2830; x_wconf 89' lang='lat' dir='ltr'>Gerdinin</span> 
     </span>
     <span class='ocr_line' id='line_1_11' title="bbox 141 2872 1400 2956; baseline 0.004 -24"><span class='ocrx_word' id='word_1_76' title='bbox 141 2872 170 2933; x_wconf 88' lang='lat' dir='ltr'>in</span> <span class='ocrx_word' id='word_1_77' title='bbox 206 2877 432 2937; x_wconf 88' lang='lat' dir='ltr'>concambium</span> <span class='ocrx_word' id='word_1_78' title='bbox 469 2874 635 2937; x_wconf 88' lang='lat' dir='ltr'>cuiusdam</span> <span class='ocrx_word' id='word_1_79' title='bbox 673 2874 765 2935; x_wconf 87' lang='lat' dir='ltr'>vinee</span> <span class='ocrx_word' id='word_1_80' title='bbox 801 2894 867 2952; x_wconf 91' lang='lat' dir='ltr'>sue,</span> <span class='ocrx_word' id='word_1_81' title='bbox 903 2889 1049 2956; x_wconf 88' lang='lat' dir='ltr'>ternpore</span> <span class='ocrx_word' id='word_1_82' title='bbox 1082 2874 1240 2953; x_wconf 84' lang='lat' dir='ltr'>judicatus</span> <span class='ocrx_word' id='word_1_83' title='bbox 1273 2877 1400 2938; x_wconf 91' lang='lat' dir='ltr'>domini</span> 
     </span>
     <span class='ocr_line' id='line_1_12' title="bbox 143 2977 310 3043; baseline 0.03 -5"><span class='ocrx_word' id='word_1_84' title='bbox 143 2977 310 3043; x_wconf 82' lang='lat' dir='ltr'>Francisci.</span> 
     </span>
    </p>

    <p class='ocr_par' dir='ltr' id='par_1_5' title="bbox 145 3087 1403 3271">
     <span class='ocr_line' id='line_1_13' title="bbox 245 3087 1403 3165; baseline 0.001 -18"><span class='ocrx_word' id='word_1_85' title='bbox 245 3087 324 3149; x_wconf 87' lang='lat' dir='ltr'>Item</span> <span class='ocrx_word' id='word_1_86' title='bbox 349 3088 434 3148; x_wconf 92' lang='lat' dir='ltr'>idem</span> <span class='ocrx_word' id='word_1_87' title='bbox 461 3088 575 3148; x_wconf 86' lang='lat' dir='ltr'>Paulas</span> <span class='ocrx_word' id='word_1_88' title='bbox 600 3088 677 3149; x_wconf 92' lang='lat' dir='ltr'>emit</span> <span class='ocrx_word' id='word_1_89' title='bbox 694 3107 790 3148; x_wconf 85' lang='lat' dir='ltr'>unam</span> <span class='ocrx_word' id='word_1_90' title='bbox 815 3102 932 3148; x_wconf 90' lang='lat' dir='ltr'>terram</span> <span class='ocrx_word' id='word_1_91' title='bbox 957 3107 974 3147; x_wconf 92' lang='lat' dir='ltr'>a</span> <span class='ocrx_word' id='word_1_92' title='bbox 1000 3087 1135 3149; x_wconf 81' lang='lat' dir='ltr'>NIcolao</span> <span class='ocrx_word' id='word_1_93' title='bbox 1160 3087 1299 3165; x_wconf 85' lang='lat' dir='ltr'>Cristan,</span> <span class='ocrx_word' id='word_1_94' title='bbox 1321 3101 1403 3150; x_wconf 87' lang='lat' dir='ltr'>tem·</span> 
     </span>
     <span class='ocr_line' id='line_1_14' title="bbox 145 3193 515 3271; baseline 0.011 -19"><span class='ocrx_word' id='word_1_95' title='bbox 145 3210 217 3271; x_wconf 88' lang='lat' dir='ltr'>pore</span> <span class='ocrx_word' id='word_1_96' title='bbox 243 3193 319 3255; x_wconf 90' lang='lat' dir='ltr'>dicti</span> <span class='ocrx_word' id='word_1_97' title='bbox 344 3194 515 3257; x_wconf 89' lang='lat' dir='ltr'>Francisci.</span> 
     </span>
    </p>
   </div>
   <div class='ocr_carea' id='block_1_5' title="bbox 146 3316 1403 3505">
    <p class='ocr_par' dir='ltr' id='par_1_6' title="bbox 146 3316 1403 3505">
     <span class='ocr_line' id='line_1_15' title="bbox 245 3316 1403 3402; baseline 0.001 -24"><span class='ocrx_word' id='word_1_98' title='bbox 245 3317 322 3379; x_wconf 91' lang='lat' dir='ltr'>Item</span> <span class='ocrx_word' id='word_1_99' title='bbox 356 3318 485 3402; x_wconf 88' lang='lat' dir='ltr'>Matbya</span> <span class='ocrx_word' id='word_1_100' title='bbox 511 3318 588 3380; x_wconf 90' lang='lat' dir='ltr'>emit</span> <span class='ocrx_word' id='word_1_101' title='bbox 620 3338 717 3379; x_wconf 90' lang='lat' dir='ltr'>onam</span> <span class='ocrx_word' id='word_1_102' title='bbox 749 3318 876 3378; x_wconf 87' lang='lat' dir='ltr'>vineam</span> <span class='ocrx_word' id='word_1_103' title='bbox 910 3337 928 3377; x_wconf 90' lang='lat' dir='ltr'>a</span> <span class='ocrx_word' id='word_1_104' title='bbox 954 3316 1055 3377; x_wconf 84' lang='lat' dir='ltr'>Malea</span> <span class='ocrx_word' id='word_1_105' title='bbox 1087 3316 1222 3378; x_wconf 91' lang='lat' dir='ltr'>muliere</span> <span class='ocrx_word' id='word_1_106' title='bbox 1255 3331 1403 3380; x_wconf 88' lang='lat' dir='ltr'>consorte</span> 
     </span>
     <span class='ocr_line' id='line_1_16' title="bbox 146 3419 800 3505; baseline 0 -22"><span class='ocrx_word' id='word_1_107' title='bbox 146 3419 284 3505; x_wconf 81' lang='lat' dir='ltr'>Georgii,</span> <span class='ocrx_word' id='word_1_108' title='bbox 309 3437 455 3505; x_wconf 90' lang='lat' dir='ltr'>tempore</span> <span class='ocrx_word' id='word_1_109' title='bbox 480 3423 603 3485; x_wconf 92' lang='lat' dir='ltr'>domini</span> <span class='ocrx_word' id='word_1_110' title='bbox 629 3423 800 3484; x_wconf 86' lang='lat' dir='ltr'>Francisci.</span> 
     </span>
    </p>
   </div>
   <div class='ocr_carea' id='block_1_6' title="bbox 144 3547 1402 4053">
    <p class='ocr_par' dir='ltr' id='par_1_7' title="bbox 144 3547 1402 3841">
     <span class='ocr_line' id='line_1_17' title="bbox 244 3547 1402 3630; baseline 0.002 -22"><span class='ocrx_word' id='word_1_111' title='bbox 244 3547 320 3609; x_wconf 90' lang='lat' dir='ltr'>Item</span> <span class='ocrx_word' id='word_1_112' title='bbox 346 3548 435 3630; x_wconf 94' lang='lat' dir='ltr'>quod</span> <span class='ocrx_word' id='word_1_113' title='bbox 460 3549 534 3630; x_wconf 88' lang='lat' dir='ltr'>qnia</span> <span class='ocrx_word' id='word_1_114' title='bbox 552 3550 665 3610; x_wconf 87' lang='lat' dir='ltr'>Petrus</span> <span class='ocrx_word' id='word_1_115' title='bbox 688 3547 773 3610; x_wconf 90' lang='lat' dir='ltr'>filius</span> <span class='ocrx_word' id='word_1_116' title='bbox 797 3548 907 3609; x_wconf 88' lang='lat' dir='ltr'>lureni</span> <span class='ocrx_word' id='word_1_117' title='bbox 932 3547 1095 3628; x_wconf 84' lang='lat' dir='ltr'>quandam</span> <span class='ocrx_word' id='word_1_118' title='bbox 1113 3548 1302 3629; x_wconf 85' lang='lat' dir='ltr'>particulam</span> <span class='ocrx_word' id='word_1_119' title='bbox 1320 3562 1402 3610; x_wconf 86' lang='lat' dir='ltr'>terre</span> 
     </span>
     <span class='ocr_line' id='line_1_18' title="bbox 146 3651 1402 3736; baseline 0.003 -24"><span class='ocrx_word' id='word_1_120' title='bbox 146 3651 314 3715; x_wconf 81' lang='lat' dir='ltr'>Karberine</span> <span class='ocrx_word' id='word_1_121' title='bbox 349 3652 415 3716; x_wconf 91' lang='lat' dir='ltr'>filie</span> <span class='ocrx_word' id='word_1_122' title='bbox 448 3653 551 3716; x_wconf 87' lang='lat' dir='ltr'>iratris</span> <span class='ocrx_word' id='word_1_123' title='bbox 591 3655 639 3715; x_wconf 88' lang='lat' dir='ltr'>sui</span> <span class='ocrx_word' id='word_1_124' title='bbox 675 3653 940 3716; x_wconf 85' lang='lat' dir='ltr'>testamentaliter</span> <span class='ocrx_word' id='word_1_125' title='bbox 972 3653 1158 3736; x_wconf 84' lang='lat' dir='ltr'>legavisset‚</span> <span class='ocrx_word' id='word_1_126' title='bbox 1190 3654 1264 3716; x_wconf 91' lang='lat' dir='ltr'>ideo</span> <span class='ocrx_word' id='word_1_127' title='bbox 1296 3655 1402 3716; x_wconf 90' lang='lat' dir='ltr'>eidem</span> 
     </span>
     <span class='ocr_line' id='line_1_19' title="bbox 144 3758 339 3841; baseline 0.026 -24"><span class='ocrx_word' id='word_1_128' title='bbox 144 3758 339 3841; x_wconf 83' lang='lat' dir='ltr'>reliquimus.</span> 
     </span>
    </p>

    <p class='ocr_par' dir='ltr' id='par_1_8' title="bbox 145 3864 1401 4053">
     <span class='ocr_line' id='line_1_20' title="bbox 245 3864 1401 3947; baseline 0.003 -21"><span class='ocrx_word' id='word_1_129' title='bbox 245 3865 323 3927; x_wconf 88' lang='lat' dir='ltr'>Item</span> <span class='ocrx_word' id='word_1_130' title='bbox 349 3867 484 3928; x_wconf 88' lang='lat' dir='ltr'>Prezora</span> <span class='ocrx_word' id='word_1_131' title='bbox 509 3866 625 3927; x_wconf 90' lang='lat' dir='ltr'>mulier</span> <span class='ocrx_word' id='word_1_132' title='bbox 657 3867 764 3928; x_wconf 88' lang='lat' dir='ltr'>relicta</span> <span class='ocrx_word' id='word_1_133' title='bbox 791 3865 928 3927; x_wconf 90' lang='lat' dir='ltr'>condam</span> <span class='ocrx_word' id='word_1_134' title='bbox 961 3866 1045 3925; x_wconf 86' lang='lat' dir='ltr'>Iwan</span> <span class='ocrx_word' id='word_1_135' title='bbox 1071 3864 1267 3927; x_wconf 92' lang='lat' dir='ltr'>condonavit</span> <span class='ocrx_word' id='word_1_136' title='bbox 1290 3886 1401 3947; x_wconf 89' lang='lat' dir='ltr'>quem·</span> 
     </span>
     <span class='ocr_line' id='line_1_21' title="bbox 145 3967 901 4053; baseline 0.003 -23"><span class='ocrx_word' id='word_1_137' title='bbox 145 3967 211 4032; x_wconf 81' lang='lat' dir='ltr'>dam</span> <span class='ocrx_word' id='word_1_138' title='bbox 236 3990 330 4033; x_wconf 86' lang='lat' dir='ltr'>suum</span> <span class='ocrx_word' id='word_1_139' title='bbox 355 3968 492 4033; x_wconf 80' lang='lat' dir='ltr'>fundum</span> <span class='ocrx_word' id='word_1_140' title='bbox 518 3972 646 4033; x_wconf 86' lang='lat' dir='ltr'>Andree</span> <span class='ocrx_word' id='word_1_141' title='bbox 671 3986 809 4053; x_wconf 83' lang='lat' dir='ltr'>cognato</span> <span class='ocrx_word' id='word_1_142' title='bbox 833 3991 901 4032; x_wconf 90' lang='lat' dir='ltr'>suo.</span> 
     </span>
    </p>
   </div>
   <div class='ocr_carea' id='block_1_7' title="bbox 145 4093 1400 4263">
    <p class='ocr_par' dir='ltr' id='par_1_9' title="bbox 145 4093 1400 4263">
     <span class='ocr_line' id='line_1_22' title="bbox 244 4093 1400 4158; baseline 0.002 -3"><span class='ocrx_word' id='word_1_143' title='bbox 244 4094 321 4155; x_wconf 89' lang='lat' dir='ltr'>Item</span> <span class='ocrx_word' id='word_1_144' title='bbox 346 4095 499 4156; x_wconf 90' lang='lat' dir='ltr'>dominus</span> <span class='ocrx_word' id='word_1_145' title='bbox 524 4095 635 4156; x_wconf 87' lang='lat' dir='ltr'>Petrus</span> <span class='ocrx_word' id='word_1_146' title='bbox 666 4095 816 4157; x_wconf 89' lang='lat' dir='ltr'>sacerdos</span> <span class='ocrx_word' id='word_1_147' title='bbox 838 4093 914 4158; x_wconf 84' lang='lat' dir='ltr'>iecit</span> <span class='ocrx_word' id='word_1_148' title='bbox 937 4096 1231 4157; x_wconf 86' lang='lat' dir='ltr'>commutacionem</span> <span class='ocrx_word' id='word_1_149' title='bbox 1256 4115 1328 4157; x_wconf 91' lang='lat' dir='ltr'>cum</span> <span class='ocrx_word' id='word_1_150' title='bbox 1353 4115 1400 4157; x_wconf 95' lang='lat' dir='ltr'>re·</span> 
     </span>
     <span class='ocr_line' id='line_1_23' title="bbox 145 4195 865 4263; baseline 0.007 -5"><span class='ocrx_word' id='word_1_151' title='bbox 145 4195 210 4262; x_wconf 88' lang='lat' dir='ltr'>licta</span> <span class='ocrx_word' id='word_1_152' title='bbox 236 4201 381 4262; x_wconf 85' lang='lat' dir='ltr'>Barnabe</span> <span class='ocrx_word' id='word_1_153' title='bbox 406 4202 580 4263; x_wconf 90' lang='lat' dir='ltr'>sacerdotis</span> <span class='ocrx_word' id='word_1_154' title='bbox 604 4222 675 4263; x_wconf 91' lang='lat' dir='ltr'>curn</span> <span class='ocrx_word' id='word_1_155' title='bbox 702 4202 865 4263; x_wconf 87' lang='lat' dir='ltr'>domibus.</span> 
     </span>
    </p>
   </div>
   <div class='ocr_carea' id='block_1_8' title="bbox 145 4323 1400 4619">
    <p class='ocr_par' dir='ltr' id='par_1_10' title="bbox 145 4323 1400 4619">
     <span class='ocr_line' id='line_1_24' title="bbox 244 4323 1400 4405; baseline 0.003 -20"><span class='ocrx_word' id='word_1_156' title='bbox 244 4323 323 4386; x_wconf 86' lang='lat' dir='ltr'>Item</span> <span class='ocrx_word' id='word_1_157' title='bbox 348 4325 432 4386; x_wconf 88' lang='lat' dir='ltr'>Iwan</span> <span class='ocrx_word' id='word_1_158' title='bbox 457 4324 542 4386; x_wconf 87' lang='lat' dir='ltr'>filius</span> <span class='ocrx_word' id='word_1_159' title='bbox 575 4326 703 4386; x_wconf 80' lang='lat' dir='ltr'>MartIni</span> <span class='ocrx_word' id='word_1_160' title='bbox 736 4326 814 4387; x_wconf 89' lang='lat' dir='ltr'>emit</span> <span class='ocrx_word' id='word_1_161' title='bbox 839 4345 939 4387; x_wconf 90' lang='lat' dir='ltr'>unum</span> <span class='ocrx_word' id='word_1_162' title='bbox 973 4324 1109 4387; x_wconf 81' lang='lat' dir='ltr'>fundum</span> <span class='ocrx_word' id='word_1_163' title='bbox 1140 4346 1157 4385; x_wconf 90' lang='lat' dir='ltr'>a</span> <span class='ocrx_word' id='word_1_164' title='bbox 1184 4326 1297 4405; x_wconf 80' lang='lat' dir='ltr'>Kurse,</span> <span class='ocrx_word' id='word_1_165' title='bbox 1322 4341 1400 4389; x_wconf 89' lang='lat' dir='ltr'>tem·</span> 
     </span>
     <span class='ocr_line' id='line_1_25' title="bbox 145 4429 846 4510; baseline 0.004 -20"><span class='ocrx_word' id='word_1_166' title='bbox 145 4445 215 4506; x_wconf 87' lang='lat' dir='ltr'>pore</span> <span class='ocrx_word' id='word_1_167' title='bbox 239 4429 399 4510; x_wconf 80' lang='lat' dir='ltr'>judicatus</span> <span class='ocrx_word' id='word_1_168' title='bbox 423 4431 499 4493; x_wconf 92' lang='lat' dir='ltr'>dicti</span> <span class='ocrx_word' id='word_1_169' title='bbox 525 4432 649 4493; x_wconf 92' lang='lat' dir='ltr'>domini</span> <span class='ocrx_word' id='word_1_170' title='bbox 675 4432 846 4493; x_wconf 86' lang='lat' dir='ltr'>FranciscI.</span> 
     </span>
     <span class='ocr_line' id='line_1_26' title="bbox 244 4535 1345 4619; baseline 0.002 -21"><span class='ocrx_word' id='word_1_171' title='bbox 244 4535 322 4598; x_wconf 89' lang='lat' dir='ltr'>Item</span> <span class='ocrx_word' id='word_1_172' title='bbox 347 4538 433 4600; x_wconf 90' lang='lat' dir='ltr'>idern</span> <span class='ocrx_word' id='word_1_173' title='bbox 458 4538 536 4599; x_wconf 90' lang='lat' dir='ltr'>emit</span> <span class='ocrx_word' id='word_1_174' title='bbox 560 4557 656 4598; x_wconf 85' lang='lat' dir='ltr'>unam</span> <span class='ocrx_word' id='word_1_175' title='bbox 681 4538 809 4599; x_wconf 85' lang='lat' dir='ltr'>vineam</span> <span class='ocrx_word' id='word_1_176' title='bbox 833 4559 851 4597; x_wconf 88' lang='lat' dir='ltr'>a</span> <span class='ocrx_word' id='word_1_177' title='bbox 875 4537 1019 4619; x_wconf 90' lang='lat' dir='ltr'>predicto</span> <span class='ocrx_word' id='word_1_178' title='bbox 1045 4538 1204 4600; x_wconf 85' lang='lat' dir='ltr'>Francisci</span> <span class='ocrx_word' id='word_1_179' title='bbox 1229 4537 1345 4617; x_wconf 83' lang='lat' dir='ltr'>judice.</span> 
     </span>
    </p>
   </div>
   <div class='ocr_carea' id='block_1_9' title="bbox 144 4659 1400 4849">
    <p class='ocr_par' dir='ltr' id='par_1_11' title="bbox 144 4659 1400 4849">
     <span class='ocr_line' id='line_1_27' title="bbox 244 4659 1400 4744; baseline 0.002 -24"><span class='ocrx_word' id='word_1_180' title='bbox 244 4659 322 4722; x_wconf 88' lang='lat' dir='ltr'>Item</span> <span class='ocrx_word' id='word_1_181' title='bbox 349 4661 464 4744; x_wconf 87' lang='lat' dir='ltr'>Mylrcb</span> <span class='ocrx_word' id='word_1_182' title='bbox 491 4681 563 4723; x_wconf 90' lang='lat' dir='ltr'>curn</span> <span class='ocrx_word' id='word_1_183' title='bbox 597 4681 695 4723; x_wconf 86' lang='lat' dir='ltr'>uxore</span> <span class='ocrx_word' id='word_1_184' title='bbox 720 4682 775 4723; x_wconf 90' lang='lat' dir='ltr'>sua</span> <span class='ocrx_word' id='word_1_185' title='bbox 802 4661 952 4723; x_wconf 88' lang='lat' dir='ltr'>Puchana</span> <span class='ocrx_word' id='word_1_186' title='bbox 988 4676 1099 4722; x_wconf 84' lang='lat' dir='ltr'>vocata</span> <span class='ocrx_word' id='word_1_187' title='bbox 1131 4675 1278 4724; x_wconf 87' lang='lat' dir='ltr'>emerunt</span> <span class='ocrx_word' id='word_1_188' title='bbox 1301 4681 1400 4723; x_wconf 90' lang='lat' dir='ltr'>unum</span> 
     </span>
     <span class='ocr_line' id='line_1_28' title="bbox 144 4761 1074 4849; baseline 0.003 -22"><span class='ocrx_word' id='word_1_189' title='bbox 144 4761 275 4828; x_wconf 84' lang='lat' dir='ltr'>fundum</span> <span class='ocrx_word' id='word_1_190' title='bbox 299 4767 339 4828; x_wconf 84' lang='lat' dir='ltr'>ob</span> <span class='ocrx_word' id='word_1_191' title='bbox 363 4766 541 4846; x_wconf 80' lang='lat' dir='ltr'>Anthonio‚</span> <span class='ocrx_word' id='word_1_192' title='bbox 565 4781 710 4849; x_wconf 87' lang='lat' dir='ltr'>tempore</span> <span class='ocrx_word' id='word_1_193' title='bbox 743 4767 877 4849; x_wconf 90' lang='lat' dir='ltr'>predicti</span> <span class='ocrx_word' id='word_1_194' title='bbox 903 4767 1074 4830; x_wconf 78' lang='lat' dir='ltr'>Francisci,</span> 
     </span>
    </p>
   </div>
   <div class='ocr_carea' id='block_1_10' title="bbox 0 0 1582 5356">
    <p class='ocr_par' dir='ltr' id='par_1_12' title="bbox 0 0 1582 5356">
     <span class='ocr_line' id='line_1_29' title="bbox 0 0 1582 5356; baseline 0 0"><span class='ocrx_word' id='word_1_195' title='bbox 0 0 1582 5356; x_wconf 95' lang='lat' dir='ltr'> </span> 
     </span>
    </p>
   </div>
  </div>
 </body>
</html>
