3142 5356
229 354 291 414 206
757 352 844 409 Anno
866 363 958 428 1431.

231 564 361 626 Andree
394 564 433 625 de
467 563 583 641 Turre,
617 575 798 623 nostrorum
831 561 1033 630 concivium,
1066 560 1207 623 habitam
1232 575 1262 622 et
1295 560 1503 637 existentem,

230 691 325 732 unam
352 671 512 750 integram
546 669 665 730 curiam
700 668 731 728 in
764 688 796 728 se
829 667 1059 742 continentem,
1097 687 1169 728 cum
1202 666 1267 726 suis
1292 667 1505 747 pertinenciis

231 779 385 858 magistro
410 778 540 838 Vrbano
575 777 701 838 literato
725 793 761 835 ac
793 793 849 856 per
880 793 953 834 eum
978 775 1043 834 suis
1068 773 1240 834 heredibus
1271 793 1330 855 pro
1355 775 1502 855 quadam

231 884 317 945 curia
343 901 399 943 seu
424 881 523 942 domo
555 901 611 942 sua
644 879 781 962 prediali
810 879 842 940 in
876 880 1078 961 possessione
1104 879 1247 961 Capituli
1280 881 1505 959 zagrabiensis

231 989 351 1067 habita,
376 1008 431 1069 per
456 987 590 1048 modum
609 986 861 1069 permutationis
883 999 913 1046 et
930 986 1110 1046 concambii
1136 984 1275 1046 dedisset
1293 985 1395 1047 immo
1413 986 1505 1046 dedit

230 1109 386 1179 perpetuo
412 1114 520 1156 coram
546 1093 640 1155 nobis
662 1092 900 1175 possidendam.

338 1202 415 1263 ltem
442 1200 657 1262 communitas
674 1199 754 1260 duas
771 1213 877 1281 partes
902 1199 1069 1261 cuiusdam
1088 1214 1172 1262 terre
1188 1200 1318 1262 arabilis
1335 1213 1366 1261 et
1382 1196 1504 1277 senilis,

231 1329 293 1390 que
318 1306 457 1369 condam
483 1306 637 1368 Johannis
670 1304 818 1389 Grachyn
852 1304 1045 1386 prefuerant,
1074 1306 1104 1367 in
1137 1307 1299 1368 territorio
1324 1319 1355 1367 et
1384 1324 1504 1387 campo

233 1415 369 1476 civitatis
385 1411 507 1494 prefate
525 1413 606 1474 inter
623 1413 791 1493 antiquum
815 1426 955 1472 meatum
981 1431 1036 1472 seu
1054 1412 1224 1473 decursum
1243 1412 1331 1473 fluvii
1350 1410 1500 1473 Cherno-

232 1520 340 1582 merch
366 1520 481 1596 vocati,
507 1517 702 1579 Mathichina
737 1533 898 1594 vocatum,
930 1520 969 1579 ab
995 1519 1130 1595 oriente,
1155 1534 1184 1579 et
1217 1519 1298 1579 inter
1323 1518 1404 1578 duas
1429 1518 1498 1578 vias

233 1627 390 1709 publicas,
423 1645 518 1686 unam
553 1645 570 1685 a
603 1624 782 1686 meridione
814 1639 845 1686 et
877 1625 973 1685 aliam
1002 1645 1019 1685 a
1051 1626 1280 1706 septemtrione
1313 1625 1498 1698 existentes,

233 1753 269 1793 ac
294 1733 375 1793 inter
391 1746 489 1792 terras
515 1731 662 1792 similiter
677 1731 813 1791 arabiles
838 1731 1013 1792 liberorum
1031 1751 1087 1792 seu
1111 1750 1330 1793 successorum
1356 1731 1499 1792 condam

235 1837 391 1899 Johannis
417 1835 531 1915 judicis
554 1834 610 1897 lilii
637 1836 746 1897 Jacobi
781 1835 856 1897 dicti
883 1836 983 1918 Bolye
1016 1838 1056 1898 ab
1080 1837 1215 1915 oriente,
1239 1837 1403 1898 mediante
1428 1857 1497 1898 mo·

233 1946 334 2005 derno
366 1944 502 2004 decursu
533 1962 589 2003 seu
622 1955 728 2003 meatu
762 1942 837 2003 dicti
879 1941 966 2002 fluvii
1000 1941 1242 2005 Chernomerch
1274 1943 1380 2004 vocati
1413 1944 1501 2020 sitas,

234 2050 330 2112 simul
356 2069 427 2111 cum
464 2049 605 2129 quodam
639 2046 728 2108 fenili
766 2067 865 2130 parvo
899 2048 1005 2109 eidem
1029 2062 1111 2109 terre
1143 2049 1314 2128 adjacenti,
1339 2048 1448 2110 habite
1474 2063 1504 2108 et

234 2158 415 2232 existentes,
440 2155 612 2216 duodecim
648 2154 698 2215 vel
724 2155 801 2215 citra
835 2154 936 2215 dietas
959 2169 1041 2215 terre
1067 2155 1098 2214 in
1131 2174 1164 2215 se
1190 2155 1405 2233 continentes,
1430 2175 1503 2236 por·

236 2265 344 2325 ciones
368 2261 519 2322 videlicet
543 2261 623 2322 duas
646 2280 703 2321 seu
736 2275 841 2338 partes
872 2260 972 2341 ipsius
1004 2275 1086 2322 terre
1112 2274 1142 2321 et
1174 2257 1280 2322 senilis
1304 2280 1362 2342 pro
1388 2262 1504 2340 viginti

237 2368 306 2429 flor.
331 2368 417 2442 auri3
442 2366 576 2449 provida
601 2380 708 2427 autem
740 2366 871 2427 domina
902 2366 1077 2428 Katherina
1110 2366 1219 2428 relicta
1245 2381 1276 2428 et
1301 2367 1504 2448 Margaretha

234 2473 298 2535 filia
324 2473 461 2535 condam
496 2472 695 2552 Sigismundi
728 2471 832 2551 jurati,
869 2472 999 2534 terciam
1032 2486 1154 2555 partem
1187 2474 1331 2535 eiusdem
1365 2488 1449 2535 terre
1475 2491 1505 2534 et

235 2579 342 2641 senilis
366 2599 438 2640 cum
463 2579 528 2639 suis
553 2578 758 2660 pertinenciis
783 2578 932 2640 Michaeli
957 2577 1024 2640 filio
1049 2578 1178 2640 Andree
1202 2579 1242 2641 de
1269 2580 1417 2662 Brusnye
1442 2601 1503 2662 pro

234 2687 347 2768 viginti
372 2700 511 2766 quatuor
534 2683 604 2746 flor.
628 2685 696 2746 auri
720 2685 934 2746 vendiderunt
958 2700 1113 2766 perpetuo
1138 2685 1358 2765 possidendas.

341 2791 417 2851 ltem
443 2791 542 2870 proba
568 2805 598 2852 et
622 2790 755 2852 honesta
779 2790 912 2852 domina
936 2790 1050 2851 Vrsula
1081 2791 1159 2851 alias
1184 2790 1349 2852 Thernina
1376 2806 1503 2869 vocata,

235 2896 299 2958 lilia
324 2895 462 2957 condam
485 2896 636 2977 Symonis
660 2896 735 2957 dicti
755 2895 1015 2958 Chestnilxowich
1046 2896 1156 2957 relicta
1180 2916 1257 2958 vero
1283 2897 1360 2958 olim
1382 2897 1506 2960 Vrbani

235 3002 340 3082 jurati,
363 3020 451 3062 nunc
476 3021 606 3062 consors
631 3002 785 3063 Anthonii
811 3002 983 3084 arcuparis,
1008 3002 1170 3083 quandam
1199 3003 1326 3064 vineam
1352 3022 1444 3065 suam
1473 3006 1506 3066 in

235 3107 396 3168 territorio
422 3120 531 3167 nostro
564 3107 645 3168 inter
677 3108 786 3169 vineas
819 3108 901 3169 Petri
926 3107 1137 3169 Wrecharich
1162 3106 1220 3169 filii
1253 3108 1431 3187 Valentini,
1466 3114 1507 3172 ab

236 3233 310 3290 una,
336 3226 366 3274 et
392 3213 491 3273 Elene
516 3210 581 3274 filie
607 3213 737 3274 domine
763 3213 936 3275 Scolastice
969 3214 1078 3276 relicte
1111 3213 1249 3275 condam
1276 3213 1411 3295 Georgii
1435 3235 1508 3277 car-

235 3317 338 3380 nificis
362 3318 438 3379 dicti
464 3319 587 3379 Musich
614 3320 754 3381 habitam
779 3333 810 3380 et
833 3320 1032 3397 existentem,
1056 3333 1145 3402 parte
1170 3340 1209 3382 ex
1233 3319 1332 3382 altera
1357 3320 1507 3384 habitam

236 3438 267 3486 et
292 3424 491 3501 existentem,
516 3443 588 3484 cum
622 3425 687 3486 suis
718 3425 909 3486 utilitatibus
940 3440 971 3487 et
999 3425 1205 3508 pertinenciis
1237 3426 1395 3488 universis
1432 3448 1508 3509 pre·

236 3531 322 3591 dicto
350 3531 441 3591 Petro
466 3530 674 3592 Wrecharich
700 3545 730 3592 et
758 3530 878 3612 prefate
905 3532 1004 3593 Elcne
1038 3551 1074 3593 ac
1099 3532 1230 3613 Mathye
1253 3533 1397 3594 citaredo
1422 3548 1507 3595 tam·

236 3656 334 3717 quam
358 3637 423 3697 suis
447 3637 682 3698 circumvicinis
706 3657 764 3719 pro
789 3637 901 3717 viginti
920 3639 1064 3719 quinque
1089 3637 1159 3700 flor.
1183 3638 1252 3700 auri
1271 3638 1418 3701 vendidit
1433 3659 1509 3721 per·

237 3758 334 3825 petuo
359 3743 597 3824 possidendam.

343 3849 420 3910 Item
444 3849 551 3910 totalis
575 3850 691 3910 domus
717 3850 810 3910 unius
835 3851 956 3931 integre
979 3851 1064 3911 curie
1088 3851 1184 3912 simul
1209 3870 1281 3912 cum
1307 3849 1421 3930 tundo,
1447 3873 1502 3914 ce-

237 3955 382 4037 larioque
410 3957 616 4016 subterraneo
642 3975 678 4015 ac
702 3954 859 4016 hedificiis
884 3956 914 4016 in
941 3956 1067 4017 civitate
1085 3955 1207 4038 prelata
1231 3957 1313 4018 inter
1337 3957 1456 4019 domos
1475 3973 1507 4021 et

237 4060 354 4122 lundos
378 4061 437 4121 viri
464 4061 591 4143 providi
618 4075 648 4121 et
673 4061 798 4122 honesti
824 4061 992 4122 Laurencii
1026 4061 1120 4141 jurati
1146 4062 1245 4123 nostri
1277 4063 1438 4143 moderni,
1465 4066 1507 4127 ab

239 4189 300 4229 una
327 4183 425 4249 parte,
450 4189 485 4228 ac
510 4166 676 4248 hospitalis
709 4168 852 4229 eiusdem
887 4168 1033 4245 civitatis,
1067 4188 1213 4230 necnon
1244 4169 1422 4230 liberorum
1448 4191 1508 4233 seu

237 4293 456 4335 successorum
482 4273 619 4334 condam
645 4274 755 4334 Jacobi
785 4273 1017 4357 Zuholowlych
1040 4288 1127 4355 parte
1154 4294 1192 4336 ex
1216 4273 1313 4336 altera
1340 4275 1449 4337 habita
1476 4293 1509 4338 et

238 4381 393 4456 existens,
429 4399 500 4440 cum
535 4380 685 4440 omnibus
717 4380 782 4440 suis
814 4380 1004 4441 utilitatibus
1037 4395 1067 4442 et
1098 4381 1305 4462 pertinenciis
1346 4382 1508 4444 universis

239 4485 397 4566 Gregorio
423 4506 521 4567 parvo
546 4484 614 4546 filio
640 4484 737 4563 Galli,
762 4486 897 4564 concivi,
929 4506 967 4545 ex
995 4501 1152 4547 certarum
1177 4485 1343 4548 literarum
1376 4503 1505 4550 nostra-

238 4611 310 4652 rum
344 4591 592 4672 privilegialium
617 4591 696 4652 serie
729 4611 836 4652 coram
862 4592 954 4653 nobis
979 4592 1010 4652 in
1043 4592 1147 4674 specie
1171 4592 1421 4674 productarum,
1455 4608 1506 4656 est

240 4696 309 4777 jure
334 4697 520 4778 perhennali
545 4697 787 4778 privilegialiter
811 4711 1008 4780 perpetuata,
1034 4697 1226 4779 possidenda
1252 4712 1284 4759 et
1316 4699 1506 4781 quomodo·

239 4822 377 4883 cumque
403 4802 541 4865 voluerit
565 4802 776 4885 disponenda.
