3142 5356
224 517 255 566 et
277 502 361 564 Petri
392 499 449 562 filii
484 501 647 562 Valentini
679 500 798 576 habite,
830 517 928 559 unam
965 510 1111 578 quartam
1143 496 1175 557 in
1198 516 1232 557 se
1264 496 1490 569 continens,a

224 624 312 692 parte
337 608 470 690 predicti
497 607 629 689 Georgii
664 605 816 687 lutifiguli
847 606 918 682 sita,
943 604 1073 666 Vrbano
1107 603 1193 664 dicto
1219 603 1398 685 Thurchyn
1424 601 1489 663 filio

226 715 316 776 Pauli
341 734 397 797 per
413 713 638 775 vendicionem
658 712 771 774 Briccii
789 711 846 772 filii
864 712 981 794 Mykus
1005 730 1042 771 ex
1060 729 1218 771 consensu
1236 708 1336 770 lwani
1355 707 1494 770 Owchar

226 821 323 883 aliam
341 820 547 882 medietatem
565 819 597 880 in
615 819 727 879 eadem
753 818 863 895 domo,
880 815 993 895 fundo,
1018 816 1137 878 celario
1162 829 1193 877 et
1210 813 1379 892 hedificiis,
1396 833 1494 875 unam

226 927 373 989 similiter
390 940 535 1008 quartam
555 926 586 986 in
604 946 635 986 se
660 925 882 987 continentem
907 944 923 985 a
955 923 1038 984 dicta
1055 937 1144 1005 parte
1162 923 1261 1005 ipsius
1286 922 1372 983 Petri
1400 922 1493 982 sitam

227 1033 402 1095 literatorie
425 1031 628 1114 possidentia,
657 1046 702 1092 est
736 1033 795 1092 sub
828 1030 981 1112 pendenti
1014 1030 1121 1110 sigillo
1146 1028 1392 1110 privilegialiter
1426 1047 1494 1110 per·

228 1152 368 1220 petuata.

334 1244 412 1305 ltem
437 1242 577 1325 quedam
603 1243 696 1304 vinea
720 1243 752 1304 in
777 1242 938 1304 territorio
971 1255 1080 1303 nostro
1109 1261 1164 1302 seu
1189 1241 1328 1302 civitatis
1353 1238 1495 1322 predicte

230 1352 313 1412 inter
335 1351 463 1412 vineam
489 1351 617 1412 Martini
649 1348 706 1411 filii
737 1349 869 1430 Georgii
904 1349 942 1409 de
969 1348 1137 1431 Brezthya,
1162 1363 1192 1409 et
1217 1362 1305 1431 parte
1331 1348 1372 1408 ab
1397 1347 1496 1407 altera

228 1477 319 1520 secus
344 1457 470 1518 vineam
497 1469 527 1517 et
550 1456 728 1538 plantulam
766 1456 862 1517 Blasii
894 1456 1076 1517 stationarii
1102 1455 1220 1534 habita,
1245 1475 1300 1536 per
1324 1454 1493 1516 vendicio·

228 1584 302 1625 nem
329 1562 457 1645 Mathye
489 1562 618 1623 sartoris
650 1561 773 1643 pridem
806 1561 899 1641 jurati
932 1561 987 1622 filii
1014 1561 1157 1642 Georgii,
1189 1581 1262 1623 cum
1299 1561 1366 1622 suis
1400 1560 1496 1642 perti·

187 1732 189 1736 ,
229 1670 352 1732 oenciia
376 1684 422 1731 est
446 1671 505 1730 sub
542 1668 694 1749 pendenti
720 1667 827 1748 sigillo
853 1668 1094 1750 privilegialiter
1126 1682 1313 1750 perpetuata
1339 1682 1496 1749 perpetuo

232 1775 437 1859 possidenda.
462 1778 534 1852 (sic).

336 1881 415 1943 ltetn
439 1881 572 1962 quidam
597 1879 717 1941 fundus
740 1900 860 1942 vacuus
880 1895 910 1943 et
935 1880 1091 1943 hedificiis
1116 1881 1244 1964 penitus
1269 1879 1442 1941 destitutus
1466 1879 1495 1939 in

231 1987 360 2048 civitate
392 1988 473 2049 inter
506 2001 536 2047 et
568 2007 665 2068 penes
696 1988 820 2048 Novam
855 2003 980 2069 portam
1017 1988 1154 2049 civitatis
1185 2007 1222 2048 ac
1253 1987 1336 2048 circa
1369 2003 1495 2045 murum

231 2093 374 2155 eiusdem
398 2093 534 2155 civitatis
557 2093 587 2154 in
613 2109 762 2175 postergo
791 2094 906 2155 domus
943 2115 999 2156 seu
1024 2094 1115 2156 fundi
1141 2095 1320 2155 liberorum
1347 2111 1404 2153 seu
1429 2111 1496 2152 suc·

231 2219 391 2262 cessorum
418 2199 555 2260 condam
580 2200 737 2261 Anthonii
762 2200 838 2260 dicti
858 2201 1037 2262 Zernchich
1062 2221 1118 2283 per
1136 2199 1365 2262 vendicionem
1383 2196 1495 2259 Briccii

232 2305 292 2367 filii
319 2305 460 2383 Thome,
486 2303 644 2385 Gregorio
676 2305 761 2366 dicto
790 2307 898 2390 Zaylro
930 2306 997 2367 filio
1023 2307 1104 2367 Petri
1130 2305 1282 2386 lutifiguli
1315 2304 1379 2385 iam
1412 2321 1496 2365 novo

237 2413 361 2474 concivi
396 2426 505 2472 nostro
530 2425 576 2472 est
599 2413 657 2472 sub
691 2411 842 2493 pendenti
871 2413 977 2492 sigillo
1010 2412 1250 2493 privilegialiter
1281 2422 1496 2493 perpetuatas.

337 2519 413 2580 Item
439 2518 578 2599 quedam
604 2518 720 2578 domus
752 2518 856 2579 medie
881 2519 967 2578 curie
992 2518 1088 2578 simul
1120 2537 1193 2579 cum
1219 2517 1321 2578 fundo
1347 2532 1377 2578 et
1402 2516 1491 2577 hedi·

231 2622 312 2685 ficiis
336 2625 368 2684 in
393 2624 476 2685 dicta
508 2625 634 2685 civitate
669 2625 750 2685 inter
782 2625 896 2685 domos
925 2640 954 2685 et
987 2624 1104 2686 fundos
1131 2625 1279 2707 Dyonisii
1306 2624 1381 2686 dicti
1409 2624 1496 2684 Moz-

232 2730 344 2792 lauech
370 2745 401 2792 et
425 2731 600 2791 liberorum
627 2731 792 2790 Benedicti
826 2728 930 2791 fratris
962 2732 1021 2807 sui,
1046 2733 1085 2792 ab
1121 2752 1182 2792 una
1209 2745 1309 2813 parte,
1335 2731 1375 2792 ab
1399 2730 1495 2791 altera

233 2859 309 2900 veto
333 2839 481 2900 similiter
505 2838 680 2898 liberorum
707 2858 762 2899 seu
779 2858 997 2900 successorum
1016 2839 1153 2901 condam
1173 2839 1315 2900 lwchech
1337 2839 1376 2899 de
1394 2836 1495 2898 Ther·

234 2965 325 3006 nawa
350 2945 468 3023 habita,
493 2963 564 3004 cum
590 2945 655 3004 suis
680 2944 869 3005 utilitatibus
904 2944 1041 3005 iohanni
1059 2943 1127 3007 lilio
1151 2944 1315 3006 Valentini
1340 2943 1381 3004 de
1406 2943 1495 3004 Nova

234 3049 388 3133 Chychan
415 3050 476 3130 jam
502 3069 588 3110 novo
613 3050 737 3110 concivi
763 3064 883 3130 nostro,
917 3071 973 3134 per
998 3052 1224 3113 vendicionem
1250 3049 1426 3112 Katherine
1451 3068 1495 3109 re·

233 3158 308 3218 licte
332 3157 468 3218 condam
495 3156 635 3217 Ladislai
662 3157 898 3218 Broltunowich
924 3161 982 3219 sub
1000 3159 1152 3240 pendenti
1177 3157 1289 3238 sigillo
1313 3170 1344 3218 et
1369 3155 1496 3237 privile·

232 3264 359 3346 gialiter
383 3277 578 3346 perpetuata.

340 3370 416 3430 ltem
442 3371 580 3450 quedam
607 3372 723 3432 domus
749 3373 843 3433 unius
868 3389 978 3454 quarte
1003 3374 1097 3435 simul
1127 3391 1201 3435 cum
1226 3370 1328 3432 fundo
1354 3385 1385 3432 et
1410 3369 1497 3431 hedi-

235 3475 312 3537 ficiis
336 3476 368 3535 in
393 3476 531 3554 civitate,
565 3477 645 3537 inter
677 3477 792 3539 domos
816 3493 846 3540 et
870 3477 987 3541 fundos
1021 3480 1194 3562 Stoylconia
1225 3477 1282 3540 filii
1308 3477 1436 3538 Lucasii
1470 3489 1499 3537 et

232 3582 408 3643 liberorum
433 3581 569 3642 condam
595 3583 770 3665 Elyzabeth
797 3585 905 3647 relicte
933 3585 1070 3647 condam
1095 3586 1219 3648 Nicolai
1245 3584 1416 3668 lippouch
1444 3584 1496 3646 ha·

235 3688 309 3764 bita,
335 3707 390 3769 per
413 3687 638 3749 vendicionem
671 3690 804 3771 predicti
840 3692 1012 3776 Stoykonis
1036 3707 1082 3754 est
1113 3694 1172 3754 sub
1204 3692 1356 3774 pendenti
1391 3692 1499 3772 sigillo

236 3794 384 3855 Emerico
417 3793 503 3854 dicto
536 3795 720 3879 Renethych
754 3796 821 3858 filio
854 3797 986 3879 Georgii
1019 3798 1261 3880 privilegialiter
1296 3811 1500 3880 perpetuata.

342 3898 420 3960 ltem
438 3899 556 3960 directa
567 3914 597 3960 et
614 3902 736 3981 equalis
755 3904 908 3965 medietas
925 3905 1090 3966 cuiusdam
1108 3903 1199 3967 fundi
1217 3905 1249 3965 in
1266 3919 1369 3966 castro
1388 3920 1500 3966 nostro

234 4024 290 4065 seu
314 4004 439 4066 civitate
464 4004 594 4087 prelata,
620 4007 701 4068 inter
725 4008 840 4070 domos
857 4025 887 4070 et
910 4008 1027 4071 fundos
1051 4010 1176 4072 domini
1193 4010 1349 4072 Anthonii
1368 4010 1502 4093 plebani

235 4111 365 4172 ecclesie
391 4112 474 4171 beati
501 4113 601 4173 Marci
630 4116 855 4195 ewangeliste,
884 4118 923 4177 ab
948 4136 1010 4177 una
1036 4131 1135 4197 parte,
1160 4131 1190 4178 et
1213 4130 1302 4199 parte
1326 4118 1367 4177 ab
1398 4118 1503 4179 altera

235 4217 412 4280 Clementis
436 4219 567 4280 cultoris
585 4233 616 4281 et
640 4221 815 4282 liberorum
833 4223 970 4284 condam
993 4223 1121 4285 Thome
1139 4222 1361 4284 Pewchewich
1379 4223 1504 4304 habita,

233 4344 305 4406 para
328 4325 449 4386 scilicet
472 4327 622 4404 anterior,
643 4347 739 4388 unam
764 4343 910 4409 quartam
934 4331 1019 4390 curie
1038 4331 1069 4390 in
1094 4351 1126 4392 se
1144 4330 1322 4407 continens,
1347 4350 1406 4411 per
1424 4352 1504 4394 ven·

234 4432 396 4493 dicionem
421 4433 549 4493 Martini
584 4433 622 4494 de
657 4434 825 4517 Brezthye,
856 4436 934 4497 alias
962 4437 1104 4498 concivis
1135 4437 1246 4514 nostri,
1270 4456 1308 4498 ex
1340 4455 1505 4500 consensu

234 4539 320 4600 Luce
345 4539 553 4619 posteriorem
579 4555 699 4621 partem
718 4541 863 4603 eiusdem
888 4541 990 4620 fundi,
1009 4563 1105 4603 unam
1124 4543 1335 4604 consimiliter
1352 4561 1505 4625 quartam

233 4646 321 4706 curie
355 4645 386 4705 in
411 4665 443 4706 se
475 4647 693 4708 continentem
727 4647 902 4710 literatorte
937 4650 1140 4731 possidentis,
1176 4663 1222 4710 est
1253 4651 1312 4710 sub
1346 4651 1503 4732 pendenti

233 4752 340 4831 sigillo
366 4752 510 4814 Fabiano
534 4751 602 4814 lilio
628 4755 782 4816 Demetrii
807 4756 1048 4838 privilegialiter
1072 4731 1268 4840 perpetuata.
