3142 5356
642 358 729 415 Anno
751 366 840 433 1435.

128 462 637 471 ----.-—·-—-—---—-..—...-.--.-
756 464 817 469 η..
841 462 985 469 -.-....-.....
994 462 999 469 ι
1022 462 1041 469 .-
1052 462 1062 469 -
1074 462 1182 469 ...η-..-
1196 464 1239 469 ..--

1313 354 1375 438 289

110 570 239 652 Poyeya
264 571 296 630 in
322 585 484 652 postergo,
509 584 691 630 nostrorum
725 569 905 630 concivium
931 568 1088 647 habitum,
1113 589 1209 630 unam
1228 585 1374 651 quartam

108 677 196 738 curie
229 678 261 737 in
294 697 327 740 se
351 678 554 754 retinentem,
586 696 681 757 super
713 696 771 737 nos
802 696 859 737 seu
891 676 1154 736 communitatem
1188 690 1287 737 totam
1318 696 1375 758 pro

109 803 173 843 non
208 782 376 845 solucione
411 782 577 844 daciorum
609 781 811 860 devolutum,
844 783 938 843 Petro
970 781 1037 842 filio
1069 783 1197 843 Martini
1224 783 1375 844 dedicta

109 888 287 971 Mykulich,
313 909 398 950 novo
424 888 547 950 concivi
566 902 688 967 nostro,
711 908 770 969 pro
787 889 880 949 certis
895 887 1036 948 serviciis
1059 887 1124 948 suis
1148 888 1267 969 pluries
1285 908 1372 950 com·

108 995 260 1056 munitari
286 995 428 1077 inpensis
452 994 540 1057 dedit
568 1007 723 1077 perpetuo
748 994 991 1076 possidendum.

215 1102 293 1164 Item
319 1102 433 1163 Vrsula
458 1100 523 1163 filia
548 1100 703 1162 Anthonii
734 1101 865 1162 textoris
888 1100 1051 1182 quandam
1077 1100 1205 1162 vineam
1227 1121 1316 1162 suam
1343 1101 1373 1162 in

106 1210 271 1272 territorio
304 1209 441 1271 civitatis
474 1209 555 1270 inter
590 1209 701 1270 vineas
734 1208 897 1269 Benedicti
937 1208 1016 1269 alias
1047 1206 1138 1288 jurati
1172 1222 1201 1269 et
1234 1209 1375 1269 concivis

106 1318 208 1378 nostri
244 1315 300 1377 filii
327 1315 464 1398 Gywani
490 1329 520 1376 et
545 1314 675 1399 Agyche
704 1334 760 1376 sue
794 1314 961 1391 consortis,
987 1314 1026 1375 ab
1052 1333 1126 1389 una,
1151 1327 1237 1395 parte
1263 1315 1302 1375 ab
1328 1316 1373 1375 al·

106 1438 172 1484 tera
199 1443 274 1484 vero
299 1421 476 1484 Clementis
500 1421 631 1482 cultoris
655 1436 685 1481 et
710 1420 874 1481 Benedicti
908 1420 1037 1481 sartoris
1077 1418 1216 1481 filiorum
1243 1420 1374 1482 Andree

107 1528 262 1605 habitam,
294 1527 432 1609 desuper
464 1547 480 1588 a
513 1528 563 1587 via
597 1527 760 1588 communi
794 1542 824 1587 et
855 1525 936 1587 infra
969 1546 1070 1607 usque
1095 1527 1263 1587 decursum
1290 1546 1373 1607 aque

106 1635 268 1716 pluvialis,
292 1634 388 1694 simul
421 1653 494 1695 cum
528 1634 667 1714 virgulto
701 1632 805 1694 eidem
838 1632 1025 1713 subjacenti,
1058 1631 1188 1713 prefatis
1213 1632 1373 1694 Clementi

107 1756 138 1804 et
164 1741 341 1803 Benedicto
367 1741 480 1801 vicinis
503 1741 569 1801 suis
593 1762 630 1800 ex
656 1760 815 1801 consensu
832 1754 1009 1801 ceterorum
1036 1740 1215 1800 vicinorum
1241 1758 1372 1799 suorum

106 1848 327 1929 predictorum
352 1846 497 1907 vendidit
522 1861 676 1928 perpetuo
701 1845 940 1927 possidendam.
