3156 5364
718 490 866 550 addenda.
1363 485 1421 546 261

167 601 440 610 ——..-
458 602 555 608 ..——.
570 600 681 607 ——-
854 597 962 603 ——.
975 594 1427 603 .-..—-....—.—.—...-......—.

267 707 392 769 Eodem
427 707 490 768 die.
528 705 633 767 Causa
667 705 748 765 inter
781 702 974 784 Gregorium
1009 699 1177 782 Thkalych
1210 713 1240 761 et
1273 699 1425 760 Mathiam

154 812 361 874 bursatorem
386 832 540 893 generum
567 830 661 871 suum
686 810 814 871 racione
847 824 877 871 et
902 823 1047 890 pretextu
1071 806 1209 888 qualiter
1234 805 1319 865 idem
1346 804 1424 865 Gre-

152 921 270 1001 gorius
288 920 366 981 dum
385 918 483 980 liliam
500 938 590 979 suam
605 914 728 999 prefato
748 917 876 978 Matheo
891 915 1005 996 copule
1031 912 1228 974 matrimonii
1245 911 1426 973 tradidisset

155 1041 192 1087 et
207 1026 314 1087 eidem
332 1039 432 1086 certas
448 1045 497 1085 res
513 1038 544 1085 et
561 1026 645 1085 bona
669 1043 725 1083 sua
744 1042 800 1104 pro
826 1023 986 1101 juvamine
1012 1019 1285 1101 compromisisset
1302 1033 1423 1100 partem

158 1132 290 1211 domus,
315 1132 465 1193 videlicet
483 1131 634 1208 mediam,
658 1144 688 1191 et
705 1143 826 1212 partem
852 1130 956 1206 vinee,
974 1127 1066 1207 jurati
1085 1126 1311 1208 adjudicarunt
1328 1144 1426 1206 penes

158 1238 384 1300 testimonium
420 1256 476 1318 per
507 1257 563 1298 eos
595 1235 799 1317 productum,
832 1235 919 1316 quod
952 1234 1106 1316 premissa
1130 1252 1187 1292 sua
1218 1231 1426 1311 obligamina,

157 1359 255 1427 prout
279 1344 368 1406 solus
385 1345 555 1418 asserebat,
580 1342 665 1403 dicto
685 1341 813 1402 Matheo
835 1317 957 1422 genero
982 1359 1040 1401 suo
1058 1339 1133 1400 dare
1158 1352 1188 1400 et
1205 1337 1426 1398 administrare

159 1465 318 1513 teneatur.
344 1446 487 1510 Prelatus
512 1447 687 1529 Gregorius
712 1467 775 1509 non
802 1463 971 1509 contentus
984 1447 1023 1508 de
1048 1446 1168 1527 judicio
1193 1444 1368 1520 juratorum
1387 1443 1426 1505 ad

156 1558 303 1619 seniores
326 1556 448 1636 judices
471 1555 655 1636 appellavit.

267 1663 360 1724 Feria
384 1676 472 1724 sexta
497 1663 642 1743 proxima
665 1675 737 1722 ante
763 1661 959 1722 dominicam
980 1660 1086 1722 Oculi.
1113 1659 1218 1721 Causa
1244 1659 1325 1718 inter
1348 1675 1427 1717 uxo-

161 1789 227 1833 rem
254 1769 421 1831 Michaelis
445 1767 614 1849 lreniparis
646 1782 676 1829 et
708 1781 841 1828 matrem
872 1767 1014 1828 eiusdem
1048 1787 1083 1827 ac
1108 1765 1271 1826 Thomam
1297 1762 1425 1824 fratrem

163 1876 322 1954 Thothar,
348 1876 476 1936 racione
501 1889 532 1934 et
563 1889 707 1956 pretextu
740 1889 849 1934 tnutue
884 1873 1132 1955 vituperacionis
1165 1873 1247 1933 inter
1271 1871 1357 1952 ipsos
1381 1869 1426 1928 vi·

160 1983 267 2044 cissim
291 1980 399 2059 factas,
424 1981 516 2060 jurati
541 1979 807 2058 adjudicaverunt
836 1981 917 2042 inter
950 1995 1053 2061 partes
1078 1979 1245 2061 predictas,
1271 1977 1358 2058 quod
1385 1996 1421 2037 ex

162 2108 226 2172 quo
251 2103 363 2150 mutue
388 2088 644 2168 vituperationes
679 2086 848 2167 nephande
881 2086 961 2148 facte
993 2100 1066 2146 sunt
1102 2087 1183 2147 inter
1220 2105 1294 2160 eos,
1327 2102 1424 2164 penes

163 2209 267 2276 partes
291 2212 347 2255 eos
370 2197 433 2271 (sic)
456 2192 660 2274 productum,
679 2212 761 2253 unus
778 2209 887 2254 contra
904 2193 1004 2253 alium
1021 2193 1187 2253 convictus
1217 2205 1263 2252 est
1289 2191 1319 2250 in
1346 2190 1425 2269 (hlo-

163 2302 270 2384 magio
296 2301 381 2377 vivo,
406 2299 516 2381 juratis
548 2299 691 2380 quelibet
714 2319 786 2380 pars
810 2301 955 2361 convicta
977 2313 1024 2359 est
1057 2300 1087 2358 in
1114 2312 1241 2358 centum
1276 2295 1424 2357 denariis.

269 2424 394 2486 Eodem
419 2424 482 2485 die.
508 2423 613 2485 Causa
648 2424 728 2483 inter
761 2424 889 2485 Petrum
920 2425 1025 2485 Zobar
1055 2437 1085 2483 et
1117 2441 1249 2483 uxorem
1277 2421 1425 2501 Gregorii

165 2531 346 2615 Thkalych,
371 2531 459 2612 quod
485 2531 553 2611 ipsa
577 2529 682 2591 eidem
716 2531 834 2591 minata
867 2529 976 2592 fuisset
1002 2532 1054 2607 ita,
1079 2529 1166 2610 quod
1192 2528 1268 2590 dum
1294 2528 1425 2589 alterca-

163 2653 270 2700 rentur
294 2656 394 2720 prope
419 2637 534 2697 domos
558 2637 699 2718 ipsorum
727 2638 758 2697 in
784 2638 898 2719 platea.
922 2639 1032 2715 (deest).

763 2883 819 2950 29.

268 3045 361 3108 Feria
385 3060 472 3107 sexta
498 3047 528 3107 in
555 3046 635 3108 festo
668 3048 759 3108 beate
793 3047 927 3128 Agnetis
954 3047 1097 3127 virginis.
1132 3046 1235 3108 Causa
1269 3046 1351 3106 inter
1376 3045 1426 3106 Ja-

164 3154 281 3214 cobum
306 3151 466 3213 seniorem
493 3152 632 3231 judicem
658 3166 689 3214 et
712 3153 920 3214 Valentinum
954 3152 1080 3214 labrum
1104 3154 1233 3214 racione
1258 3152 1426 3212 cuiusdam

163 3260 280 3322 securis
305 3272 336 3320 et
367 3259 502 3320 aliarum
535 3279 639 3320 rerum
677 3280 734 3341 per
767 3261 905 3321 eundem
942 3261 1096 3321 Jacobum
1133 3260 1372 3320 nominatarum
1396 3273 1427 3320 et

163 3365 414 3448 deperditarum,
438 3363 531 3444 jurati
563 3365 797 3445 adjudicarunt,
830 3367 918 3448 quod
951 3365 1091 3449 prefatus
1126 3367 1315 3427 Valentinus
1339 3364 1427 3427 faber

164 3471 238 3535 feria
255 3487 341 3534 sexta
365 3470 500 3533 affutura
520 3472 551 3531 in
576 3473 667 3534 altari
685 3488 792 3535 sancte
813 3474 927 3536 Crucis
944 3475 1048 3554 jurare
1072 3474 1213 3551 debebit,
1231 3473 1319 3554 quod
1339 3474 1424 3534 idem

164 3578 281 3641 dictam
306 3578 443 3639 securim
469 3599 484 3638 a
511 3577 634 3640 famulo
658 3600 716 3640 suo
735 3595 801 3640 tum
827 3596 857 3642 et
882 3603 930 3641 res
955 3583 1013 3642 sub
1031 3582 1139 3642 colore
1165 3583 1208 3642 rei
1234 3580 1335 3642 furate
1361 3599 1425 3639 non

164 3686 293 3768 recepit,
318 3699 349 3746 et
373 3685 460 3765 quod
483 3685 562 3746 alias
580 3705 628 3746 res
645 3700 848 3767 preterquam
867 3688 982 3748 dictam
1009 3689 1145 3748 securim
1171 3686 1342 3748 abeodem
1362 3706 1425 3746 non

163 3791 290 3874 recepit.
316 3791 429 3852 Dictus
459 3791 651 3853 Valentinus
676 3793 714 3852 de
747 3792 867 3872 judicio
896 3813 961 3854 non
993 3808 1162 3854 contentus
1187 3793 1361 3875 appellavit
1385 3791 1424 3852 ad
1472 3824 1478 3838 ·

163 3897 304 3959 seniores
328 3896 460 3979 judices.

267 4003 360 4065 Feria
385 4019 497 4085 quarta
511 4020 582 4066 ante
601 4005 798 4065 dominicam
817 4005 940 4084 Letare,
959 4005 1113 4088 prefatam
1133 4025 1260 4067 causam
1285 4005 1427 4066 seniores

163 4109 283 4188 judices
296 4109 528 4172 confirmarunt
551 4112 666 4190 taliter,
685 4111 773 4192 quod
799 4111 884 4172 idem
903 4112 1117 4192 juramentum
1143 4112 1238 4174 debet
1263 4112 1425 4193 deponere

166 4215 242 4279 feria
266 4231 353 4278 serta
378 4231 450 4298 post
475 4217 670 4278 dominicam
697 4217 797 4291 Quasi
823 4219 921 4279 modo
946 4220 1055 4299 geniti.

269 4321 376 4385 Causa
402 4322 483 4384 inter
508 4323 698 4384 Michaelem
717 4324 924 4404 aurifabrum,
945 4344 1143 4405 uxoremque
1168 4345 1257 4386 suam
1282 4345 1318 4386 ac
1337 4325 1426 4386 Hans

163 4429 310 4491 similiter
335 4427 532 4490 aurifabrum
551 4431 679 4491 racione
700 4445 857 4492 certarum
883 4452 987 4492 rerum
1006 4452 1061 4513 per
1080 4451 1210 4492 uxorem
1234 4452 1323 4493 suam
1341 4429 1425 4494 fura·

163 4550 267 4599 tarum
293 4550 324 4598 et
348 4556 404 4618 per
429 4535 567 4597 eundem
595 4537 684 4597 Hans
705 4538 881 4598 levatarum
907 4553 937 4599 et
961 4558 1017 4619 per
1035 4539 1173 4599 eundem
1200 4539 1290 4600 Hans
1314 4554 1344 4600 et
1362 4541 1426 4601 dic-

163 4656 226 4704 tam
245 4660 377 4704 uxorem
394 4661 484 4704 suam
511 4644 757 4721 verberatarum,
784 4645 838 4704 ubi
864 4644 966 4705 dictus
981 4645 1070 4705 Hans
1098 4661 1164 4706 tum
1183 4646 1426 4727 percepcionem

163 4748 323 4810 dictarum
349 4768 454 4810 terum
479 4764 548 4810 tum
574 4750 673 4809 eciam
699 4750 815 4811 dictam
834 4751 1072 4831 percussionem
1100 4750 1214 4812 factam
1240 4752 1427 4832 simpliciter

163 4855 258 4918 etde
283 4854 381 4936 plano
406 4855 545 4935 negavit,
571 4855 625 4916 ubi
650 4855 743 4932 jurati
772 4855 1006 4937 adjudicarunt,
1032 4858 1120 4938 quod
1146 4857 1230 4918 idern
1257 4857 1347 4917 Hans
1372 4859 1426 4919 illa

162 4959 244 5025 feria
276 4973 374 5039 sexta,
405 4980 469 5042 que
494 4961 553 5022 erit
581 4975 652 5023 ante
679 4962 952 5044 Carnisprivium,
984 4961 1334 5025 methterciusdecimus
1365 4964 1425 5025 sibi
