3142 5356
459 1326 588 1427 (Anno
615 1323 771 1412 Domini
798 1321 1103 1424 dccccxxix.)

146 1667 186 1742 ln
220 1667 363 1741 nomine
392 1664 548 1740 Domini.
578 1663 705 1740 Amen.
742 1665 846 1739 Anno
875 1662 1084 1740 Natiuitatis
1114 1663 1276 1738 eiusdem
1304 1663 1414 1738 mille-

149 1792 243 1865 simo
273 1789 628 1888 quadringentesimo
647 1790 823 1887 vigesimo
843 1812 951 1877 nono,
970 1797 1135 1887 tempore
1150 1788 1331 1886 judicatus
1351 1788 1416 1862 viri

148 1913 289 2013 providi
311 1921 349 1988 et
369 1913 618 2011 circumspecti
639 1913 770 1988 domini
788 1912 939 2012 Georgii
951 1911 1079 2010 judicis
1104 1912 1219 1988 nostri
1242 1911 1415 2005 moderni,

149 2035 209 2112 lilii
230 2034 423 2127 Valentini,
452 2059 601 2136 presens
623 2036 833 2111 hathernum
857 2044 1018 2112 nostrum
1043 2059 1230 2111 commune
1250 2044 1309 2111 est
1329 2059 1411 2111 con·

150 2161 322 2259 scriptum
350 2184 459 2260 super
478 2161 760 2259 consignacione
779 2162 962 2237 literarum
981 2169 1186 2237 nostrarum
1209 2161 1414 2261 privilegia·

150 2286 233 2360 lium
254 2307 363 2384 super
390 2286 684 2384 possessionibus
706 2287 861 2361 civitatis
881 2284 1204 2385 Montisgrecensis
1224 2293 1415 2385 proparte

150 2411 277 2485 civium
312 2415 351 2484 et
382 2407 625 2484 habitatorum
654 2410 813 2485 eiusdem
852 2410 1007 2485 civitatis
1047 2408 1223 2484 confectis
1253 2416 1290 2483 et
1319 2431 1400 2483 ema

150 2533 246 2608 natis
284 2555 349 2631 pro
387 2532 513 2607 maiori
553 2533 765 2610 certitudine
804 2541 842 2609 et
879 2532 1021 2633 refugio
1061 2532 1287 2621 eorumdem,
1324 2531 1415 2607 feria

150 2656 275 2756 quinta
289 2657 451 2754 proxima
470 2665 556 2755 post
576 2655 709 2731 festum
730 2656 988 2732 Conversionis
1007 2656 1106 2732 beati
1126 2655 1226 2731 Pauli
1242 2655 1413 2755 apostoli.

659 2888 721 2963 (27.
738 2886 900 2963 jartuarit'l

258 3025 335 3087 item
362 3024 507 3086 Thomas
530 3026 634 3087 dictus
652 3027 760 3108 Rosyn
781 3040 812 3088 et
837 3025 1029 3106 Stephanus,
1053 3039 1186 3105 sutores,
1203 3027 1413 3088 commissarii

150 3148 181 3197 et
213 3147 400 3194 executores
431 3133 611 3194 testamenti
644 3134 770 3194 Nicolai
804 3134 879 3195 dicti
913 3133 1127 3195 Theschebolt
1159 3132 1217 3193 filii
1249 3132 1413 3213 lobannis,

149 3239 316 3322 quandam
341 3238 467 3299 vineam
493 3239 592 3319 ipsius
625 3239 751 3299 Nicolai
781 3238 996 3301 Theschebolt
1022 3241 1052 3300 in
1086 3239 1245 3300 territorio
1277 3239 1414 3301 civitatis

149 3349 234 3408 inter
269 3344 379 3406 vineas
411 3344 542 3405 domine
568 3344 668 3404 Elene
701 3345 809 3406 relicte
842 3346 981 3406 condant
1013 3345 1166 3427 Stephani
1203 3344 1348 3407 Perstech
1383 3360 1414 3407 et

149 3452 285 3533 Georgii
311 3452 350 3511 de
376 3452 536 3533 Pobresya
560 3450 712 3529 habitam,
737 3453 925 3514 auctoritate
943 3453 1161 3513 commissario
1187 3453 1287 3513 Paulo
1311 3453 1412 3514 sutori

149 3559 217 3621 filio
243 3557 376 3637 Georgii
402 3557 448 3617 uti
465 3555 551 3617 alfini
579 3571 609 3618 et
633 3559 874 3638 consanguineo
892 3559 991 3639 ipsius
1014 3559 1138 3619 Nicolai
1163 3559 1322 3620 testatoris
1339 3579 1412 3641 pro·

150 3665 329 3749 pinquiori‚
354 3684 391 3724 ex
407 3662 575 3725 sufficienti
603 3664 692 3725 Pauli
719 3665 818 3747 ipsius
838 3665 1108 3746 comprobatione
1133 3666 1164 3726 in
1190 3665 1254 3726 alio
1279 3669 1411 3728 katerno

151 3786 263 3833 nostro
287 3769 429 3851 judiciali
455 3771 632 3852 conscripta
658 3791 715 3853 pro
740 3772 925 3852 quindecim
944 3791 1018 3832 cum
1043 3772 1148 3832 media
1173 3772 1288 3833 marcis
1313 3772 1409 3833 dena·

149 3878 272 3939 riorum
297 3875 511 3937 vendiderunt
536 3892 690 3958 perpetuo
715 3878 954 3959 possidendam.

256 3982 335 4043 Item
360 3983 436 4064 quia
461 3983 614 4063 providus
639 3984 686 4044 vir
704 3984 884 4065 Stephanus
905 3984 997 4045 aliter
1022 3983 1142 4065 Stepko
1159 3998 1301 4061 vocatus,
1326 3983 1411 4045 filius

150 4088 315 4150 Michaelis
332 4089 408 4150 dicti
429 4088 664 4172 Orthophlych,
694 4091 834 4151 concivis
851 4105 968 4168 noster,
986 4090 1148 4171 quandam
1168 4091 1293 4152 vineam
1313 4091 1411 4173 ipsius

150 4195 317 4256 Michaelis
342 4194 557 4276 Orthophlich
583 4197 614 4257 in
648 4198 809 4258 territorio
839 4197 975 4258 civitatis
1000 4197 1081 4257 inter
1112 4197 1222 4258 vineas
1246 4197 1412 4258 Michaelis

150 4302 248 4365 ltalici
275 4302 392 4380 claudi,
417 4303 456 4363 ab
475 4322 549 4380 una,
566 4318 654 4384 parte
679 4304 719 4364 ab
736 4304 833 4365 altera
856 4323 932 4364 vero
957 4303 1134 4365 liberorum
1152 4303 1318 4364 Michaelis
1335 4304 1411 4366 dicti

154 4408 309 4473 Saronich
345 4408 402 4470 filii
428 4409 579 4494 Symonis
614 4410 766 4489 habitam,
797 4429 853 4491 per
881 4409 1097 4490 juramentum
1128 4430 1184 4492 per
1207 4410 1410 4491 judiciarium

152 4535 336 4599 processum
362 4535 460 4597 penes
484 4516 591 4576 literas
611 4516 826 4597 privilegiales
856 4517 932 4578 dicti
957 4517 1054 4598 patris
1084 4517 1132 4577 sui
1157 4517 1297 4578 obtinuit
1320 4517 1407 4598 legit·

150 4623 237 4701 time,
262 4621 336 4682 ideo
362 4640 420 4683 nos
437 4622 571 4683 eandem
598 4623 724 4684 vineam
742 4623 801 4683 sibi
819 4623 987 4685 statuimus
1004 4638 1159 4707 perpetuo
1183 4623 1410 4709 possidendam

151 4742 180 4793 et
205 4727 513 4813 quomodocumque
538 4729 676 4793 voluerit
699 4729 943 4813 disponendam.
