3142 5356
617 349 704 406 Anno
726 363 819 426 1434·
1289 371 1348 436 271

79 453 1131 463 ——-—--—-——-—-——————
1145 458 1165 464 .-

189 557 267 618 Item
291 557 386 640 judex
412 574 519 619 noster
544 558 719 621 modernus
744 559 926 641 Stephanus
954 559 1040 623 lilius
1065 562 1234 625 Michaelis
1251 583 1352 646 quan·

77 665 156 724 dam
182 665 310 727 vineam
334 685 426 727 suam
452 667 483 726 in
501 666 663 728 territorio
685 667 821 728 civitatis
839 667 920 728 inter
937 668 1065 730 vineam
1089 670 1225 731 ecclesie
1243 683 1349 735 nostre

77 770 276 850 parochialis
300 773 384 833 beati
409 772 508 833 Marci
541 773 757 853 ewangeliste,
790 774 829 833 ab
854 793 918 834 una
954 788 1054 856 parte,
1087 778 1126 836 ab
1151 776 1250 837 altera
1276 797 1352 838 vero

79 877 187 940 Kusse
212 878 356 940 mulieris
388 877 541 956 habitam,
566 879 702 960 provido
735 878 804 939 viro
837 879 937 940 Paulo
962 880 1065 960 jurato
1105 879 1175 943 filio
1201 882 1354 964 Stephani

77 1003 140 1065 pro
165 984 359 1065 quibusdam
384 985 510 1046 duabus
532 985 634 1045 vineis
658 984 938 1047 condicionalibus
962 986 1043 1047 inter
1068 987 1177 1048 vineas
1201 989 1351 1051 similiter

77 1090 322 1152 condicionales
348 1091 486 1152 Emerici
512 1089 569 1151 filii
596 1090 728 1172 Georgii
751 1105 782 1152 et
802 1093 936 1172 Agnetis
961 1093 1069 1154 relicte
1094 1114 1130 1155 ac
1156 1095 1294 1156 Emerici
1320 1110 1350 1156 et

77 1197 243 1258 Leonardi
268 1197 409 1260 filiorum
434 1197 571 1259 condam
591 1197 715 1259 Nicolai
742 1196 822 1258 fabri
841 1198 959 1271 habita,
985 1219 1020 1260 ac
1045 1219 1103 1281 pro
1128 1200 1351 1263 additamento

77 1318 156 1366 octo
187 1303 256 1366 flor.
288 1306 356 1366 auri
393 1324 449 1387 per
480 1304 614 1365 modum
648 1305 900 1386 permutacionis
931 1305 1020 1367 dedit
1059 1319 1089 1368 et
1120 1307 1257 1369 contulit
1280 1327 1350 1389 per·

77 1425 181 1493 petuo
205 1411 446 1494 possidendam.

187 1518 264 1579 ltem
290 1517 492 1599 Margaretha
510 1517 620 1579 relicta
645 1518 783 1579 condam
810 1517 942 1600 Georgii
969 1518 1168 1598 Magutheni,
1186 1520 1350 1601 quandam

77 1624 216 1686 domum
241 1645 332 1686 suam
357 1625 453 1685 simul
478 1644 552 1685 cum
578 1623 679 1686 fundo
705 1638 736 1686 et
760 1624 878 1685 celario
903 1626 1112 1687 subterraneo
1137 1639 1168 1688 et
1193 1625 1350 1689 hedificiis

76 1731 163 1793 inter
189 1732 322 1792 domum
349 1730 547 1813 Stephanich
572 1730 666 1811 jurati
692 1744 723 1792 et
747 1731 831 1792 Petri
854 1732 977 1793 Nowalr
1002 1733 1171 1814 presbiteri
1196 1733 1349 1813 habitam,

77 1837 245 1919 Stephano
272 1836 341 1899 filio
365 1838 529 1899 Valentini
555 1837 631 1898 dicti
657 1836 828 1922 Gobynich
853 1852 883 1899 et
901 1837 1073 1899 Valentino
1099 1837 1167 1900 filio
1192 1840 1282 1901 Pauli
1309 1840 1348 1901 de

76 1944 252 2023 Vrbowch‚
277 1945 369 2005 novis
394 1944 581 2005 concivibus
606 1944 732 2021 nostris,
760 1964 817 2026 pro
838 1944 968 2025 triginta
993 1964 1059 2007 uno
1084 1945 1152 2007 flor.
1178 1947 1246 2007 auri
1271 1967 1347 2008 ven-

76 2051 161 2113 didit
185 2066 345 2134 perpetuo
370 2050 610 2132 possidendam.

189 2157 265 2218 ltem
300 2162 409 2238 Agnes
441 2158 547 2218 relicta
581 2157 718 2218 condam
752 2157 920 2218 Laurencii
954 2157 1100 2237 Hungari
1125 2156 1218 2239 jurati
1253 2177 1344 2219 soror

78 2264 222 2344 magistri
250 2263 368 2325 Mathei
403 2264 529 2340 notarii,
563 2263 725 2344 quandam
758 2263 871 2324 silvam
905 2284 995 2325 suam
1028 2265 1110 2325 inter
1138 2265 1233 2326 silvas
1267 2262 1347 2326 libe·

76 2390 187 2431 rorum
214 2370 352 2432 condam
378 2371 540 2432 Valentini
566 2371 605 2430 de
631 2369 763 2431 Raboch
797 2385 827 2430 et
851 2369 985 2432 Fabiani
1009 2370 1101 2452 jurati
1128 2391 1163 2432 ac
1189 2371 1345 2433 Demetrii

77 2475 182 2538 fratris
216 2477 276 2555 sui,
300 2497 356 2558 per
388 2491 488 2538 metas
519 2478 670 2538 arborum
704 2477 855 2557 utrinque
888 2475 1101 2539 habitatarum
1140 2493 1171 2539 et
1195 2479 1226 2539 in
1253 2478 1344 2540 litera

77 2602 311 2664 expressarum,
338 2583 445 2644 Blasio
477 2583 580 2663 jurato
613 2580 681 2643 filio
706 2582 796 2643 Pauli
831 2583 965 2664 patrueli
1001 2582 1088 2644 fratri
1119 2603 1177 2644 suo
1202 2584 1347 2645 vendidit

78 2709 136 2770 pro
162 2690 306 2771 quinque
332 2688 400 2751 flor.
427 2690 495 2750 auri
521 2704 676 2772 perpetuo
702 2688 942 2770 possidendam.

117 2929 200 3000 ltem
230 2927 261 2999 in
291 2929 376 3000 festo
407 2920 658 2999 Pacificacionis
686 2928 833 3014 gloriose
861 2947 991 3015 semper
1018 2925 1161 3016 virginis
1192 2925 1305 2998 Maria.

591 3090 633 3149 (2.
651 3082 826 3157 februaria).

185 3221 261 3282 ltem
288 3220 420 3301 quidam
447 3219 565 3281 fundus
589 3240 708 3282 vacuus
733 3221 814 3282 inter
831 3220 946 3282 domos
970 3236 1001 3283 et
1025 3219 1143 3283 lundos
1161 3220 1344 3284 Clementis

76 3328 159 3388 Zore
185 3341 215 3388 et
248 3327 376 3387 Andree
401 3327 439 3387 de
473 3326 617 3410 Dedych,
649 3347 684 3387 ac
716 3327 798 3387 Petri
840 3340 871 3388 et
895 3327 994 3388 Elene
1027 3327 1172 3388 mulieris
1204 3328 1344 3405 habitus,

76 3432 217 3494 mediam
238 3433 359 3494 curiam
385 3433 417 3492 in
443 3453 475 3493 se
493 3433 672 3510 continens,
697 3453 753 3513 per
771 3433 964 3513 peticionem
983 3433 1192 3495 literatoriam
1218 3433 1345 3495 Nicolai

77 3539 258 3621 Boldowyn
285 3554 331 3600 est
364 3539 539 3600 literatorie
571 3552 778 3621 perpetuatas
810 3552 840 3599 et
864 3538 972 3619 sigillo
1004 3540 1244 3600 communitatis
1268 3560 1344 3621 pen-

76 3645 165 3706 denti
190 3647 248 3706 sub
273 3645 471 3725 obligamine
498 3645 529 3704 in
554 3645 674 3706 eisdem
701 3645 801 3707 literis
834 3661 1015 3726 expressato
1052 3644 1260 3707 confirmatus
1276 3665 1345 3728 per·

75 3766 175 3833 petuo
208 3750 422 3833 possidendus
459 3764 489 3811 et
521 3751 834 3831 quomodocumque
868 3752 1005 3812 voluerit
1037 3751 1258 3833 disponendus
1288 3771 1345 3833 per

76 3857 278 3919 Anthonium
304 3857 455 3938 judicem.

184 3964 261 4025 ltem
286 3963 420 4046 provida
446 3964 577 4024 domina
605 3962 778 4024 Katherina
805 3978 914 4024 vocata
943 3964 1052 4025 relicta
1089 3963 1227 4025 condam
1246 3964 1329 4046 Sigis

75 4070 189 4131 mundi
214 4069 307 4151 jurati
333 4069 389 4131 filii
423 4069 563 4150 Philippi
595 4068 652 4130 filii
683 4069 841 4147 Mauricii,
877 4071 916 4130 ab
950 4090 1013 4130 una
1046 4084 1144 4150 parte,
1179 4071 1218 4132 ab
1244 4069 1342 4131 altera

75 4197 152 4239 vero
178 4177 378 4258 Margaretha
404 4176 576 4238 domicella
601 4174 665 4236 filia
692 4175 826 4257 predicti
853 4176 1051 4257 Sigismundi
1078 4175 1170 4256 jurati
1208 4176 1246 4236 de
1271 4177 1342 4257 qui-

74 4284 212 4345 busdam
236 4284 495 4366 possessionibus
533 4302 642 4343 earum
669 4281 876 4363 infrascriptis
908 4283 1004 4344 talem
1031 4283 1112 4343 inter
1137 4302 1169 4343 se
1196 4280 1344 4343 fecissent

74 4390 331 4452 concambialem
365 4389 640 4471 permutationem
675 4387 884 4449 literatoriam
922 4389 1003 4449 inter
1037 4388 1165 4450 easdem
1199 4402 1229 4448 et
1262 4389 1343 4448 inter

75 4517 186 4559 earum
210 4496 344 4559 heredes
369 4517 424 4578 per
449 4496 576 4558 easdem
603 4495 807 4556 duraturam:
841 4495 929 4575 quod
954 4494 1097 4576 predicta
1122 4495 1254 4556 domina
1280 4495 1341 4557 Ka·

74 4604 199 4664 therina
225 4603 356 4665 totalem
383 4623 472 4664 suam
506 4604 693 4684 porcionem
725 4600 892 4662 cuiusdam
917 4615 998 4662 terre
1022 4601 1153 4663 arabilis
1178 4615 1262 4663 retro
1291 4621 1342 4662 ec·

76 4710 205 4771 clesiam
232 4725 339 4770 sancte
367 4709 565 4790 Margarethe
598 4708 741 4788 virginis,
774 4707 856 4768 inter
880 4707 1033 4789 (h)ortum
1066 4708 1208 4768 virorum
1235 4707 1341 4788 provi·

75 4816 192 4878 dorum
218 4816 380 4877 Dominici
406 4814 574 4897 lreniparis
607 4829 638 4875 et
663 4813 752 4874 Pauli
778 4813 935 4895 selliparis
966 4812 1109 4874 filiorum
1135 4812 1288 4896 Stephani
1324 4834 1341 4875 a
