3142 5356
684 376 771 434 Anno
792 386 884 453 1395·
1374 379 1415 458 83

258 586 337 649 Item
363 590 457 648 Anna
481 586 591 648 relicta
623 601 655 649 et
683 585 865 669 Stephanus
895 586 980 649 filius
1004 587 1178 651 Stankonis
1201 587 1418 651 vendiderunt

147 693 288 756 lundum
314 712 427 755 eorum
452 712 550 755 unam
575 707 721 775 quartam
751 692 918 756 Demetrio
941 692 1009 756 filio
1035 694 1145 773 Stank‚
1170 708 1316 779 tempore
1341 695 1418 757 dicti

147 802 317 865 Iohannis.

257 908 333 970 Item
359 908 512 970 Nicolaus
546 907 684 969 condam
709 907 829 989 juratus
861 907 964 970 dictus
996 908 1129 970 Mahnin
1153 909 1301 971 vendidit
1325 907 1417 971 fundi

146 1015 196 1077 sui
211 1034 311 1076 unam
325 1027 472 1096 quartam
486 1014 517 1075 in
532 1014 603 1075 vico
617 1014 722 1075 lutoso
735 1014 867 1075 Mareno
883 1015 995 1093 sutori,
1007 1029 1151 1096 tempore
1165 1014 1240 1077 dicti
1252 1014 1417 1078 Iohannis.

258 1139 337 1201 Item
376 1137 525 1201 dedimus
567 1138 674 1199 literas
709 1137 924 1220 expeditorias
963 1136 1092 1200 Gerdak
1131 1151 1241 1200 contra
1284 1139 1413 1200 Petrum

149 1247 234 1310 Cera
260 1247 382 1308 dictum
407 1265 502 1328 super
524 1245 733 1328 deposicione
749 1245 920 1327 juramenti
945 1245 1151 1326 duodecimo,
1175 1260 1321 1329 tempore
1338 1245 1414 1308 dicti

149 1352 318 1415 Iohannis.

257 1458 335 1519 Item
360 1456 480 1540 Myhen
497 1455 582 1518 filius
608 1457 729 1518 Mareni
748 1456 841 1537 jurati
864 1457 1009 1518 vendidit
1026 1456 1164 1520 fundum
1181 1477 1275 1520 suum
1292 1457 1325 1519 in
1341 1457 1414 1519 vico

149 1566 260 1627 lutoso
286 1563 396 1624 Bartol
419 1563 531 1640 sutori,
556 1577 701 1644 tempore
726 1563 802 1623 dicti
825 1559 994 1625 Iohannis.

256 1669 334 1731 Item
358 1666 524 1731 Johannes
548 1669 648 1731 Pazar
672 1669 806 1731 donavit
830 1689 927 1731 unam
952 1684 1097 1751 quartam
1123 1669 1309 1733 Benedicto.

258 1794 336 1855 Item
369 1793 518 1856 dedimus
552 1792 631 1855 duas
663 1793 771 1855 literas
802 1807 908 1855 nostre
939 1794 1181 1856 communitatis
1212 1812 1307 1876 super
1337 1793 1417 1855 duas

152 1914 251 1962 terras
276 1900 407 1962 domiue
426 1900 520 1962 Clare
544 1899 603 1961 lilii
621 1901 719 1962 Marci
744 1898 800 1961 filii
816 1900 961 1979 Vidonis,
978 1920 1076 1962 unam
1101 1920 1199 1983 prope
1225 1901 1416 1964 Teretenam

152 2007 292 2068 mlaltam
317 2026 417 2089 prope
449 2020 547 2068 terras
576 2006 685 2068 Leualr
720 2007 751 2067 in
783 2007 887 2088 capite
909 2021 1008 2069 terras
1041 2006 1194 2089 Stephani
1220 2008 1354 2070 Machek
1386 2020 1417 2069 et

154 2114 252 2174 aliam
271 2113 353 2174 Inter
376 2112 567 2175 Terstenam
593 2113 732 2174 mlakam
750 2126 781 2174 et
798 2113 971 2175 Zauicham
989 2134 1025 2175 ac
1049 2132 1149 2196 prope
1174 2114 1283 2175 villam
1308 2115 1417 2176 Noua·

153 2218 258 2281 kouch
284 2219 366 2280 iuter
390 2219 457 2280 vias
489 2238 679 2280 communes
703 2231 733 2279 et
765 2219 848 2281 Inter
878 2232 978 2281 terras
1002 2219 1033 2279 in
1067 2219 1170 2301 capite
1195 2218 1327 2301 Georgii
1352 2219 1416 2280 Ra·

153 2324 290 2402 anusch,
314 2338 460 2406 tempore
484 2324 560 2385 dicti
584 2321 752 2387 Johannis.

257 2431 335 2492 Item
360 2430 511 2492 dominus
529 2430 693 2513 Myklinus
717 2432 855 2491 condam
872 2431 970 2511 judex
994 2445 1025 2492 et
1047 2431 1239 2492 Benedictus
1257 2430 1413 2494 Scornich

150 2557 185 2598 ac
218 2537 285 2597 Eva
318 2534 382 2597 filia
408 2536 545 2598 condam
570 2537 694 2598 Mareni
722 2535 815 2616 jurati
848 2536 1063 2598 vendiderunt
1093 2537 1220 2616 vineas,
1252 2550 1350 2599 terras
1380 2550 1413 2599 et

151 2644 288 2726 virgulta
311 2663 367 2704 sua
391 2639 533 2704 Johanni
551 2640 618 2704 filio
641 2640 755 2704 Jacobi
778 2643 854 2704 dicti
873 2643 963 2722 Bole,
979 2657 1125 2725 tempore
1149 2643 1224 2705 dicti
1242 2640 1410 2708 Jobannis.

256 2769 335 2831 Item
359 2767 447 2849 quod
472 2768 548 2850 quia
573 2768 689 2830 Blasko
721 2782 809 2830 sutor
833 2768 864 2829 id
899 2769 1132 2850 comprobavit,
1164 2769 1252 2851 quod
1277 2770 1345 2852 ipse
1376 2770 1414 2831 li·

151 2889 233 2937 teras
257 2887 365 2936 nostre
390 2874 631 2936 communitatis
666 2893 762 2955 super
793 2872 930 2936 fundum
956 2894 1048 2935 suum
1081 2875 1230 2957 primitus
1255 2875 1416 2938 habuisset

151 2994 180 3043 et
202 2979 335 3042 tandem
361 2979 489 3041 easdem
514 2980 681 3060 amisisset,
707 2980 781 3041 ideo
806 3000 864 3041 nos
886 2981 1014 3042 easdem
1040 2981 1148 3042 literas
1171 2982 1232 3043 sibi
1258 2982 1409 3044 dedimus

150 3101 294 3169 tempore
318 3086 443 3147 domiui
466 3082 635 3149 Jobannis.

255 3192 334 3254 Item
361 3192 537 3274 Gregorius
560 3190 645 3254 filius
662 3192 870 3254 Wlkmanich
890 3193 1105 3255 vendiderunt
1128 3193 1281 3275 (h)ortum
1299 3214 1411 3256 eorum

151 3299 286 3361 domino
311 3299 448 3360 condam
475 3299 560 3360 Luce
586 3299 727 3378 BonIoli,
753 3299 863 3378 judici,
895 3313 1041 3382 tempore
1066 3300 1142 3364 dicti
1165 3298 1332 3366 Johannis.

254 3421 333 3484 Item
352 3422 454 3503 Agnia
468 3423 584 3484 mulier
597 3423 706 3486 relicta
724 3423 893 3485 Laurentii
907 3421 962 3484 filii
979 3425 1055 3486 Saul
1069 3423 1237 3508 (vendidit)
1256 3425 1410 3509 (h)ortum

149 3548 242 3592 suum
261 3527 300 3589 ad
319 3547 415 3589 unam
433 3527 553 3590 dietam
577 3543 658 3591 terre
675 3528 810 3590 domino
835 3529 972 3591 condam
992 3532 1077 3592 Luce
1103 3531 1242 3610 Bonioli‚
1267 3545 1411 3617 tempore

149 3635 226 3698 dicti
250 3629 419 3695 Johaunis.

259 3737 337 3801 Item
365 3738 524 3820 Georgius
547 3738 633 3802 filius
656 3740 732 3803 Ivan
768 3756 799 3804 et
823 3743 936 3804 KauIta
969 3762 1099 3805 consors
1123 3764 1179 3806 sua
1204 3744 1419 3807 vendiderunt

150 3845 307 3928 (h)ortum
342 3844 484 3927 ipsorum
518 3846 652 3908 domino
693 3847 830 3909 condam
863 3848 953 3909 Luke
985 3848 1133 3928 Bonioli‚
1164 3862 1309 3932 tempore
1341 3848 1418 3911 dicti

148 3947 320 4015 Johannis.

259 4073 336 4136 Item
362 4074 525 4137 Elisabeth
550 4074 615 4137 filia
633 4077 762 4139 Thome
787 4090 817 4139 et
842 4078 933 4138 Kuus
957 4076 1041 4140 lilius
1065 4077 1173 4159 Egidii
1199 4077 1415 4140 vendiderunt

149 4201 205 4244 sex
230 4181 334 4242 dietas
357 4194 439 4244 terre
464 4202 576 4244 eorum
606 4179 748 4245 Johanni
779 4183 877 4266 judici
907 4199 1015 4247 nostro
1049 4185 1245 4267 supradIcto‚
1269 4199 1414 4269 tempore

149 4287 309 4350 eiusdem.

259 4391 336 4454 Item
362 4393 493 4456 domina
519 4394 694 4457 Katherina
726 4416 857 4458 consors
890 4396 1038 4479 Gregorii
1070 4396 1182 4458 decani
1215 4397 1412 4460 condonavit

146 4499 256 4563 eidem
279 4501 486 4564 medietatem
510 4499 602 4564 fundi
620 4504 667 4565 sui
693 4518 723 4565 et
747 4504 814 4586 ipse
831 4524 1006 4566 econverso
1031 4504 1172 4586 predicte
1196 4505 1328 4566 domine
1352 4502 1416 4567 Ka·

146 4605 276 4669 therine
302 4607 456 4689 (h)ortum
480 4629 574 4670 suum
600 4629 672 4670 cum
694 4611 798 4688 viuea,
822 4625 968 4691 tempore
993 4611 1068 4672 dicti
1094 4609 1258 4673 Iohannis.

258 4730 336 4794 Item
368 4732 524 4794 Nicolaus
548 4732 680 4795 Criuich
713 4734 817 4796 dictus
848 4733 993 4795 vendidit
1025 4731 1162 4794 Iundum
1194 4753 1290 4795 suum
1318 4754 1417 4797 unam

148 4850 302 4922 quartam
327 4838 503 4902 Benedicto
529 4839 568 4901 de
594 4840 825 4919 Nouakouech,
850 4855 994 4923 tempore
1020 4840 1095 4903 dicti
1119 4836 1325 4966 Iohannis*¹
