3142 5356
525 449 730 542 Ann01482.
756 487 796 498 -
821 449 872 514 18.
889 455 1039 530 januarii.
1402 471 1421 533 9

182 673 273 745 torum,
297 685 356 750 pro
380 684 419 727 eo
444 665 533 747 quod
559 665 625 747 ipse
651 665 776 726 Blasius
810 664 976 727 Ztenichlti
1008 664 1107 727 nichil
1131 666 1292 748 obligatur
1315 667 1421 730 eidem

177 767 328 835 dominico
352 773 483 834 racione
516 771 683 833 cuiusdam
715 772 822 849 tritici,
854 771 936 853 plus,
962 771 1022 832 nisi
1055 771 1128 834 illos
1159 787 1221 834 tres
1246 772 1314 837 flor.
1339 793 1422 857 quos

171 877 259 942 eidem
284 880 450 963 persolvit.

259 987 401 1049 Causam
433 987 517 1049 inter
550 985 729 1067 Georgium
762 986 861 1069 Juryk
893 985 1015 1047 dictum
1047 998 1078 1048 et
1106 985 1240 1049 Paulum
1275 987 1421 1071 Hazwgh

162 1090 276 1155 dictum
301 1092 340 1154 de
364 1093 439 1155 vico
464 1093 655 1155 Latinorum
681 1092 809 1154 racione
826 1092 952 1154 culture
976 1111 1011 1153 ac
1037 1105 1163 1155 arature
1187 1107 1268 1157 terre
1292 1095 1423 1157 arabilis

159 1199 255 1281 ipsius
280 1200 399 1284 Jwryk‚
432 1220 512 1281 quas
542 1198 684 1282 prefatus
715 1199 835 1261 Paulus
866 1200 966 1261 aravit
997 1199 1066 1260 sine
1097 1200 1179 1262 scitu
1203 1215 1233 1263 et
1256 1202 1422 1264 voluntate

155 1308 435 1391 eiusdemlwryk‚
460 1307 555 1390 jurati
579 1306 854 1388 adjudicaverunt,
875 1306 964 1388 quod
989 1307 1055 1390 ipse
1072 1307 1180 1391 Jwryk
1204 1307 1299 1370 debet
1323 1308 1421 1391 depo·

152 1435 228 1477 nere
253 1414 473 1496 juramentum
498 1415 531 1475 in
548 1413 682 1475 ecclesia
698 1413 799 1475 sancti
824 1413 922 1474 Marci
941 1414 972 1474 in
997 1433 1051 1475 ara
1070 1427 1177 1477 sancte
1194 1413 1308 1476 Crucis
1323 1414 1421 1494 solua,

150 1520 241 1604 quod
267 1522 335 1603 ipse
367 1540 432 1582 non
467 1520 557 1582 dedit
588 1540 694 1602 neque
726 1520 887 1583 consensit
919 1539 1024 1602 neque
1053 1520 1093 1582 de
1124 1520 1290 1584 voluntate
1323 1521 1422 1605 ipsius

147 1628 260 1713 varylt
284 1626 426 1710 prefatus
451 1627 572 1689 Paulus
595 1627 696 1689 aravit
720 1626 821 1688 dictas
843 1640 943 1689 terras
967 1627 1067 1709 ipsius
1091 1629 1217 1711 Jwrylt3
1242 1642 1273 1691 et
1289 1628 1421 1711 quando

147 1735 295 1818 deponet
319 1733 537 1816 juramentum
560 1747 636 1795 tunc
659 1732 801 1815 prefatus
834 1733 952 1795 Paulus
976 1735 1184 1796 convincetur
1209 1736 1241 1795 in
1272 1734 1421 1816 potencia

147 1855 181 1904 et
204 1855 313 1904 totum
339 1841 484 1903 laborem
509 1841 650 1917 amittet;
675 1840 750 1902 item
773 1841 952 1923 predictum
969 1840 1186 1923 juramentum
1212 1841 1343 1904 debebit
1366 1842 1420 1903 de·

144 1968 274 2032 ponere
300 1947 377 2010 feria
402 1948 499 2010 tercia
523 1947 669 2030 proxima
693 1947 897 2010 adveniente.

261 2054 403 2117 Causam
429 2055 511 2116 iuter
536 2053 678 2116 Blasium
703 2054 876 2137 Ztenyczki
901 2069 933 2116 et
949 2055 1129 2117 Johannem
1154 2055 1355 2117 Soldinaricz
1373 2075 1420 2116 ra·

146 2164 249 2226 cione
266 2162 434 2224 cuiusdam
460 2161 571 2239 debiti,
595 2160 689 2242 jurati
705 2160 982 2242 adjudicaverunt,
999 2161 1088 2243 quod
1105 2159 1245 2244 prefatus
1259 2160 1421 2223 lohannes

148 2268 357 2332 Soldinaricz
382 2267 478 2329 debet
501 2267 665 2350 deponere
688 2267 902 2349 juramentum
928 2269 1094 2350 corporale
1112 2269 1144 2331 in
1169 2269 1302 2331 ecclesia
1320 2267 1420 2330 sancti

149 2376 257 2439 Marci
283 2376 313 2436 in
340 2395 392 2437 ara
419 2387 526 2437 sancte
551 2374 665 2437 Crucis
689 2374 776 2436 solus
799 2375 831 2436 in
857 2394 907 2454 en,
932 2376 1019 2456 quod
1042 2376 1110 2458 ipse
1135 2376 1297 2438 lohannes
1314 2373 1419 2437 Soldi-

146 2483 262 2546 naricz
286 2501 350 2544 non
376 2482 466 2544 dedit
488 2501 542 2543 sex
559 2480 628 2543 flor.
653 2479 778 2564 prelato
795 2481 903 2542 Blasio
928 2482 1016 2563 quod
1033 2482 1101 2564 ipse
1119 2497 1258 2564 exponet
1281 2481 1320 2542 ad
1338 2479 1420 2542 facta

147 2605 182 2652 et
207 2589 345 2672 negocia
378 2589 478 2671 ipsius
509 2587 675 2666 Johannis,
703 2587 759 2648 sed
791 2588 879 2669 quod
904 2588 994 2650 dedit
1025 2589 1131 2651 eidem
1157 2589 1264 2651 Blasio
1289 2587 1420 2649 nomine

148 2695 278 2773 mutui;
301 2708 333 2757 et
357 2695 434 2757 dum
459 2695 600 2777 deponet
615 2693 833 2776 juramentum
850 2709 927 2756 tunc
947 2694 1090 2777 prefatus
1107 2696 1231 2757 Blasius
1247 2694 1419 2779 Ztenyczki

147 2801 353 2883 obligabitur
369 2800 552 2884 persolvere
569 2799 676 2862 eidem
694 2799 832 2862 Johanni
848 2800 1050 2863 Soldinaricz
1064 2801 1224 2883 predictos
1236 2801 1301 2882 (sex
1319 2799 1420 2880 flor.);

148 2908 334 2992 predictum
361 2908 577 2990 juramentum
602 2906 699 2968 debet
714 2906 877 2990 deponere
898 2906 977 2970 feria
992 2908 1090 2971 tercia
1107 2909 1251 2990 proxime
1275 2920 1419 2969 ventura.

264 3014 404 3078 Causam
429 3014 512 3075 inter
537 3014 752 3075 Laurencium
769 3015 929 3076 seniorem
953 3015 1092 3098 judicem
1109 3028 1140 3077 et
1159 3013 1351 3096 Gregorium
1368 3033 1418 3075 su·

149 3138 256 3186 torem
282 3140 343 3205 pro
367 3119 562 3204 quibusdam
585 3120 692 3182 verbis
715 3119 878 3201 injuriosis
902 3134 1016 3184 mutuo
1041 3123 1122 3184 inter
1146 3122 1232 3203 ipsos
1254 3117 1356 3199 sactis,
1373 3120 1419 3201 ju·

153 3230 217 3293 rati
240 3228 521 3306 adiudicaverunt,
551 3227 639 3308 quod
671 3227 746 3289 talia
778 3229 875 3289 verba
899 3227 1052 3309 injuriosa
1075 3243 1149 3290 sunt
1179 3248 1242 3289 una
1267 3247 1325 3308 pro
1349 3227 1420 3288 aliis

151 3350 288 3414 mutu03
314 3354 442 3398 causam
468 3335 645 3416 predictam
670 3332 811 3415 prefatus
833 3335 1031 3396 Laurentius
1046 3335 1232 3417 prorogavit
1255 3347 1286 3396 et
1309 3334 1419 3416 appel·

152 3444 234 3506 lavit
258 3443 289 3504 iu
314 3442 514 3524 presenciam
531 3441 696 3503 seniorum
712 3439 856 3522 judicum
879 3441 954 3522 quia
978 3441 1018 3504 de
1042 3440 1163 3523 judicio
1180 3441 1336 3523 premisso
1353 3460 1418 3502 non

153 3563 204 3612 eat
228 3562 409 3612 contentus.

262 3654 369 3718 Causa
394 3655 476 3716 inter
501 3654 692 3717 Michaelem
725 3669 867 3718 sutorem
898 3674 1053 3736 generum
1087 3655 1224 3717 condam
1250 3656 1336 3716 luce
1368 3673 1418 3715 su·

152 3763 235 3825 toris
264 3776 296 3824 et
320 3761 501 3823 Johannem
532 3760 635 3824 filium
668 3762 813 3824 eiusdem
835 3762 922 3824 luce
953 3762 1080 3824 racione
1116 3761 1283 3824 cuiusdam
1315 3761 1418 3839 vinee,

153 3869 245 3931 cuius
268 3868 413 3952 precium
438 3868 558 3951 recepit
581 3866 723 3951 prefatus
747 3867 886 3930 Michael
909 3881 1009 3947 sutor,
1025 3867 1119 3949 jurati
1143 3867 1417 3950 adjudicaverunt,

152 3975 243 4058 quod
268 3975 413 4056 precium
445 3974 546 4057 ipsius
577 3975 670 4036 vinee
695 3975 839 4038 eiusdem
872 3974 1037 4054 Johannis,
1069 3975 1157 4056 quod
1189 3976 1255 4056 ipse
1281 3973 1418 4035 Michael

153 4082 287 4165 accepit,
312 4094 438 4143 tenetur
463 4095 494 4144 et
516 4080 680 4164 obligatur
703 4081 838 4144 reddere
863 4095 894 4144 et
909 4083 1074 4145 restituere
1092 4082 1159 4166 ipse
1184 4081 1322 4143 Michael
1347 4100 1417 4161 pre·

152 4187 220 4250 lato
245 4187 385 4250 lohanni
402 4186 470 4249 filio
496 4188 594 4268 luce,
610 4188 667 4250 sed
691 4189 831 4271 primum
851 4189 890 4250 de
907 4189 976 4271 ipsa
1002 4189 1093 4250 vinea
1119 4187 1212 4251 etde
1237 4189 1308 4249 aliis
1325 4188 1418 4248 bonis

151 4296 253 4378 ipsius
277 4293 416 4356 condam
433 4294 520 4356 Luce
544 4293 652 4357 debita
669 4294 908 4357 communitatis
925 4295 1043 4356 debent
1066 4295 1223 4376 persolvi;
1240 4293 1416 4376 predictam

150 4420 282 4464 causam
308 4401 376 4483 ipse
402 4400 542 4464 Michael
566 4400 742 4484 appellavit
765 4401 805 4463 ad
830 4402 981 4464 seniores.

259 4506 401 4570 Causam
426 4508 667 4570 communitatis
690 4527 763 4570 cum
788 4508 945 4591 Dyonisio
974 4509 1158 4571 balneatore
1182 4529 1240 4591 pro
1265 4508 1418 4591 eoquod

149 4614 220 4698 ipse
245 4613 423 4697 Dyonisius
454 4614 572 4677 multas
608 4628 640 4677 et
669 4614 847 4697 superfluas
878 4616 1064 4677 exacciones
1098 4616 1274 4698 accipiebat
1297 4629 1328 4677 et
1359 4636 1417 4698 pro

149 4739 240 4785 nunc
264 4720 389 4803 accepit
412 4721 444 4783 in
469 4721 540 4804 ipso
565 4721 682 4783 balneo
700 4722 940 4784 communitatis
965 4736 1074 4785 contra
1094 4722 1260 4804 antiquam
1286 4742 1416 4784 consve-

147 4827 313 4906 tudinem,
325 4825 418 4905 jurati
435 4827 711 4909 adjudicaverunt,
728 4828 817 4910 quod
841 4828 908 4912 ipse
926 4829 1091 4891 Dionisius
1116 4829 1282 4892 balneator
1306 4830 1338 4890 in
1356 4828 1418 4892 hoc

146 4953 285 4999 excessu
308 4947 418 4998 contra
442 4934 709 5001 communitatem
734 4949 764 4998 et
781 4936 897 5018 dignus
921 4949 967 4998 est
989 4936 1096 5018 puniri
1122 4950 1152 4999 et
1176 4937 1304 5000 veniam
1328 4937 1418 5023 inpe-
