3142 5356
207 347 269 428 276

803 349 889 404 Anno
912 360 1001 424 1435.

206 561 246 620 ab
271 579 333 620 una
357 573 458 640 parte,
482 560 522 619 ab
554 558 652 619 altera
684 576 761 619 vero
789 557 946 620 Anthonii
973 571 1003 619 et
1030 559 1116 621 Luce
1148 557 1291 622 liliorum
1318 560 1476 622 Iohannis

207 666 245 726 de
272 667 416 747 Rakarya
442 664 560 743 habite,
577 684 673 725 unam
692 680 837 726 octavam
857 666 943 726 curie
961 665 992 725 in
1017 685 1049 725 se
1068 666 1299 744 continentem,
1318 686 1392 728 cum
1411 667 1476 728 suis

205 773 410 856 pertinenciis
434 772 541 834 Blasio
571 771 705 850 decano,
729 770 844 850 jurato,
869 771 994 833 concivi
1012 785 1123 833 nostro
1147 791 1245 834 unam
1273 786 1425 854 quartam
1443 787 1474 835 et

205 893 350 941 octavam
376 880 407 939 in
433 878 544 939 eadem
571 879 670 939 domo
695 892 819 940 murata
845 891 876 939 et
900 877 1001 938 lundo
1029 878 1233 960 possidentis,
1258 898 1319 960 pro
1343 879 1475 941 duobus

206 985 274 1048 flor.
299 987 367 1047 auri
391 986 536 1047 vendidit
560 999 716 1066 perpetuo
742 984 982 1066 possidendam.

313 1091 391 1153 ltem
417 1092 578 1152 Barnabas
601 1089 686 1152 lilius
710 1104 740 1151 et
766 1090 938 1152 Scolastica
964 1110 1000 1152 ac
1022 1090 1213 1172 Magdalena
1240 1088 1306 1151 filie
1333 1092 1475 1153 condam

208 1197 336 1259 Andree
361 1197 400 1259 de
425 1198 583 1258 Zwinaria
609 1197 639 1258 in
666 1217 722 1258 sua
748 1211 778 1258 et
798 1197 897 1257 Elene
914 1195 978 1258 filie
999 1197 1144 1258 eiusdem
1169 1197 1298 1258 Andree
1324 1197 1365 1257 de
1392 1198 1476 1258 Zwi-

206 1305 293 1364 naria
318 1304 436 1365 sororis
460 1304 603 1384 ipsorum
628 1303 764 1364 carnalis
793 1303 946 1385 personis,
972 1304 1134 1383 quandam
1159 1302 1293 1364 domum
1312 1318 1475 1365 muratam

206 1425 236 1471 et
262 1409 398 1471 fundum
425 1410 558 1491 predicti
584 1410 711 1471 Andree
736 1409 834 1491 patris
858 1409 1013 1491 ipsorum,
1042 1429 1099 1491 per
1122 1409 1344 1470 astrictionem
1370 1410 1475 1472 credi·

206 1530 311 1578 torum
331 1531 361 1578 er
385 1517 567 1578 debitorum
585 1536 718 1577 suorum
743 1536 779 1576 ac
803 1516 969 1577 daciorum
987 1515 1227 1577 communitatis
1243 1535 1301 1597 pto
1328 1516 1477 1597 persolu-

206 1623 298 1683 cione
324 1622 507 1683 debitorum
536 1637 566 1684 et
583 1623 812 1703 predictorum,
830 1622 1059 1702 daciarumque
1077 1622 1329 1699 communitatis,
1346 1622 1475 1684 Briccio

207 1728 305 1808 judici
330 1727 397 1789 filio
416 1729 593 1807 Benedicti,
618 1729 673 1790 uni
691 1729 841 1790 videlicet
865 1728 972 1788 vicino
998 1729 1097 1810 ipsius
1114 1728 1241 1807 domus,
1258 1747 1296 1789 ex
1310 1747 1475 1791 consensu

208 1849 385 1896 ceterorum
412 1836 591 1896 vicinorum
621 1835 764 1896 eiusdem
797 1835 913 1895 domus
938 1853 996 1916 pro
1029 1834 1274 1915 quatuordecim
1299 1833 1371 1897 flor.
1398 1855 1476 1896 ven·

206 1942 360 2002 diderunt
384 1954 539 2023 perpetuo
564 1941 800 2023 possidendam.

313 2048 390 2109 ltem
416 2047 576 2127 Georgius
602 2048 694 2109 aliter
720 2045 852 2129 Gyuralt
870 2045 1008 2107 carnifex
1034 2046 1196 2127 quendam
1222 2046 1377 2127 (h)ortum
1398 2066 1476 2109 con·

206 2156 280 2216 dam
306 2155 481 2215 Katherine
506 2155 599 2215 aliter
631 2155 740 2216 Katria
773 2168 884 2215 vocate
913 2153 1068 2232 mulieris,
1100 2154 1132 2214 in
1156 2154 1311 2215 suburbio
1336 2154 1477 2216 civitatis

207 2276 291 2322 retro
317 2262 485 2322 ecclesiam
511 2261 610 2321 sancti
638 2261 766 2322 Martini
800 2257 1003 2336 confessoris,
1029 2260 1111 2321 inter
1136 2259 1272 2344 (h)ortos
1296 2259 1398 2322 Blasii
1424 2281 1476 2323 su·

206 2367 295 2443 toris,
320 2366 443 2442 decani,
471 2379 501 2427 et
526 2367 627 2426 Kusse
652 2366 760 2428 relicte
786 2379 816 2427 et
845 2366 983 2427 Barbare
1008 2365 1153 2446 privigne
1177 2364 1316 2427 condam
1342 2365 1476 2429 Thome

210 2473 303 2550 fabri,
327 2471 450 2554 prelato
474 2473 580 2532 Blasio
605 2474 728 2534 decano
745 2492 803 2555 pro
827 2486 949 2555 septem
966 2471 1036 2535 flor.
1060 2472 1127 2533 auri
1150 2492 1187 2532 ex
1211 2491 1370 2534 consensu
1396 2474 1475 2536 vici·

207 2598 322 2640 norum
348 2578 565 2659 predictorum
583 2579 771 2640 auctoritate
791 2578 1011 2640 commissaria
1036 2578 1181 2639 vendidit
1198 2593 1353 2661 perpetuo
1370 2581 1475 2660 possi·

207 2685 359 2745 dendum.

313 2790 391 2852 Item
418 2791 535 2851 Paulus
566 2805 655 2852 sutor
686 2791 790 2853 dictus
823 2793 1003 2873 Kerpanich
1034 2791 1119 2853 filius
1152 2790 1296 2872 Georgii,
1330 2795 1475 2856 concivis

209 2912 328 2974 noster,
353 2897 591 2957 commissarius
615 2911 646 2957 et
671 2912 820 2958 executor
849 2899 1030 2959 testamenti
1055 2898 1192 2960 condam
1211 2899 1310 2961 Lucie
1327 2900 1474 2962 mulieris

208 3005 316 3064 relicte
342 3002 478 3063 condam
505 3001 632 3062 Thome
657 3004 774 3063 sutoris
798 3003 875 3064 dicti
900 3002 1118 3082 Gerdsewich,
1135 3004 1341 3066 medietatem
1365 3007 1473 3067 cuius·

208 3111 282 3170 dam
308 3109 433 3185 domus,
459 3106 561 3186 fundi,
586 3109 693 3168 celarii
719 3123 748 3169 et
768 3107 991 3171 hedificiorum
1015 3111 1047 3171 in
1072 3112 1227 3172 suburbio
1245 3112 1384 3174 civitatis
1401 3132 1471 3194 pre·

208 3216 270 3278 late
296 3218 327 3277 in
353 3217 423 3276 vico
449 3215 598 3276 videlicet
615 3216 761 3277 exteriori
788 3237 844 3277 seu
861 3217 966 3298 platea
985 3216 1236 3279 Theuthonicali
1254 3217 1337 3280 inter
1354 3218 1472 3286 domos

209 3339 239 3384 et
264 3322 381 3384 fundos
406 3321 532 3409 M'athye
558 3322 673 3383 sutoris
697 3336 728 3383 et
752 3322 884 3405 Agyche
917 3323 1070 3402 mulieris,
1094 3324 1134 3384 ab
1161 3343 1236 3402 una,
1260 3337 1291 3386 et
1314 3338 1406 3407 parte
1432 3327 1471 3387 ab

209 3430 307 3490 altera
322 3429 450 3489 Thome
465 3428 580 3489 sutoris
597 3428 671 3489 dicti
686 3428 880 3511 Horwoyew
894 3427 951 3490 lilii
967 3428 1114 3510 Gregorii
1133 3429 1251 3508 habite,
1269 3449 1366 3492 unam
1380 3431 1470 3493 vide·

209 3537 282 3598 licet
307 3551 452 3617 quartam
473 3535 557 3595 curie
582 3535 613 3595 in
639 3554 671 3594 se
690 3535 920 3614 continentem,
945 3535 1108 3617 Stephano
1132 3536 1231 3598 sutori
1253 3534 1322 3598 filio
1341 3538 1470 3599 Martini

208 3643 492 3705 concommissario
509 3660 567 3701 suo
593 3661 628 3700 ex
646 3660 804 3702 consensu
826 3642 1004 3702 vicinorum
1023 3641 1240 3723 predictorum
1257 3663 1316 3724 pro
1333 3644 1471 3725 quadra·

207 3752 295 3832 ginta
320 3750 389 3811 flor.
415 3749 483 3810 auri
501 3747 648 3808 vendidit
673 3761 828 3829 perpetuo
846 3748 1084 3830 possidendam,
1102 3748 1188 3809 salva
1212 3749 1273 3810 alia
1298 3750 1471 3813 medietate

209 3857 353 3919 eiusdem
379 3856 506 3933 domus,
539 3853 641 3934 fundi,
667 3854 774 3915 celarii
808 3869 839 3916 et
870 3853 1106 3933 hedificiorum,
1138 3874 1235 3917 unam
1261 3856 1473 3919 consimiliter

208 3980 355 4047 quartam
381 3964 466 4024 curie
492 3963 524 4023 in
546 3983 578 4023 se
596 3961 763 4040 retinente,
781 3961 891 4023 liberis
915 3962 1014 4044 ipsius
1032 3961 1121 4022 Pauli
1139 3961 1256 4023 sutoris
1274 3976 1471 4044 remanente.

314 4069 392 4131 Item
418 4068 559 4151 prelatus
584 4067 701 4128 Paulus
727 4067 908 4150 Kerpanich
934 4081 964 4128 et
989 4067 1171 4149 Stephanus
1195 4080 1285 4128 sutor
1309 4069 1472 4149 predictus

208 4177 292 4238 filius
316 4177 416 4258 ipsius
441 4176 581 4254 Martini,
606 4174 755 4235 concives
774 4175 885 4252 nostri,
903 4173 1112 4235 commissarii
1138 4188 1169 4236 et
1192 4187 1380 4241 executores
1397 4175 1471 4237 dicti

207 4283 389 4346 testamenti
424 4283 522 4364 ipsius
555 4282 652 4342 Lucie
693 4280 800 4349 relicte
833 4280 962 4343 Thome
996 4279 1231 4363 Getdsewych,
1264 4281 1470 4344 medietatem

209 4391 374 4452 cuiusdam
400 4389 515 4450 domus
540 4403 664 4449 murare
689 4402 718 4447 et
750 4386 841 4448 fundi
867 4388 898 4448 in
925 4388 1008 4448 dicta
1043 4387 1169 4449 civitate
1194 4388 1277 4449 inter
1300 4386 1418 4451 domos
1443 4402 1472 4450 et

209 4496 326 4559 lundos
352 4496 526 4578 Stoykonis
550 4495 691 4571 cultoris,
724 4496 763 4554 ab
797 4513 870 4572 una,
896 4509 926 4555 et
951 4509 1038 4576 parte
1071 4497 1111 4557 ab
1136 4495 1234 4556 altera
1259 4495 1416 4578 Stephani
1441 4510 1472 4558 et

210 4603 378 4665 Laurencii
404 4603 509 4663 habite
535 4616 565 4663 et
589 4601 761 4679 existentis,
794 4620 891 4661 unam
917 4601 1066 4662 videlicet
1098 4615 1246 4683 quartam
1269 4616 1300 4664 et
1323 4616 1468 4682 octavam

209 4711 295 4771 curie
322 4711 352 4770 in
378 4730 410 4772 se
443 4710 653 4786 retinentem,
684 4727 755 4768 curn
788 4709 852 4769 suis
883 4709 1088 4790 pertinenciis
1120 4708 1258 4771 Johanni
1295 4707 1366 4772 filio
1390 4710 1471 4788 Pero

208 4817 307 4902 judici
333 4832 441 4879 nostro
475 4816 631 4878 moderno
656 4835 713 4899 pro
746 4815 918 4877 duodecim
951 4815 1018 4877 flor.
1045 4815 1112 4877 auri
1146 4835 1184 4878 ex
1208 4835 1372 4881 consensu
1393 4816 1489 4880 vici*
