3156 5364
152 567 312 629 universis
337 567 461 650 prelato
487 567 580 630 Petro
605 566 761 646 Hungaro
797 565 904 626 vicino
928 585 966 626 ex
995 584 1157 627 consensu
1181 562 1293 647 prefati
1320 564 1420 625 Bene·

151 674 230 735 dicti
254 672 349 755 jurati
373 673 520 735 vendidit
551 687 707 756 perpetuo
740 671 967 755 possidendam
997 687 1027 733 et
1059 671 1234 754 superinde
1259 685 1305 733 est
1329 672 1419 734 litera

151 782 212 842 sub
237 780 390 863 pendenti
416 780 523 861 sigillo
550 778 792 841 communitatis
815 791 973 840 emanata.

260 903 337 965 Item
357 904 508 965 dominus
525 904 651 965 Marcus
676 903 831 984 presbiter
851 901 936 963 filius
958 901 1111 984 Stephani
1133 901 1275 983 Gerdalt,
1300 904 1420 966 medie-

151 1024 251 1072 tatem
269 1010 436 1072 cuiusdam
461 1010 589 1089 domus,
606 1008 708 1088 fundi,
726 1009 899 1090 celariique
916 1009 1114 1071 subterranei
1140 1023 1170 1070 et
1196 1008 1419 1072 hedificiorum

152 1117 186 1178 in
210 1117 282 1179 vico
307 1131 416 1178 nostro
441 1117 589 1179 exteriori
614 1136 670 1177 seu
696 1116 798 1198 platea
825 1129 969 1176 sutorum
999 1116 1081 1177 inter
1105 1115 1220 1176 domos
1244 1131 1274 1178 et
1299 1115 1417 1178 fundos

152 1223 252 1285 Blasii
284 1223 400 1285 sutoris
431 1221 489 1284 filii
522 1221 676 1305 Stephani
700 1221 814 1302 jurati,
848 1222 989 1283 concivis
1020 1221 1130 1300 nostri,
1168 1236 1199 1283 et
1231 1224 1360 1285 Martini
1384 1245 1420 1287 ac

152 1330 271 1391 Jansek
294 1329 410 1391 sutoris
434 1328 552 1408 habite,
578 1329 682 1411 ipsum
708 1328 878 1389 dominum
904 1329 1047 1390 Marcum
1073 1329 1285 1411 presbiterum
1309 1353 1326 1393 a
1351 1353 1420 1415 pre·

152 1435 221 1497 lato
246 1448 334 1518 patre
359 1455 418 1497 suo
443 1434 707 1497 testamentaliter
739 1434 889 1515 legatam,
915 1454 1011 1496 unam
1045 1449 1193 1517 quartam
1219 1438 1305 1499 curie
1330 1439 1361 1500 in
1387 1460 1420 1501 se

152 1543 385 1620 continentem,
411 1541 540 1624 Mathye
565 1541 689 1602 decano
709 1539 776 1602 filio
802 1539 963 1622 Gregorii,
988 1543 1112 1604 concivi
1131 1557 1250 1623 nostro,
1276 1546 1422 1608 vendidit

152 1663 310 1731 perpetuo
334 1647 563 1731 possidendam
590 1661 620 1709 et
651 1646 824 1729 superinde
854 1661 900 1709 est
924 1648 1015 1710 litera
1048 1649 1107 1710 sub
1135 1648 1288 1731 pendenti
1313 1652 1420 1733 sigillo

153 1754 397 1817 communitatis
425 1767 581 1816 emanata.

260 1879 337 1942 ltem
364 1879 525 1941 lohannes
549 1878 645 1960 judex
663 1878 747 1941 filius
771 1879 862 1957 Pero,
880 1878 1043 1960 quandam
1063 1878 1197 1941 domum
1217 1901 1307 1942 suam
1324 1882 1420 1944 simul

152 2005 227 2048 cum
245 1984 346 2048 fundo
364 2000 395 2048 et
411 1984 566 2048 hedificiis
583 1985 614 2046 in
640 1985 723 2047 dicta
742 1985 869 2047 civitate
889 1985 970 2046 inter
989 1985 1103 2047 domos
1121 1986 1272 2068 Stephani
1297 1989 1363 2050 Ban
1390 2003 1421 2051 et

152 2093 286 2154 domine
300 2092 409 2154 relicte
427 2090 560 2172 Georgii
577 2091 733 2153 Wolltow
752 2091 905 2168 habitam,
923 2090 1063 2152 mediam
1081 2092 1201 2153 curiam
1220 2092 1252 2153 in
1269 2112 1302 2154 se
1320 2095 1421 2155 conti-

152 2213 296 2277 nentem,
320 2198 455 2260 domino
481 2198 625 2260 Fabiano
642 2198 799 2259 canonico
824 2212 854 2258 et
880 2197 1070 2259 Sebastiano
1088 2196 1176 2259 fratri
1193 2218 1252 2260 suo
1276 2200 1422 2262 vendidit

152 2318 311 2389 perpetuo
336 2304 565 2387 possidendam
590 2318 621 2366 et
651 2303 823 2387 superinde
856 2316 902 2365 est
927 2303 1016 2366 litera
1041 2305 1101 2365 sub
1135 2303 1289 2385 pendenti
1313 2306 1421 2387 sigillo

156 2411 398 2473 communitatis
422 2424 580 2472 emanata.

261 2534 340 2596 Item
366 2534 560 2597 Benedictus
583 2533 668 2596 filius
686 2534 852 2596 Michaelis
885 2535 1062 2596 Sebastiani
1089 2536 1120 2596 in
1153 2555 1208 2596 sua
1234 2549 1264 2596 et
1289 2535 1421 2617 Georgii

153 2660 190 2702 ac
216 2640 313 2702 Marci
340 2638 481 2701 filiorum
508 2660 655 2702 necnon
680 2641 794 2703 Vrsule
820 2656 850 2703 et
868 2642 1006 2703 Barbare
1030 2640 1169 2703 filiarum
1200 2642 1343 2704 eiusdem
1362 2644 1421 2705 Mi·

154 2747 274 2810 chaelis
299 2747 489 2826 Sebastiani,
515 2746 648 2809 fratrum
681 2748 832 2810 videlicet
864 2764 894 2809 et
923 2768 1070 2810 sororum
1102 2768 1231 2810 suarum
1257 2749 1421 2830 juniorum

154 2853 355 2915 uterinotum
380 2873 436 2914 seu
454 2854 651 2915 uterinarum
670 2868 701 2915 et
725 2855 913 2933 carnalium,
931 2855 1094 2936 quandam
1112 2855 1245 2916 domurn
1263 2869 1420 2918 muratam

154 2959 252 3021 simul
278 2979 350 3021 cum
375 2958 477 3021 fundo
502 2974 533 3022 et
558 2959 714 3022 hedificiis
739 2981 774 3023 ac
804 2962 922 3023 celario
955 2962 1162 3023 subterraneo
1187 2961 1291 3023 eidem
1316 2963 1422 3044 subia-

155 3080 258 3144 cente,
282 3085 345 3147 que
370 3066 508 3127 condam
534 3067 694 3128 Leonardi
713 3066 817 3130 fratris
843 3069 942 3150 ipsius
964 3067 1131 3129 Michaelis
1148 3068 1327 3131 Sebastiam
1352 3090 1421 3152 pre·

155 3171 302 3252 fuissent,
336 3187 466 3255 excepta
499 3174 638 3255 quadam
672 3176 813 3237 stacione
846 3190 969 3236 murata
1011 3175 1131 3236 ibidem
1167 3195 1265 3258 penes
1296 3189 1421 3258 portam

156 3279 303 3342 eiusdem
321 3280 438 3342 domus
455 3301 472 3341 a
496 3295 585 3363 parte
604 3281 780 3342 occidentis
796 3281 915 3360 habita,
933 3301 1030 3363 quam
1055 3281 1122 3363 ipse
1140 3282 1332 3344 Benedictus
1349 3302 1421 3344 cum

156 3386 250 3448 dictis
268 3385 418 3448 fratribus
442 3402 473 3449 et
489 3388 655 3449 sororibus
678 3389 743 3449 suis
767 3407 825 3469 pro
844 3408 875 3448 se
901 3388 1075 3450 reservavit
1091 3388 1330 3469 possidendam,
1347 3407 1420 3449 cum

157 3492 299 3574 quodam
326 3491 443 3575 (h)orto
476 3494 508 3554 in
542 3494 696 3555 suburbio
730 3494 867 3556 civitatis
898 3494 1041 3576 predicte
1075 3495 1156 3555 inter
1180 3493 1313 3576 (hlortos
1343 3494 1421 3556 libe·

155 3618 266 3661 rorum
292 3599 429 3661 condam
456 3598 588 3681 Georgii
614 3599 768 3661 Wolkovv
793 3615 823 3662 et
858 3601 1034 3662 liberorum
1059 3600 1198 3662 condam
1223 3600 1352 3662 Thome
1375 3601 1421 3661 vi·

156 3707 234 3769 carii
260 3707 382 3784 habit0,
406 3727 441 3768 ac
459 3727 555 3768 unam
580 3721 696 3768 terram
715 3708 868 3768 arabilem
887 3708 917 3768 in
943 3709 1104 3770 territorio
1123 3707 1258 3769 civitatis
1280 3707 1421 3789 predicte

156 3832 259 3896 prope
284 3813 457 3874 claustrum
482 3814 565 3875 beati
590 3814 715 3874 Nicolai
741 3813 933 3875 confessoris
963 3815 1046 3876 inter
1070 3816 1137 3876 vias
1162 3834 1351 3877 communes
1367 3815 1422 3875 ha·

155 3922 268 3997 bitam,
293 3935 430 4001 quatuor
455 3920 557 3981 dietas
589 3921 677 3981 inse
710 3922 947 3999 continentem,
982 3941 1038 3982 nec
1066 3941 1130 3982 non
1163 3921 1318 4002 quasdam
1343 3921 1422 3982 duas

158 4028 317 4088 sessiones
341 4026 564 4107 jobagionales
589 4028 620 4087 in
659 4027 735 4087 villa
768 4027 927 4109 Pobresya
959 4026 1082 4088 habitas
1113 4028 1209 4088 simul
1234 4047 1308 4088 cum
1332 4028 1423 4089 terris

157 4133 333 4194 arabilibus
368 4133 531 4214 Delnycze
568 4147 598 4194 et
633 4133 858 4215 Srebynnycze
892 4134 1022 4210 vocatis,
1047 4153 1083 4194 ac
1116 4134 1186 4195 aliis
1214 4135 1335 4195 cunctis
1358 4135 1423 4194 suis

157 4238 349 4300 utilitatibus
361 4253 391 4300 et
408 4240 612 4320 pertinenciis
629 4240 785 4300 universis
803 4240 933 4302 domine
957 4239 1131 4301 Katherine
1151 4241 1242 4301 aliter
1260 4240 1421 4322 Kathycza

157 4358 269 4406 vocate
295 4343 359 4407 filie
386 4345 499 4426 prelati
526 4345 692 4407 Michaelis
721 4347 911 4425 Sebastiani,
945 4346 1046 4407 sorori
1080 4347 1201 4408 scilicet
1225 4367 1280 4408 sue
1306 4346 1422 4423 juniori

157 4452 282 4516 uterine
307 4467 337 4513 et
362 4453 492 4531 carnali,
517 4453 655 4514 consorti
681 4453 803 4514 scilicet
827 4454 983 4532 legittime
1019 4453 1179 4514 Leonardi
1204 4453 1422 4514 Theuthonici

157 4559 215 4623 filii
243 4559 367 4621 Hertici
393 4560 430 4619 de
457 4560 612 4638 Bavvaria,
630 4580 688 4641 pro
705 4561 795 4622 totali
813 4561 967 4643 porcione
993 4560 1136 4622 eiusdem
1155 4560 1286 4622 domine
1304 4559 1421 4621 Kathe-

159 4668 239 4746 rine,
264 4686 360 4748 quam
387 4668 453 4749 ipsa
478 4666 517 4728 de
542 4667 699 4728 universis
724 4668 980 4749 possessionibus
1005 4682 1035 4729 et
1064 4667 1276 4750 porcionibus
1299 4686 1422 4749 posses-

159 4773 308 4836 sionariis
333 4793 367 4835 ac
393 4773 560 4855 quibusvis
585 4773 678 4834 bonis
712 4773 855 4835 eiusdem
890 4773 1066 4835 mobilibus
1090 4774 1241 4836 videlicet
1265 4788 1296 4836 et
1319 4773 1422 4837 inmo·
