3142 5356
706 107 791 163 Arina
815 102 907 182 1598·
1381 125 1437 186 ¹⁰3

284 315 361 376 ltem
386 316 478 377 Prior
504 316 636 377 ecclesie
671 316 754 377 beati
787 316 911 378 Nicolai
939 315 1128 378 confessoris
1160 318 1305 378 vendidit
1338 337 1437 378 unum

150 420 330 503 (h)ortum
357 423 441 484 Luce
466 421 619 499 carnifici,
644 443 741 503 quem
767 423 918 505 (hlortum
944 424 1050 485 eidem
1075 424 1195 484 dimisit
1219 425 1350 485 domina
1376 425 1438 486 lle·

145 529 248 608 gina
275 529 385 590 relicta
410 529 507 607 Luce,
532 542 676 611 tempore
703 530 778 591 dicti
804 529 928 609 judicis.

282 635 359 696 Item
386 654 443 696 nos
467 636 683 697 communitas
708 635 913 697 vendidimus
931 637 1104 718 quemdam
1131 636 1266 698 lundum
1293 637 1438 720 Mychael

155 742 419 820 Stachunarich,
444 762 502 824 pro
527 742 626 803 daciis
650 743 775 803 domini
793 744 886 824 regis,
918 744 1010 804 Petro
1035 742 1102 804 lilio
1130 745 1211 805 l‘etri
1238 744 1374 805 condam
1392 744 1438 825 ju-

158 866 254 926 rato,
280 865 426 930 tempore
451 849 575 910 domini
601 849 756 910 Johannis
781 850 904 926 judicis.

282 975 358 1035 Item
384 974 417 1035 in
441 989 633 1036 testamento
659 975 690 1035 id
722 976 862 1036 vidimus
895 976 1062 1052 contineri,
1088 977 1175 1056 quod
1209 976 1346 1037 condam
1373 981 1439 1036 An-

168 1081 307 1143 thonius
330 1094 419 1142 sutor
443 1081 566 1143 dimisit
597 1082 861 1143 testamentaliter
885 1081 949 1144 filie
982 1103 1036 1143 sue
1065 1083 1163 1143 Elene
1189 1103 1284 1143 unam
1313 1084 1437 1144 vineam

171 1189 205 1250 in
233 1189 340 1268 Krog,
366 1203 510 1269 tempore
535 1189 610 1249 dicti
635 1188 759 1249 domini
782 1189 946 1250 iohannis.

282 1295 361 1357 Item
387 1295 519 1376 provida
552 1296 684 1355 domina
718 1296 841 1375 Regina
876 1311 998 1372 vocata,
1032 1296 1140 1356 relicta
1172 1295 1308 1356 condam
1343 1297 1438 1373 luce,

173 1401 311 1463 donavit
335 1421 394 1462 suo
410 1421 530 1482 genero
548 1402 642 1462 Petro
668 1416 698 1462 et
716 1402 813 1462 Lucie
839 1401 903 1463 filie
921 1422 976 1463 sue
995 1421 1107 1463 omnes
1132 1402 1358 1482 possessiones,
1377 1423 1439 1483 que

175 1507 312 1569 luissent
336 1509 435 1591 patris
460 1509 558 1589 ipsius
583 1509 715 1569 domine
741 1509 838 1570 Lucie
865 1523 928 1569 tam
955 1554 1066 1570 .....
1092 1527 1188 1589 quam
1222 1508 1252 1568 in
1281 1509 1440 1570 territorio

176 1630 285 1677 nostre
311 1615 560 1694 communitatis,
585 1630 729 1697 tempore
754 1615 829 1676 dicti
854 1614 1018 1677 iohannis.

282 1740 358 1801 item
386 1741 482 1800 Jakus
505 1740 717 1820 quinternista
750 1739 895 1800 vendidit
926 1739 1058 1799 domum
1089 1759 1179 1801 suam
1214 1741 1335 1818 Marito,
1360 1755 1438 1803 tem·

176 1867 255 1930 pore
280 1848 355 1909 dicti
386 1847 511 1908 domini
537 1847 700 1908 iohannis.
1395 1830 1400 1839 ’

283 1952 360 2015 ltem
387 1953 474 2034 quod
500 1955 575 2034 quia
601 1955 632 2014 in
658 1966 848 2015 testamento
870 1953 1007 2014 condam
1027 1953 1172 2034 Dyonisii
1190 1953 1282 2031 jurati
1301 1955 1440 2015 vidimus

177 2060 348 2135 contineri,
373 2059 459 2140 quod
487 2059 553 2141 ipse
572 2060 671 2120 Elene
689 2080 745 2121 sue
774 2059 881 2120 relicte
900 2079 999 2119 unum
1025 2057 1160 2119 l'undum
1178 2060 1440 2123 testamentaliter

177 2167 313 2247 legasset
339 2167 420 2226 iuter
454 2164 571 2226 fundos
603 2166 740 2228 condam
774 2167 896 2226 Mareni
926 2181 956 2226 et
988 2165 1163 2226 liberorum
1198 2166 1329 2246 Georgii
1363 2167 1437 2228 dicti

177 2271 347 2351 Oztrogar,
373 2286 517 2353 tempore
543 2272 618 2332 dicti
645 2272 767 2333 domini
794 2271 959 2334 iohannis.

283 2376 362 2437 ltem
380 2375 540 2457 Georgius
558 2377 716 2459 Schapich
742 2392 772 2439 et
789 2378 920 2438 domina
947 2378 1029 2439 Rosa
1047 2399 1104 2439 sua
1129 2398 1260 2439 consors
1285 2378 1437 2438 vendide-

177 2497 250 2543 tunt
275 2481 413 2543 fundum
446 2503 569 2561 eorum,
595 2485 733 2544 mediam
767 2484 886 2544 curiam
913 2484 945 2544 in
969 2505 1001 2545 se
1034 2485 1264 2561 continentem,
1291 2484 1438 2545 Emerico

176 2590 367 2667 monetari0,
391 2604 537 2672 tempore
563 2590 638 2651 dieti
664 2590 786 2651 domini
813 2591 976 2653 Johannis.

284 2714 361 2775 Item
387 2715 505 2776 Paulus
529 2713 617 2776 labet
640 2730 670 2775 et
696 2716 795 2775 Elena
828 2735 883 2775 sua
908 2735 1040 2776 consors
1063 2715 1278 2776 vendiderunt
1303 2715 1437 2775 domum

176 2840 287 2882 eorum
314 2820 478 2903 Stephano
504 2822 642 2900 Kurech,
666 2836 810 2903 tempore
835 2822 909 2883 dicti
936 2822 1059 2883 domini
1085 2822 1249 2883 iohannis.

284 2928 360 2988 Item
386 2928 532 2989 Andreas
557 2928 742 2989 Dezkouich
768 2929 857 2990 dedit
880 2944 994 2989 terram
1019 2949 1109 2989 suam
1135 2928 1270 2989 Nicolao
1294 2927 1361 2988 filio
1386 2928 1437 2988 Jo-

176 3033 291 3094 hannis
316 3053 373 3115 pro
398 3035 538 3115 quadam
563 3055 618 3095 sua
643 3048 737 3111 terra,
761 3049 906 3116 tempore
936 3035 1011 3096 dicti
1037 3035 1159 3096 domini
1185 3034 1348 3095 Johannis.

282 3141 359 3201 Item
393 3140 552 3221 Gregorio
586 3142 709 3202 custodi
753 3141 898 3202 vendidit
928 3141 1064 3203 lundum
1097 3161 1190 3202 suum
1223 3141 1366 3202 Fraucha
1399 3141 1437 3201 de

177 3248 320 3325 Bachun,
344 3262 488 3329 tempore
514 3248 589 3308 dicti
614 3248 736 3308 domini
764 3248 928 3309 lobannis.

284 3372 360 3433 ltem
386 3373 511 3434 Blasius
536 3373 680 3433 vendidit
697 3373 822 3433 vineam
848 3392 939 3433 suam
964 3373 1098 3434 domino
1125 3373 1217 3433 Petro
1242 3373 1381 3453 plebano
1398 3374 1437 3434 de

177 3479 383 3558 Seitariseuo,
407 3494 551 3562 ternpore
577 3481 652 3540 dicti
678 3480 801 3540 domini
828 3480 992 3541 lobannis.

283 3586 362 3648 ltem
388 3588 540 3648 Nicolaus
564 3585 649 3647 filius
667 3586 822 3647 Johannis
839 3586 928 3646 dedit
952 3586 1077 3646 vineam
1096 3605 1186 3646 suam
1211 3586 1338 3646 Andree
1358 3585 1438 3646 Daz-

176 3692 294 3753 kouich
321 3712 378 3774 pro
403 3694 541 3774 quadam
566 3714 623 3755 sua
647 3708 740 3769 terra,
765 3707 910 3774 tempore
935 3693 1010 3753 dicti
1036 3692 1159 3753 domini
1185 3691 1350 3752 lobannis,

284 3816 360 3878 ltem
387 3817 535 3878 dedimus
553 3819 658 3878 literas
681 3833 785 3879 nostre
812 3818 1051 3878 communitatis
1069 3817 1204 3878 Nicolao
1229 3817 1354 3877 literato
1371 3816 1438 3878 filio

178 3922 268 3984 Pauli
294 3923 369 3984 dicti
396 3924 552 3985 Praudich
577 3945 672 4004 super
702 3939 763 3984 tres
782 3924 999 4004 possessiones
1024 3938 1054 3983 et
1077 3937 1175 3983 terras
1199 3923 1336 3983 arabiles
1353 3922 1438 4002 juxta

177 4028 382 4113 Pobresyam,
407 4031 584 4091 secundum
609 4029 812 4109 judiciarium
831 4049 1027 4111 processum,
1051 4045 1195 4110 tempore
1213 4029 1289 4089 dicti
1314 4029 1437 4089 domini

177 4134 342 4200 iohannis.

283 4241 360 4303 Item
386 4242 529 4304 vendidit
555 4243 730 4323 Gregorius
748 4241 831 4303 filius
855 4242 1007 4323 Stephani
1025 4243 1100 4303 dicti
1120 4241 1265 4304 Pundich
1284 4242 1438 4302 lanniche

177 4363 206 4411 et
231 4349 370 4411 Johanni
395 4350 538 4431 Zagoreh
564 4350 714 4432 (mortum
740 4350 882 4431 ipsorum
906 4363 936 4409 et
959 4349 1131 4410 stabulum.

284 4474 360 4537 Item
380 4477 467 4557 quod
485 4477 560 4557 quia
578 4475 718 4535 vidimus
735 4475 817 4535 clare
838 4475 868 4534 id
887 4474 1043 4535 contineri
1063 4474 1093 4534 in
1112 4487 1302 4536 testamento
1321 4473 1437 4534 Jaklini

177 4582 374 4662 gladiatoris,
399 4583 485 4663 quod
513 4583 578 4664 ipse
596 4583 721 4642 vineam
741 4602 836 4642 unam
863 4600 952 4643 suam
972 4580 1134 4641 Dorothee
1159 4601 1214 4641 sue
1232 4581 1438 4661 compatrisse
