3142 5356
683 355 770 414 Anno
792 369 882 432 1433.
1352 370 1369 412 2
1375 372 1410 430 5¹

481 463 496 468 -
514 462 612 468 ——.----
966 461 975 465 -
993 458 1414 467 -———..-——

150 569 246 631 novis
279 568 466 630 concivibus
501 566 717 630 vendiderunt
748 580 906 649 perpetuo
930 565 1157 650 possidendam
1190 586 1226 628 ex
1259 584 1417 627 consensu

148 676 332 738 vicinorum
356 675 586 758 predictorum.

258 782 336 844 Item
355 783 465 844 Petrus
482 780 577 862 judex
597 796 704 843 noster
721 783 897 843 modernus
915 779 999 841 lilius
1017 780 1121 859 Pauli,
1139 780 1281 842 concivis
1298 793 1416 856 noster,

148 888 314 971 quandam
340 888 474 950 domum
499 909 589 950 suam
623 890 720 951 simul
752 908 825 951 cum
855 886 956 951 fundo
981 901 1012 949 et
1042 886 1210 967 hedificiis,
1235 888 1418 968 celarioque

148 996 359 1057 subterraneo
384 995 416 1055 in
434 993 518 1055 dicta
543 994 669 1055 civitate
688 995 770 1057 inter
794 995 909 1055 domos
938 1008 969 1055 et
986 991 1114 1071 fundos,
1132 993 1247 1055 celatia
1272 1013 1307 1055 ac
1326 992 1415 1054 hedi·

148 1100 222 1163 ficia
246 1102 381 1184 provide
407 1101 552 1162 mulieris
577 1101 675 1162 Lucie
702 1101 886 1162 Santinicza
903 1099 987 1162 dicte
1011 1113 1041 1160 et
1066 1099 1242 1161 liberorum
1267 1118 1323 1160 seu
1347 1117 1417 1160 suc·

150 1227 315 1271 cessorutn
332 1207 470 1270 condam
497 1207 663 1269 Benedicti
681 1207 767 1268 Rulli
791 1205 945 1283 habitam,
963 1206 1102 1267 mediam
1128 1205 1248 1267 curiam
1266 1204 1305 1266 ad
1323 1223 1417 1266 usum

148 1314 288 1377 civitatis
312 1313 454 1396 predicte
481 1313 512 1373 in
538 1333 570 1375 se
595 1314 825 1391 continentem,
850 1332 923 1374 cum
947 1312 1013 1373 suis
1045 1311 1252 1394 pertinenciis
1277 1325 1308 1372 et
1332 1310 1417 1373 utili-

149 1420 270 1482 tatibus
295 1419 453 1481 universis
477 1419 602 1481 Briccio
626 1418 693 1480 filio
722 1419 829 1481 Milvus
853 1418 893 1479 de
919 1417 1087 1481 Kralewch
1112 1432 1143 1479 et
1168 1417 1333 1479 Demetrio
1349 1414 1417 1478 filio

149 1546 210 1588 suo
235 1546 271 1588 ac
295 1546 351 1607 per
376 1545 431 1587 eos
456 1525 599 1607 ipsorum
624 1525 797 1587 heredibus
829 1524 976 1586 vendidit
1008 1538 1164 1608 perpetuo
1188 1523 1417 1607 possidendam

150 1653 191 1694 ex
216 1652 374 1695 consensu
397 1631 579 1695 vicinorum
605 1631 835 1715 predictorum.

205 1872 288 1942 ltem
316 1873 459 1943 sabbato
489 1870 640 1961 proximo
672 1879 749 1942 ante
778 1871 901 1942 festum
931 1869 1184 1941 Purificaciouis
1214 1867 1356 1957 gloriose

561 2014 691 2084 semper
719 1993 861 2082 virginis
890 1995 1005 2065 Maris.

665 2172 727 2243 (31.
743 2167 911 2241 januaris).

259 2326 337 2387 item
356 2325 487 2410 Gyuralc
504 2322 643 2386 carnifex
660 2322 745 2386 filius
768 2324 992 2406 Matheykonis
1009 2323 1172 2405 quandam
1190 2337 1307 2384 terram
1324 2339 1417 2383 suam

152 2432 308 2494 arabilem
334 2432 367 2493 in
393 2451 507 2513 campo
532 2431 669 2493 civitatis
686 2431 768 2492 inter
792 2445 891 2492 terras
914 2431 1060 2492 similiter
1078 2428 1214 2491 arabiles
1238 2428 1417 2490 liberorum

151 2538 290 2601 condam
316 2538 407 2599 Pauli
439 2537 516 2599 dicti
549 2537 685 2622 Frawyn
718 2551 748 2598 et
780 2538 861 2598 inter
893 2551 991 2598 terras
1015 2551 1046 2597 et
1074 2537 1141 2597 vias
1176 2533 1419 2596 communitatis

152 2644 305 2723 habitam,
324 2645 403 2705 duas
420 2645 521 2705 dietas
537 2657 620 2705 terre
637 2644 669 2704 in
687 2664 720 2704 se
737 2644 966 2720 continentem,
983 2662 1056 2705 cum
1073 2643 1138 2704 suis
1155 2641 1363 2724 pertinenciis
1387 2652 1419 2701 et

152 2750 346 2813 utilitatibus
371 2751 528 2812 universis
553 2750 647 2811 Petro
673 2749 770 2828 judici
795 2764 904 2811 nostro
926 2750 1084 2811 moderno
1108 2768 1166 2830 pro
1192 2748 1321 2810 duobus
1344 2746 1415 2808 flor.

152 2857 299 2920 vendidit
324 2871 479 2939 perpetuo
504 2856 742 2937 possidendam.

260 2982 337 3044 Item
364 2982 517 3044 Nicolaus
541 2980 702 3042 aurifaber
723 2978 808 3041 filius
833 2981 928 3059 Petri,
953 2982 1095 3042 concivis
1119 2996 1236 3060 noster,
1251 2980 1417 3062 quandam

155 3104 278 3172 partem
303 3088 457 3150 directam
482 3101 513 3148 et
538 3087 686 3168 equalem
719 3088 885 3148 cuiusdam
919 3086 1010 3149 fundi
1039 3087 1087 3149 sui
1119 3086 1418 3169 superhedificatam

158 3215 256 3273 nunc,
280 3195 312 3256 in
337 3194 421 3256 dicta
446 3195 573 3255 civitate
599 3194 839 3273 interdomum,
864 3193 998 3256 fundum
1025 3206 1056 3255 et
1079 3191 1226 3255 hedificia
1252 3193 1419 3255 Jacomelli

156 3302 250 3382 jurati
275 3316 307 3363 et
331 3302 413 3362 inter
436 3301 531 3362 aliam
558 3300 692 3361 domum
718 3301 817 3382 ipsius
834 3301 959 3362 Nicolai
985 3299 1136 3362 aurifabri
1161 3299 1278 3379 habite,
1296 3313 1419 3383 partem

156 3408 276 3469 scilicet
300 3407 503 3485 anteriorem,
536 3427 632 3468 unam
666 3423 810 3488 quartam
843 3408 930 3469 curie
959 3408 1048 3469 inse
1081 3407 1311 3485 continentem,
1344 3425 1418 3467 cum

154 3515 221 3577 suis
252 3515 459 3597 pertinenciis
491 3513 658 3574 Anthonio
691 3510 760 3575 filio
793 3513 957 3575 Benedicti
990 3513 1099 3574 villico
1131 3513 1163 3574 iu
1192 3513 1324 3596 Zelyna,
1355 3512 1418 3593 jam

154 3640 242 3683 novo
266 3621 392 3682 concivi
416 3633 537 3697 nostro,
563 3619 650 3680 fratri
683 3640 759 3681 vero
791 3640 850 3683 suo
883 3621 1037 3703 adoptivo
1063 3634 1093 3682 et
1124 3621 1243 3682 carnali
1269 3619 1358 3682 dedit
1389 3632 1420 3680 et

153 3727 288 3788 donavit
312 3740 467 3809 perpetuo
492 3726 729 3806 possidendam.

260 3851 338 3912 ltem
364 3850 525 3933 Georgius
549 3851 703 3912 Wolkow
729 3851 832 3912 dictus
853 3850 939 3912 lilius
964 3851 1049 3912 ltvan
1075 3851 1238 3933 quendam
1264 3849 1418 3931 (h)ortum

154 3977 249 4020 suum
274 3958 356 4019 inter
374 3957 509 4040 (h)ortos
526 3958 669 4019 virorum
686 3958 896 4039 providorum
915 3958 1091 4019 liberorum
1108 3957 1246 4018 condam
1264 3956 1419 4018 Johannis

155 4064 264 4125 Prawz
281 4078 312 4126 et
334 4064 415 4125 inter
432 4062 587 4145 (h)ortum
605 4062 737 4144 Georgii
754 4063 880 4142 judicis,
898 4083 970 4124 cum
995 4064 1060 4124 suis
1077 4064 1294 4146 pertinenciis,
1312 4061 1418 4125 eidem

155 4169 299 4251 Georgio
324 4169 422 4251 judici
447 4169 514 4231 filio
539 4170 702 4231 Valentini
735 4169 881 4232 vendidit
904 4184 1060 4252 perpetuo
1085 4170 1329 4252 possidendum.

261 4294 339 4357 ltem
364 4295 505 4376 quedam
530 4294 647 4355 domus
671 4309 795 4356 murata
820 4308 850 4355 et
875 4294 995 4355 fundus
1019 4315 1054 4355 ac
1080 4293 1227 4356 hedificia
1251 4294 1310 4355 viri
1343 4313 1418 4355 con·

156 4400 229 4465 dam
256 4401 394 4485 providi,
420 4401 539 4463 nobilis
557 4416 587 4463 et
612 4401 832 4484 circumspecti
851 4401 992 4463 Ladislai
1010 4399 1067 4462 filii
1093 4400 1269 4478 Benedicti,
1293 4400 1326 4461 in
1343 4400 1419 4462 civi·

154 4522 219 4570 tate
243 4508 397 4590 predicta,
423 4509 503 4569 inter
528 4508 607 4569 duas
631 4507 696 4568 vias
721 4523 750 4569 et
775 4508 896 4590 plateas
921 4527 1109 4569 communes
1134 4526 1169 4567 ac
1194 4506 1275 4567 inter
1304 4505 1420 4568 domos

158 4613 311 4696 Stephani
337 4614 429 4695 jurati
455 4612 513 4676 filii
545 4613 693 4696 Gregorii
727 4629 757 4676 et
786 4614 915 4700 Mathye
939 4614 1032 4695 jurati
1065 4613 1164 4675 nostri
1189 4612 1337 4674 moderni
1361 4610 1419 4675 filii

159 4719 313 4802 Stephani
339 4720 456 4798 habita,
481 4741 577 4781 unam
605 4722 761 4802 integram
783 4722 903 4783 curiam
930 4723 961 4781 in
985 4740 1018 4781 se
1036 4720 1215 4797 continens,
1241 4718 1343 4780 nobili
1362 4719 1418 4780 do·

84 4826 87 4831 ’
157 4827 243 4890 mine
269 4825 430 4889 Dorothee
455 4829 595 4890 consorti
614 4829 713 4911 ipsius
739 4827 879 4890 Ladislai
900 4827 1024 4889 concivi
1050 4840 1155 4888 nostre
1175 4840 1221 4887 est
1245 4825 1419 4887 literatorie
