3142 5356
652 489 804 547 Addenda.
1311 511 1373 572 253

216 698 425 782 Sthephycza.
744 700 926 782 Stephanus
949 702 1091 762 sororius
1115 703 1343 788 Kelchevvych.

214 805 336 866 Blasius
359 819 459 868 sutor.
741 807 898 868 Martinus
922 805 1022 870 faber.

212 910 370 994 Georgius
393 925 492 975 sutor.
739 914 841 975 Lucas
865 912 1002 977 cheztar.

212 1018 357 1080 Thomas
380 1017 532 1101 frenipar.
741 1019 895 1081 Thomko
919 1034 1017 1082 sutor.

211 1126 362 1187 Nicolaus
386 1126 551 1208 clipeipar.
739 1125 930 1187 Valentinus
955 1129 1055 1189 tesak.

210 1231 356 1295 Matheus
380 1246 481 1294 sutor.
739 1231 923 1295 Anthonius
948 1232 1115 1295 Planthak.

710 1444 764 1511 18.

213 1585 315 1647 Causa
340 1589 423 1648 inter
447 1586 614 1648 dominam
638 1591 765 1648 Annam
791 1601 822 1650 et
840 1588 922 1649 inter
947 1608 1079 1649 uxorem
1105 1589 1195 1650 lurse
1221 1610 1258 1650 ex
1284 1603 1371 1670 parte

94 1673 255 1768 lituperii
280 1708 312 1756 et
336 1693 504 1775 quomodo
530 1693 665 1775 capillos
698 1694 880 1755 alternatim
910 1707 1083 1772 traxerunt,
1117 1710 1163 1755 est
1188 1695 1371 1776 adjudicata

97 1795 156 1855 per
186 1796 313 1878 juratos,
338 1815 374 1862 ut
390 1797 510 1883 prelata
536 1801 668 1863 domina
693 1806 787 1862 Anna
805 1822 842 1862 ex
860 1821 925 1882 quo
944 1802 1045 1882 ipsam
1076 1802 1181 1883 primo
1206 1803 1371 1883 percussit,

98 1901 249 1996 'convicta
273 1921 321 1969 est
346 1908 378 1968 in
403 1907 514 1969 decem
540 1909 647 1989 pensis
672 1907 878 1968 denariorum
896 1908 977 1989 parti
1002 1908 1145 1985 adverse,
1171 1907 1268 1987 judici
1295 1928 1370 1969 vero

100 2006 132 2050 ¹¹¹
161 2023 289 2075 centurn
314 2014 574 2091 viennensibus3
609 2014 664 2075 ubi
689 2034 765 2075 vero
798 2014 979 2074 alternatim
1013 2013 1276 2095 vituperaverunt
1308 2034 1369 2075 una

99 2094 249 2263 aliteram,
272 2120 458 2202 paciantur;
483 2119 604 2203 prefata
637 2121 769 2182 domina
795 2125 888 2181 Anna
921 2139 985 2182 non
1021 2133 1171 2180 contenta
1197 2120 1370 2202 appellavit

96 2213 114 2255 ³
168 2225 319 2289 seniores.

687 2329 690 2336 '
707 2331 760 2397 ta.

211 2474 311 2537 Causa
337 2477 419 2537 inter
438 2477 622 2537 Marianum
641 2488 672 2537 et
702 2476 876 2560 Symonem
896 2490 1061 2554 sartorem,
1079 2477 1221 2537 seniores
1245 2475 1368 2554 judices

84 2555 153 2625 tali
189 2582 281 2643 modo
306 2581 585 2662 adjudicaverunt,
610 2582 698 2663 quod
716 2583 770 2643 illa
794 2583 917 2664 privata
943 2583 1073 2644 deloco
1099 2583 1156 2643 illo
1182 2584 1369 2643 inconsveto

79 2650 201 2747 debet
221 2689 377 2751 removeri
403 2703 434 2751 et
458 2689 579 2772 deponi
598 2703 629 2751 et
653 2690 685 2749 in
711 2689 785 2750 loco
803 2703 956 2751 consveto
982 2690 1078 2751 debet
1096 2690 1207 2767 locari,
1232 2704 1262 2750 et
1279 2690 1367 2770 quod

124 2793 268 2856 a'tianus
291 2815 358 2857 non
383 2796 528 2858 obedivit
552 2795 712 2857 mandatis
737 2795 862 2874 judicis,
888 2796 973 2856 idern
1002 2797 1168 2856 Martianus
1193 2796 1367 2877 condemp-

72 2876 198 2959 ssatus
219 2916 264 2963 est
287 2902 386 2983 judici
413 2903 445 2963 in
470 2902 648 2977 violencia;
674 2917 705 2963 et
730 2922 831 2982 usque
863 2903 997 2963 tercium
1023 2903 1107 2962 diem
1134 2902 1188 2962 illa
1215 2903 1299 2982 ligna
1326 2902 1365 2961 de

85 2991 180 3094 ‘³00
195 3022 372 3086 removeat;
397 3008 511 3071 alesto
529 3023 637 3070 autern
660 3010 782 3069 Natalis
800 3008 931 3068 Domini
958 3009 996 3067 ad
1015 3008 1257 3088 quindecimum
1279 3009 1363 3067 diem

102 3104 250 3183 'Sponat
274 3136 404 3178 murum
429 3136 519 3177 more
545 3117 665 3177 debito.

210 3221 283 3284 ltem
308 3223 385 3305 quia
410 3224 491 3284 trina
517 3224 586 3284 vice
610 3223 844 3304 proclamatum
863 3235 918 3298 est,
944 3222 1031 3301 quod
1058 3241 1119 3281 una
1145 3221 1234 3282 litera
1262 3237 1368 3283 nostra

58 3300 154 3374 ⁸⁶1¹
187 3328 317 3392 civitatis
341 3328 465 3413 prefate
491 3350 548 3411 pro
582 3343 670 3410 parte
697 3329 862 3389 Michaelis
893 3329 1010 3388 sutoris
1036 3328 1133 3406 Segin
1159 3328 1246 3405 dicti,
1272 3349 1367 3410 super

116 3408 253 3497 )Qrtum
280 3438 311 3498 in
338 3438 479 3499 vicinatu
506 3436 592 3499 Galli
618 3437 735 3497 sutoris
760 3451 790 3497 et
815 3435 923 3496 relicte
943 3436 1040 3513 Segin
1066 3437 1104 3494 ab
1131 3435 1203 3511 alia,
1229 3456 1291 3516 que
1317 3457 1366 3497 ca-

55 3513 232 3604 Sugiliter
256 3544 424 3626 deperdita
457 3544 563 3605 existit
596 3557 626 3603 et
651 3563 706 3624 per
738 3562 893 3624 precones
918 3558 1043 3602 nostros
1076 3542 1290 3622 proclanrata3
1316 3545 1365 3604 cui

96 3638 126 3682 ἒ
174 3667 251 3712 novo
275 3652 366 3713 litera
384 3665 491 3712 nostra
517 3664 548 3712 et
565 3650 700 3712 civitatis
726 3664 832 3711 nostre
850 3649 1020 3710 commissa
1046 3663 1092 3709 est
1115 3669 1210 3730 super
1227 3650 1365 3711 eundem

52 3706 251 3817 (mortum
276 3758 344 3818 dari
370 3771 401 3819 et
424 3756 638 3820 scribifacere.

206 3862 309 3924 Causa
334 3864 417 3925 inter
443 3864 627 3925 Marcianum
653 3878 683 3923 et
708 3863 884 3943 Symonem
914 3875 1054 3921 sutorem
1081 3881 1136 3941 per
1161 3860 1281 3938 juratos
1305 3863 1359 3922 tali

50 3932 200 4028 ¹¹¹‘'slo
216 3985 261 4032 est
277 3970 472 4049 adjudicata,
496 3971 618 4052 quoda
636 3970 708 4030 data
723 3969 925 4051 presencium
944 3969 1031 4029 illam
1050 3968 1204 4049 privatam
1224 3985 1360 4029 erectam

95 4062 201 4149 δἿυο
218 4091 365 4138 octavum
389 4077 475 4138 diem
494 4077 634 4159 deponat
652 4091 682 4138 et
699 4096 826 4137 murum
845 4075 1041 4136 destructum
1059 4090 1088 4135 et
1108 4073 1242 4134 fractum
1262 4095 1362 4155 usque

40 4145 342 4294 {Undecimum
367 4182 454 4246 diem
487 4182 723 4265 disponifaciat‚
757 4183 798 4242 ita
823 4197 941 4258 tamen,
966 4180 1053 4261 quod
1079 4227 1086 4242 .
1112 4231 1118 4242 .
1144 4229 1150 4242 .
1177 4226 1184 4240 .
1210 4180 1363 4261 deponat,

37 4263 175 4397 v{¹111
196 4291 316 4371 absque
340 4290 476 4351 licencia
501 4290 742 4351 communitatis
780 4289 833 4350 illa
867 4290 1036 4371 disposuit,
1060 4310 1131 4350 cum
1158 4339 1164 4352 .
1192 4339 1198 4351 .
1226 4336 1232 4350 .
1258 4304 1364 4349 autern

34 4460 72 4505 e
88 4376 257 4457 'olencia
282 4416 412 4458 murum
438 4396 599 4479 disponat.
625 4397 794 4458 Marianus
828 4417 891 4457 non
918 4411 1088 4458 contentus
1113 4397 1151 4457 de
1176 4397 1234 4458 hac
1259 4416 1364 4472 causa,

78 4482 232 4564 andem
258 4522 387 4564 causam
412 4503 453 4564 ad
478 4504 621 4565 seniores
646 4502 767 4582 judices
792 4503 976 4584 appellavit.

700 4712 755 4779 20.

204 4859 308 4922 Causa
333 4860 416 4921 inter
449 4858 584 4919 Elenam
616 4876 748 4917 uxorem
783 4856 915 4937 Georgii
949 4855 1115 4932 carnificis,
1140 4871 1173 4916 ut
1199 4856 1360 4933 actricem,

80 4940 109 4996 t
160 4963 363 5028 Katherioam
394 4984 528 5028 uxorem
562 4961 711 5044 Gregorii
743 4963 913 5046 Thulych,
945 4963 990 5024 uti
1016 4975 1199 5039 attractam,
1233 4963 1361 5023 racione
