3142 5356
147 499 208 562 23²
535 482 732 558 Anno1524.
759 515 799 526 —
824 496 873 542 22.
897 483 1015 556 aprilis.

201 694 298 772 Feria
328 709 424 773 sexta
455 710 531 790 post
562 702 682 772 festum
722 704 897 772 beatorum
925 699 1098 772 Thiburcii
1128 710 1160 772 ct
1191 699 1362 775 Valeriani

688 824 877 896 martirum.

672 1009 732 1071 (15.
758 996 889 1069 aprilis).

255 1136 393 1200 Michael
419 1136 609 1219 Oprasnych
628 1136 668 1197 ad
690 1137 877 1197 instanciam
896 1137 980 1198 Petri
1006 1136 1122 1198 literati
1141 1137 1286 1198 secundo
1304 1137 1419 1198 citatus

150 1263 214 1305 non
239 1259 433 1325 compareat.

255 1350 333 1410 Item
359 1348 436 1411 seria
462 1365 548 1412 sexta
580 1350 693 1411 eadem
727 1350 878 1411 videlicet
910 1349 961 1410 die
987 1349 1149 1410 lohannes
1183 1348 1420 1432 Lonchyarych

154 1457 193 1517 ad
219 1456 406 1518 instanciam
434 1457 517 1517 Petri
543 1456 657 1517 literati
683 1457 826 1517 secundo
851 1457 965 1518 citatus
989 1476 1054 1516 non
1080 1455 1272 1536 comparuit.

258 1562 334 1624 ltem
360 1560 437 1624 feria
462 1563 575 1623 eadem
601 1577 686 1623 sexta
711 1563 902 1624 Valentinus
936 1582 1060 1645 pugnar
1083 1562 1123 1622 ad
1149 1562 1340 1623 instanciam
1367 1562 1420 1624 Jo-

153 1668 269 1730 hannis
293 1668 525 1751 Lonchyarych
550 1669 654 1750 primo
677 1669 790 1730 citatus
816 1689 880 1731 non
906 1669 1097 1752 comparuit.

152 1890 297 1959 Sabbata
326 1891 478 1977 proximo
508 1898 582 1977 post
612 1889 732 1958 festum
771 1891 946 1959 beatotum
977 1887 1150 1960 Thibnrcii
1181 1898 1213 1959 et
1244 1888 1421 1960 Valeriani

687 2016 878 2084 martirum.

680 2163 742 2241 (16.
768 2168 893 2240 aprilis).

258 2305 291 2367 ln
317 2325 411 2367 causa
436 2306 517 2367 inter
542 2306 716 2367 Martinum
735 2305 944 2388 Dedkowych
971 2321 1001 2367 et
1026 2305 1190 2367 Thomam
1217 2303 1419 2387 Brozowych

151 2413 282 2475 racione
308 2411 555 2490 vulneracionis‚
580 2413 653 2492 quia
681 2413 747 2492 ipse
773 2412 919 2473 Thomas
944 2413 1084 2474 Martino
1109 2411 1226 2472 vulnus
1250 2409 1422 2489 inflixerat,

152 2521 219 2603 ipse
253 2533 360 2580 autem
394 2519 550 2580 Martinus
582 2519 743 2600 inceperat
775 2518 876 2599 jurgia
917 2533 947 2580 et
980 2520 1080 2580 eciam
1114 2516 1221 2599 lapide
1254 2515 1421 2578 Thomam

151 2625 357 2707 jaculaverat,
382 2626 424 2685 ob
450 2624 510 2685 hoc
528 2623 648 2701 judices
672 2625 814 2685 seniores
831 2625 935 2686 taliter
958 2624 1194 2703 adjudicarunt,
1211 2635 1246 2684 ut
1262 2623 1424 2684 Martinus

152 2731 230 2795 ferat
254 2731 381 2808 vulnus,
413 2731 487 2810 quia
514 2744 548 2791 ut
579 2731 768 2811 premissum
802 2745 847 2791 est
882 2731 949 2812 ipse
981 2729 1042 2792 luit
1073 2749 1178 2807 causa,
1209 2743 1319 2791 tamen
1345 2730 1423 2811 quia

153 2838 300 2900 Thomas
321 2836 460 2897 eundem
480 2836 712 2913 vulneraverat,
731 2837 857 2898 medico
882 2837 939 2897 lesi
958 2834 1140 2913 satisfaciat,
1158 2835 1296 2917 quilibet
1313 2849 1422 2897 autem

153 2943 342 3005 eorumdem
367 2942 407 3003 de
431 2962 536 3024 perse
562 2942 659 3024 judici
686 2957 716 3003 et
732 2943 842 3023 juratis
860 2943 891 3003 in
910 2943 1055 3023 quinque
1079 2942 1187 3024 pensis
1212 2942 1422 3005 denariorum

153 3050 341 3112 convinctus
365 3047 528 3111 habeatur.

262 3156 338 3217 Item
364 3155 475 3216 eadem
502 3154 554 3214 die
579 3155 610 3215 in
636 3174 730 3215 causa
764 3155 846 3215 inter
875 3154 1085 3216 Mathkonem
1120 3170 1152 3217 et
1177 3154 1343 3216 Thomam
1369 3175 1421 3217 co·

152 3263 247 3324 lonos
272 3262 312 3322 de
330 3260 499 3346 Grachyan
520 3261 647 3322 racione
669 3260 836 3321 cuiusdam
854 3261 1093 3323 vulneracionis
1109 3261 1309 3343 gravissime,
1326 3277 1423 3344 prout

154 3383 240 3452 patet
264 3389 360 3450 supra
384 3369 416 3429 in
442 3368 561 3448 judicio
583 3367 772 3447 juratorum,
797 3387 893 3447 quam
912 3369 1108 3429 sentenciam
1133 3367 1276 3430 seniores
1300 3367 1422 3449 judices

155 3476 291 3536 omnino
316 3473 556 3551 confirmarunt,
588 3488 731 3555 preterea
766 3472 826 3534 hoc
858 3474 959 3534 eciam
992 3474 1197 3551 addiderunt,
1224 3487 1259 3535 ut
1283 3475 1422 3556 quilibet

155 3601 266 3643 eorum
292 3581 390 3661 judici
415 3600 487 3641 cum
512 3579 622 3661 juratis
647 3580 678 3639 in
698 3579 841 3660 quinque
866 3580 972 3662 pensis
998 3580 1204 3641 denariorum
1230 3580 1422 3643 convinctus

154 3688 319 3750 habeatur.

316 3903 413 3978 Fetia
441 3915 539 3978 sexta
568 3914 647 3978 ante
675 3906 796 3977 festum
824 3906 915 3978 beati
945 3906 1074 3995 Georgii
1104 3905 1268 3978 martiris,

682 4073 745 4135 (22.
770 4061 894 4133 aprilis).

262 4201 459 4262 Laurencius
485 4201 602 4261 Barber
627 4200 667 4261 ad
701 4202 889 4262 instanciam
919 4200 1077 4262 lohannis
1109 4199 1342 4283 Lonchyarych
1374 4221 1421 4264 se·

154 4308 261 4370 cundo
286 4308 400 4368 citatus
424 4327 489 4368 non
515 4309 704 4390 comparuit.

260 4413 338 4474 ltem
364 4414 478 4475 eadem
512 4413 563 4475 die
596 4414 785 4474 Valentinus
817 4434 941 4495 pugnar
977 4414 1016 4474 ad
1051 4414 1238 4475 instanciam
1265 4413 1423 4475 Johannis

156 4520 388 4604 Lonchyarych
413 4521 555 4581 secundo
580 4521 693 4581 citatus
714 4540 779 4580 non
804 4522 983 4601 comparuit

261 4627 339 4687 ltem
358 4628 469 4687 eadem
498 4627 549 4686 die
568 4625 728 4706 Georgius
754 4626 882 4688 Maxian
901 4627 939 4687 ad
958 4627 1147 4688 instanciam
1165 4626 1292 4688 Nicolai
1309 4647 1423 4709 sporar

156 4734 261 4815 primo
287 4734 400 4794 citatus
425 4753 487 4793 non
514 4734 701 4813 comparuit.

263 4840 339 4900 ltem
365 4839 476 4900 eadem
503 4839 555 4899 die
582 4839 613 4898 in
638 4859 732 4899 causa
758 4840 838 4900 inter
869 4840 996 4900 Petrum
1023 4841 1194 4916 literatum,
1219 4855 1254 4900 ut
1277 4856 1422 4904 actorem

155 4949 194 5008 ab
220 4966 294 5024 una,
320 4959 350 5007 et
374 4946 575 5028 Mychaelem
601 4945 788 5030 Optasnych
814 4961 847 5008 ut
879 4946 1046 5007 videbatur
1070 4965 1171 5025 reum,
1196 4960 1286 5028 parte
1311 4949 1352 5010 ab
1377 4948 1423 5011 al·
