<?xml version="1.0" encoding="UTF-8"?>
<!DOCTYPE html PUBLIC "-//W3C//DTD XHTML 1.0 Transitional//EN"
    "http://www.w3.org/TR/xhtml1/DTD/xhtml1-transitional.dtd">
<html xmlns="http://www.w3.org/1999/xhtml" xml:lang="en" lang="en">
 <head>
  <title>
</title>
<meta http-equiv="Content-Type" content="text/html;charset=utf-8" />
  <meta name='ocr-system' content='tesseract 3.04.00' />
  <meta name='ocr-capabilities' content='ocr_page ocr_carea ocr_par ocr_line ocrx_word'/>
</head>
<body>
  <div class='ocr_page' id='page_1' title='image "./monumentahistor17laszgoog_0250.png"; bbox 0 0 3142 5356; ppageno 0'>
   <div class='ocr_carea' id='block_1_1' title="bbox 550 93 1400 176">
    <p class='ocr_par' dir='ltr' id='par_1_1' title="bbox 550 93 1400 176">
     <span class='ocr_line' id='line_1_1' title="bbox 550 93 1400 176; baseline 0.005 -24"><span class='ocrx_word' id='word_1_1' title='bbox 550 93 637 152; x_wconf 79' lang='lat' dir='ltr'>Anno</span> <span class='ocrx_word' id='word_1_2' title='bbox 660 107 749 169; x_wconf 81' lang='lat'><em>1510.</em></span> <span class='ocrx_word' id='word_1_3' title='bbox 775 127 817 136; x_wconf 94' lang='lat'><em>-</em></span> <span class='ocrx_word' id='word_1_4' title='bbox 840 107 891 172; x_wconf 77' lang='lat'>14.</span> <span class='ocrx_word' id='word_1_5' title='bbox 914 95 996 155; x_wconf 80' lang='lat' dir='ltr'>maii.</span> <span class='ocrx_word' id='word_1_6' title='bbox 1342 112 1400 176; x_wconf 85' lang='lat'>¹97</span> 
     </span>
    </p>
   </div>
   <div class='ocr_carea' id='block_1_2' title="bbox 75 190 125 199">
    <p class='ocr_par' dir='ltr' id='par_1_2' title="bbox 75 190 125 199">
     <span class='ocr_line' id='line_1_2' title="bbox 75 190 125 199; baseline 0.02 -3"><span class='ocrx_word' id='word_1_7' title='bbox 75 190 125 199; x_wconf 66' lang='lat'>-—.</span> 
     </span>
    </p>
   </div>
   <div class='ocr_carea' id='block_1_3' title="bbox 10 297 1401 1239">
    <p class='ocr_par' dir='ltr' id='par_1_3' title="bbox 10 297 1401 1239">
     <span class='ocr_line' id='line_1_3' title="bbox 74 297 1400 389; baseline 0.004 -26"><span class='ocrx_word' id='word_1_8' title='bbox 74 297 274 369; x_wconf 77' lang='lat' dir='ltr'>eiusdem</span> <span class='ocrx_word' id='word_1_9' title='bbox 298 306 468 388; x_wconf 89' lang='lat' dir='ltr'>sororique</span> <span class='ocrx_word' id='word_1_10' title='bbox 493 306 642 388; x_wconf 90' lang='lat' dir='ltr'>ipsorum</span> <span class='ocrx_word' id='word_1_11' title='bbox 666 307 916 388; x_wconf 88' lang='lat' dir='ltr'>presbiterorum</span> <span class='ocrx_word' id='word_1_12' title='bbox 935 319 1046 386; x_wconf 86' lang='lat' dir='ltr'>quarta</span> <span class='ocrx_word' id='word_1_13' title='bbox 1070 326 1142 389; x_wconf 88' lang='lat' dir='ltr'>pars</span> <span class='ocrx_word' id='word_1_14' title='bbox 1159 306 1318 368; x_wconf 91' lang='lat' dir='ltr'>dictorum</span> <span class='ocrx_word' id='word_1_15' title='bbox 1343 307 1400 368; x_wconf 86' lang='lat' dir='ltr'>bo·</span> 
     </span>
     <span class='ocr_line' id='line_1_4' title="bbox 80 411 1399 496; baseline 0.011 -36"><span class='ocrx_word' id='word_1_16' title='bbox 80 413 246 474; x_wconf 85' lang='lat' dir='ltr'>norum</span> <span class='ocrx_word' id='word_1_17' title='bbox 271 413 443 475; x_wconf 89' lang='lat' dir='ltr'>mobilium</span> <span class='ocrx_word' id='word_1_18' title='bbox 470 413 619 474; x_wconf 89' lang='lat' dir='ltr'>omnium</span> <span class='ocrx_word' id='word_1_19' title='bbox 641 413 708 474; x_wconf 88' lang='lat' dir='ltr'>dari</span> <span class='ocrx_word' id='word_1_20' title='bbox 728 413 893 475; x_wconf 89' lang='lat' dir='ltr'>debebunt</span> <span class='ocrx_word' id='word_1_21' title='bbox 909 426 940 473; x_wconf 90' lang='lat' dir='ltr'>et</span> <span class='ocrx_word' id='word_1_22' title='bbox 956 414 1164 490; x_wconf 87' lang='lat' dir='ltr'>tenebuntur,</span> <span class='ocrx_word' id='word_1_23' title='bbox 1188 413 1262 476; x_wconf 86' lang='lat' dir='ltr'>licet</span> <span class='ocrx_word' id='word_1_24' title='bbox 1279 411 1399 496; x_wconf 85' lang='lat' dir='ltr'>prefata</span> 
     </span>
     <span class='ocr_line' id='line_1_5' title="bbox 88 517 1400 602; baseline 0.013 -38"><span class='ocrx_word' id='word_1_25' title='bbox 88 524 223 580; x_wconf 90' lang='lat' dir='ltr'>soror</span> <span class='ocrx_word' id='word_1_26' title='bbox 245 520 389 602; x_wconf 90' lang='lat' dir='ltr'>ipsorum</span> <span class='ocrx_word' id='word_1_27' title='bbox 413 519 454 581; x_wconf 94' lang='lat' dir='ltr'>sit</span> <span class='ocrx_word' id='word_1_28' title='bbox 477 517 631 600; x_wconf 85' lang='lat' dir='ltr'>conjugio</span> <span class='ocrx_word' id='word_1_29' title='bbox 657 519 729 580; x_wconf 88' lang='lat' dir='ltr'>data</span> <span class='ocrx_word' id='word_1_30' title='bbox 746 533 854 580; x_wconf 89' lang='lat' dir='ltr'>tamen</span> <span class='ocrx_word' id='word_1_31' title='bbox 880 518 919 579; x_wconf 92' lang='lat' dir='ltr'>de</span> <span class='ocrx_word' id='word_1_32' title='bbox 941 517 1071 600; x_wconf 83' lang='lat' dir='ltr'>prefatis</span> <span class='ocrx_word' id='word_1_33' title='bbox 1095 519 1189 580; x_wconf 90' lang='lat' dir='ltr'>bonis</span> <span class='ocrx_word' id='word_1_34' title='bbox 1213 519 1353 602; x_wconf 88' lang='lat' dir='ltr'>paternis</span> <span class='ocrx_word' id='word_1_35' title='bbox 1369 533 1400 581; x_wconf 89' lang='lat' dir='ltr'>et</span> 
     </span>
     <span class='ocr_line' id='line_1_6' title="bbox 92 624 1401 707; baseline 0.004 -24"><span class='ocrx_word' id='word_1_36' title='bbox 92 627 282 687; x_wconf 76' lang='lat' dir='ltr'>maternis</span> <span class='ocrx_word' id='word_1_37' title='bbox 313 626 413 688; x_wconf 88' lang='lat' dir='ltr'>nichil</span> <span class='ocrx_word' id='word_1_38' title='bbox 444 626 565 687; x_wconf 88' lang='lat' dir='ltr'>levasse</span> <span class='ocrx_word' id='word_1_39' title='bbox 605 639 636 687; x_wconf 92' lang='lat' dir='ltr'>et</span> <span class='ocrx_word' id='word_1_40' title='bbox 668 626 848 707; x_wconf 87' lang='lat' dir='ltr'>percepisse</span> <span class='ocrx_word' id='word_1_41' title='bbox 880 624 1070 703; x_wconf 83' lang='lat' dir='ltr'>dinoscitur,</span> <span class='ocrx_word' id='word_1_42' title='bbox 1102 627 1143 686; x_wconf 91' lang='lat' dir='ltr'>ob</span> <span class='ocrx_word' id='word_1_43' title='bbox 1166 625 1226 687; x_wconf 93' lang='lat' dir='ltr'>hoc</span> <span class='ocrx_word' id='word_1_44' title='bbox 1258 627 1401 688; x_wconf 86' lang='lat' dir='ltr'>seniores</span> 
     </span>
     <span class='ocr_line' id='line_1_7' title="bbox 96 715 1399 815; baseline 0.002 -23"><span class='ocrx_word' id='word_1_45' title='bbox 96 715 252 794; x_wconf 83' lang='lat' dir='ltr'>iudices</span> <span class='ocrx_word' id='word_1_46' title='bbox 275 731 432 815; x_wconf 82' lang='lat' dir='ltr'>prefatam</span> <span class='ocrx_word' id='word_1_47' title='bbox 465 745 614 813; x_wconf 82' lang='lat' dir='ltr'>quartam</span> <span class='ocrx_word' id='word_1_48' title='bbox 649 746 771 812; x_wconf 87' lang='lat' dir='ltr'>partem</span> <span class='ocrx_word' id='word_1_49' title='bbox 804 750 910 793; x_wconf 88' lang='lat' dir='ltr'>rerum</span> <span class='ocrx_word' id='word_1_50' title='bbox 944 731 1097 795; x_wconf 85' lang='lat' dir='ltr'>videlicet</span> <span class='ocrx_word' id='word_1_51' title='bbox 1128 732 1301 794; x_wconf 89' lang='lat' dir='ltr'>mobilium</span> <span class='ocrx_word' id='word_1_52' title='bbox 1332 732 1399 795; x_wconf 89' lang='lat' dir='ltr'>dari</span> 
     </span>
     <span class='ocr_line' id='line_1_8' title="bbox 97 820 1399 920; baseline 0.002 -23"><span class='ocrx_word' id='word_1_53' title='bbox 97 820 388 901; x_wconf 78' lang='lat' dir='ltr'>deliberaverunt</span> <span class='ocrx_word' id='word_1_54' title='bbox 412 838 590 920; x_wconf 88' lang='lat' dir='ltr'>literasque</span> <span class='ocrx_word' id='word_1_55' title='bbox 614 837 833 920; x_wconf 87' lang='lat' dir='ltr'>privilegiales</span> <span class='ocrx_word' id='word_1_56' title='bbox 861 857 919 919; x_wconf 92' lang='lat' dir='ltr'>pro</span> <span class='ocrx_word' id='word_1_57' title='bbox 944 851 1033 919; x_wconf 90' lang='lat' dir='ltr'>parte</span> <span class='ocrx_word' id='word_1_58' title='bbox 1066 838 1142 899; x_wconf 89' lang='lat' dir='ltr'>dicti</span> <span class='ocrx_word' id='word_1_59' title='bbox 1168 837 1289 900; x_wconf 80' lang='lat' dir='ltr'>Mathia</span> <span class='ocrx_word' id='word_1_60' title='bbox 1314 857 1399 900; x_wconf 89' lang='lat' dir='ltr'>ema·</span> 
     </span>
     <span class='ocr_line' id='line_1_9' title="bbox 98 943 1399 1028; baseline 0.005 -27"><span class='ocrx_word' id='word_1_61' title='bbox 98 944 225 1006; x_wconf 70' lang='lat' dir='ltr'>ssfltas</span> <span class='ocrx_word' id='word_1_62' title='bbox 246 965 300 1028; x_wconf 90' lang='lat' dir='ltr'>per</span> <span class='ocrx_word' id='word_1_63' title='bbox 332 964 391 1007; x_wconf 91' lang='lat' dir='ltr'>nos</span> <span class='ocrx_word' id='word_1_64' title='bbox 414 944 556 1006; x_wconf 84' lang='lat' dir='ltr'>seniores</span> <span class='ocrx_word' id='word_1_65' title='bbox 581 943 708 1025; x_wconf 84' lang='lat' dir='ltr'>judices</span> <span class='ocrx_word' id='word_1_66' title='bbox 739 944 826 1005; x_wconf 90' lang='lat' dir='ltr'>dicto</span> <span class='ocrx_word' id='word_1_67' title='bbox 860 943 980 1006; x_wconf 89' lang='lat' dir='ltr'>Mathie</span> <span class='ocrx_word' id='word_1_68' title='bbox 1005 944 1044 1005; x_wconf 89' lang='lat' dir='ltr'>ad</span> <span class='ocrx_word' id='word_1_69' title='bbox 1075 964 1190 1006; x_wconf 88' lang='lat' dir='ltr'>manus</span> <span class='ocrx_word' id='word_1_70' title='bbox 1213 944 1345 1006; x_wconf 86' lang='lat' dir='ltr'>traditas</span> <span class='ocrx_word' id='word_1_71' title='bbox 1369 959 1399 1007; x_wconf 91' lang='lat' dir='ltr'>et</span> 
     </span>
     <span class='ocr_line' id='line_1_10' title="bbox 96 1043 1398 1142; baseline 0.001 -30"><span class='ocrx_word' id='word_1_72' title='bbox 96 1043 320 1142; x_wconf 50' lang='lat' dir='ltr'>Jssssignatas;</span> <span class='ocrx_word' id='word_1_73' title='bbox 339 1050 483 1135; x_wconf 80' lang='lat' dir='ltr'>prefatus</span> <span class='ocrx_word' id='word_1_74' title='bbox 499 1070 576 1112; x_wconf 90' lang='lat' dir='ltr'>vero</span> <span class='ocrx_word' id='word_1_75' title='bbox 591 1050 754 1112; x_wconf 89' lang='lat' dir='ltr'>Johannes</span> <span class='ocrx_word' id='word_1_76' title='bbox 766 1070 864 1132; x_wconf 90' lang='lat' dir='ltr'>gener</span> <span class='ocrx_word' id='word_1_77' title='bbox 882 1050 1025 1132; x_wconf 90' lang='lat' dir='ltr'>ipsorum</span> <span class='ocrx_word' id='word_1_78' title='bbox 1040 1050 1079 1112; x_wconf 90' lang='lat' dir='ltr'>de</span> <span class='ocrx_word' id='word_1_79' title='bbox 1096 1049 1217 1131; x_wconf 92' lang='lat' dir='ltr'>judicio</span> <span class='ocrx_word' id='word_1_80' title='bbox 1234 1051 1398 1113; x_wconf 89' lang='lat' dir='ltr'>seniorum</span> 
     </span>
     <span class='ocr_line' id='line_1_11' title="bbox 10 1145 1396 1239; baseline -0.001 -18"><span class='ocrx_word' id='word_1_81' title='bbox 10 1206 12 1221; x_wconf 92' lang='grc'>.</span> <span class='ocrx_word' id='word_1_82' title='bbox 93 1145 273 1220; x_wconf 71' lang='lat' dir='ltr'>iudicum</span> <span class='ocrx_word' id='word_1_83' title='bbox 298 1178 365 1221; x_wconf 88' lang='lat' dir='ltr'>non</span> <span class='ocrx_word' id='word_1_84' title='bbox 390 1171 560 1220; x_wconf 89' lang='lat' dir='ltr'>contentus</span> <span class='ocrx_word' id='word_1_85' title='bbox 583 1156 640 1218; x_wconf 85' lang='lat' dir='ltr'>sed</span> <span class='ocrx_word' id='word_1_86' title='bbox 657 1157 832 1239; x_wconf 87' lang='lat' dir='ltr'>appellavit</span> <span class='ocrx_word' id='word_1_87' title='bbox 856 1156 896 1218; x_wconf 95' lang='lat' dir='ltr'>ad</span> <span class='ocrx_word' id='word_1_88' title='bbox 921 1157 1110 1238; x_wconf 89' lang='lat' dir='ltr'>magistrum</span> <span class='ocrx_word' id='word_1_89' title='bbox 1125 1157 1396 1221; x_wconf 86' lang='lat' dir='ltr'>thavernicorum.</span> 
     </span>
    </p>
   </div>
   <div class='ocr_carea' id='block_1_4' title="bbox 305 1386 1214 1631">
    <p class='ocr_par' dir='ltr' id='par_1_4' title="bbox 305 1386 1214 1631">
     <span class='ocr_line' id='line_1_12' title="bbox 305 1386 1214 1466; baseline -0.002 0"><span class='ocrx_word' id='word_1_90' title='bbox 305 1386 401 1466; x_wconf 82' lang='lat' dir='ltr'>ieris</span> <span class='ocrx_word' id='word_1_91' title='bbox 430 1396 539 1466; x_wconf 87' lang='lat' dir='ltr'>tercia</span> <span class='ocrx_word' id='word_1_92' title='bbox 568 1403 646 1466; x_wconf 89' lang='lat' dir='ltr'>ante</span> <span class='ocrx_word' id='word_1_93' title='bbox 675 1394 799 1466; x_wconf 88' lang='lat' dir='ltr'>iestum</span> <span class='ocrx_word' id='word_1_94' title='bbox 828 1392 1043 1466; x_wconf 68' lang='lat' dir='ltr'>ascensionis</span> <span class='ocrx_word' id='word_1_95' title='bbox 1072 1394 1214 1466; x_wconf 86' lang='lat' dir='ltr'>Domini.</span> 
     </span>
     <span class='ocr_line' id='line_1_13' title="bbox 679 1547 845 1631; baseline 0.018 -25"><span class='ocrx_word' id='word_1_96' title='bbox 679 1554 723 1631; x_wconf 82' lang='lat'>(7.</span> <span class='ocrx_word' id='word_1_97' title='bbox 747 1547 845 1628; x_wconf 77' lang='lat' dir='ltr'>mair).</span> 
     </span>
    </p>
   </div>
   <div class='ocr_carea' id='block_1_5' title="bbox 74 1687 1396 1983">
    <p class='ocr_par' dir='ltr' id='par_1_5' title="bbox 74 1687 1396 1983">
     <span class='ocr_line' id='line_1_14' title="bbox 238 1687 1396 1771; baseline -0.002 -21"><span class='ocrx_word' id='word_1_98' title='bbox 238 1687 348 1750; x_wconf 88' lang='lat' dir='ltr'>Simon</span> <span class='ocrx_word' id='word_1_99' title='bbox 374 1687 532 1751; x_wconf 87' lang='lat' dir='ltr'>Horwath</span> <span class='ocrx_word' id='word_1_100' title='bbox 557 1702 667 1750; x_wconf 91' lang='lat' dir='ltr'>contra</span> <span class='ocrx_word' id='word_1_101' title='bbox 697 1689 895 1771; x_wconf 85' lang='lat' dir='ltr'>Stephanum</span> <span class='ocrx_word' id='word_1_102' title='bbox 928 1687 1121 1770; x_wconf 84' lang='lat' dir='ltr'>freniparem</span> <span class='ocrx_word' id='word_1_103' title='bbox 1153 1688 1258 1768; x_wconf 91' lang='lat' dir='ltr'>primo</span> <span class='ocrx_word' id='word_1_104' title='bbox 1281 1688 1396 1749; x_wconf 89' lang='lat' dir='ltr'>citatus</span> 
     </span>
     <span class='ocr_line' id='line_1_15' title="bbox 74 1771 1097 1878; baseline 0.003 -23"><span class='ocrx_word' id='word_1_105' title='bbox 74 1771 185 1841; x_wconf 64' lang='lat' dir='ltr'>non</span> <span class='ocrx_word' id='word_1_106' title='bbox 225 1794 411 1878; x_wconf 85' lang='lat' dir='ltr'>comparuit.</span> <span class='ocrx_word' id='word_1_107' title='bbox 438 1831 477 1840; x_wconf 92' lang='lat'>—</span> <span class='ocrx_word' id='word_1_108' title='bbox 504 1794 654 1857; x_wconf 89' lang='lat' dir='ltr'>Secundo</span> <span class='ocrx_word' id='word_1_109' title='bbox 679 1796 792 1856; x_wconf 89' lang='lat' dir='ltr'>citatus</span> <span class='ocrx_word' id='word_1_110' title='bbox 817 1815 882 1857; x_wconf 92' lang='lat' dir='ltr'>uon</span> <span class='ocrx_word' id='word_1_111' title='bbox 907 1795 1097 1875; x_wconf 87' lang='lat' dir='ltr'>comparuit.</span> 
     </span>
     <span class='ocr_line' id='line_1_16' title="bbox 238 1898 1396 1983; baseline -0.003 -21"><span class='ocrx_word' id='word_1_112' title='bbox 238 1901 361 1962; x_wconf 90' lang='lat' dir='ltr'>Eodem</span> <span class='ocrx_word' id='word_1_113' title='bbox 387 1901 439 1962; x_wconf 87' lang='lat' dir='ltr'>die</span> <span class='ocrx_word' id='word_1_114' title='bbox 457 1899 634 1983; x_wconf 81' lang='lat' dir='ltr'>Gregorius</span> <span class='ocrx_word' id='word_1_115' title='bbox 658 1916 746 1962; x_wconf 91' lang='lat' dir='ltr'>sutor</span> <span class='ocrx_word' id='word_1_116' title='bbox 770 1915 880 1962; x_wconf 88' lang='lat' dir='ltr'>contra</span> <span class='ocrx_word' id='word_1_117' title='bbox 899 1900 1090 1962; x_wconf 89' lang='lat' dir='ltr'>Michaelem</span> <span class='ocrx_word' id='word_1_118' title='bbox 1116 1898 1242 1962; x_wconf 76' lang='lat' dir='ltr'>fabrum</span> <span class='ocrx_word' id='word_1_119' title='bbox 1267 1899 1307 1961; x_wconf 88' lang='lat' dir='ltr'>de</span> <span class='ocrx_word' id='word_1_120' title='bbox 1324 1899 1396 1960; x_wconf 89' lang='lat' dir='ltr'>vico</span> 
     </span>
    </p>
   </div>
   <div class='ocr_carea' id='block_1_6' title="bbox 67 1979 1396 2196">
    <p class='ocr_par' dir='ltr' id='par_1_6' title="bbox 67 1979 1396 2196">
     <span class='ocr_line' id='line_1_17' title="bbox 68 1979 1396 2091; baseline -0.002 -23"><span class='ocrx_word' id='word_1_121' title='bbox 68 1979 273 2070; x_wconf 70' lang='lat' dir='ltr'>sutOxum</span> <span class='ocrx_word' id='word_1_122' title='bbox 304 2008 411 2091; x_wconf 89' lang='lat' dir='ltr'>primo</span> <span class='ocrx_word' id='word_1_123' title='bbox 444 2007 558 2068; x_wconf 90' lang='lat' dir='ltr'>citatus</span> <span class='ocrx_word' id='word_1_124' title='bbox 589 2026 653 2068; x_wconf 91' lang='lat' dir='ltr'>non</span> <span class='ocrx_word' id='word_1_125' title='bbox 696 2007 887 2089; x_wconf 89' lang='lat' dir='ltr'>comparuit.</span> <span class='ocrx_word' id='word_1_126' title='bbox 919 2042 962 2051; x_wconf 97' lang='lat'>-</span> <span class='ocrx_word' id='word_1_127' title='bbox 999 2007 1150 2070; x_wconf 87' lang='lat' dir='ltr'>Secundo</span> <span class='ocrx_word' id='word_1_128' title='bbox 1182 2007 1296 2068; x_wconf 87' lang='lat' dir='ltr'>citatus</span> <span class='ocrx_word' id='word_1_129' title='bbox 1329 2025 1396 2066; x_wconf 92' lang='lat' dir='ltr'>non</span> 
     </span>
     <span class='ocr_line' id='line_1_18' title="bbox 67 2082 316 2196; baseline 0.012 -21"><span class='ocrx_word' id='word_1_130' title='bbox 67 2082 316 2196; x_wconf 66' lang='lat' dir='ltr'>conlparuit.</span> 
     </span>
    </p>
   </div>
   <div class='ocr_carea' id='block_1_7' title="bbox 383 2349 1140 2584">
    <p class='ocr_par' dir='ltr' id='par_1_7' title="bbox 383 2349 1140 2584">
     <span class='ocr_line' id='line_1_19' title="bbox 383 2349 1140 2441; baseline 0.004 -17"><span class='ocrx_word' id='word_1_131' title='bbox 383 2349 480 2424; x_wconf 78' lang='lat' dir='ltr'>Feria</span> <span class='ocrx_word' id='word_1_132' title='bbox 509 2354 618 2424; x_wconf 86' lang='lat' dir='ltr'>tercia</span> <span class='ocrx_word' id='word_1_133' title='bbox 645 2350 679 2423; x_wconf 89' lang='lat' dir='ltr'>in</span> <span class='ocrx_word' id='word_1_134' title='bbox 707 2351 856 2441; x_wconf 84' lang='lat' dir='ltr'>profesio</span> <span class='ocrx_word' id='word_1_135' title='bbox 885 2352 983 2424; x_wconf 86' lang='lat' dir='ltr'>beate</span> <span class='ocrx_word' id='word_1_136' title='bbox 1010 2351 1140 2440; x_wconf 79' lang='lat' dir='ltr'>sophie.</span> 
     </span>
     <span class='ocr_line' id='line_1_20' title="bbox 669 2506 850 2584; baseline 0.011 -21"><span class='ocrx_word' id='word_1_137' title='bbox 669 2518 732 2584; x_wconf 70' lang='lat'>(14.</span> <span class='ocrx_word' id='word_1_138' title='bbox 755 2506 850 2584; x_wconf 85' lang='lat' dir='ltr'>maii).</span> 
     </span>
    </p>
   </div>
   <div class='ocr_carea' id='block_1_8' title="bbox 53 2645 1393 4646">
    <p class='ocr_par' dir='ltr' id='par_1_8' title="bbox 53 2645 1393 4646">
     <span class='ocr_line' id='line_1_21' title="bbox 54 2645 1393 2754; baseline 0.001 -44"><span class='ocrx_word' id='word_1_139' title='bbox 54 2711 80 2754; x_wconf 57' lang='grc'><strong>8</strong></span> <span class='ocrx_word' id='word_1_140' title='bbox 233 2647 428 2711; x_wconf 86' lang='lat' dir='ltr'>Baithasaris</span> <span class='ocrx_word' id='word_1_141' title='bbox 462 2647 502 2709; x_wconf 90' lang='lat' dir='ltr'>de</span> <span class='ocrx_word' id='word_1_142' title='bbox 527 2645 642 2730; x_wconf 89' lang='lat' dir='ltr'>Okych</span> <span class='ocrx_word' id='word_1_143' title='bbox 674 2668 752 2710; x_wconf 91' lang='lat' dir='ltr'>coca</span> <span class='ocrx_word' id='word_1_144' title='bbox 780 2647 820 2709; x_wconf 92' lang='lat' dir='ltr'>ad</span> <span class='ocrx_word' id='word_1_145' title='bbox 850 2648 1040 2711; x_wconf 88' lang='lat' dir='ltr'>instanciam</span> <span class='ocrx_word' id='word_1_146' title='bbox 1065 2648 1214 2730; x_wconf 80' lang='lat' dir='ltr'>Gregorii</span> <span class='ocrx_word' id='word_1_147' title='bbox 1246 2648 1393 2731; x_wconf 89' lang='lat' dir='ltr'>pellificis</span> 
     </span>
     <span class='ocr_line' id='line_1_22' title="bbox 83 2727 707 2836; baseline 0.002 -19"><span class='ocrx_word' id='word_1_148' title='bbox 83 2727 260 2817; x_wconf 66' lang='lat' dir='ltr'>enioris</span> <span class='ocrx_word' id='word_1_149' title='bbox 285 2755 401 2836; x_wconf 85' lang='lat' dir='ltr'>judicis</span> <span class='ocrx_word' id='word_1_150' title='bbox 426 2774 492 2816; x_wconf 92' lang='lat' dir='ltr'>non</span> <span class='ocrx_word' id='word_1_151' title='bbox 516 2756 707 2836; x_wconf 89' lang='lat' dir='ltr'>comparuit.</span> 
     </span>
     <span class='ocr_line' id='line_1_23' title="bbox 232 2861 1390 2944; baseline -0.001 -20"><span class='ocrx_word' id='word_1_152' title='bbox 232 2861 357 2924; x_wconf 87' lang='lat' dir='ltr'>Eodem</span> <span class='ocrx_word' id='word_1_153' title='bbox 382 2861 437 2922; x_wconf 89' lang='lat' dir='ltr'>die</span> <span class='ocrx_word' id='word_1_154' title='bbox 455 2881 550 2923; x_wconf 88' lang='lat' dir='ltr'>causa</span> <span class='ocrx_word' id='word_1_155' title='bbox 567 2861 649 2923; x_wconf 89' lang='lat' dir='ltr'>inter</span> <span class='ocrx_word' id='word_1_156' title='bbox 666 2862 872 2923; x_wconf 80' lang='lat' dir='ltr'>Ambrosium</span> <span class='ocrx_word' id='word_1_157' title='bbox 892 2862 1096 2944; x_wconf 86' lang='lat' dir='ltr'>Koskowych</span> <span class='ocrx_word' id='word_1_158' title='bbox 1121 2875 1152 2923; x_wconf 92' lang='lat' dir='ltr'>et</span> <span class='ocrx_word' id='word_1_159' title='bbox 1177 2862 1390 2924; x_wconf 85' lang='lat' dir='ltr'>Laurencium</span> 
     </span>
     <span class='ocr_line' id='line_1_24' title="bbox 53 2966 1389 3075; baseline -0.001 -45"><span class='ocrx_word' id='word_1_160' title='bbox 53 3031 86 3075; x_wconf 53' lang='lat' dir='ltr'>e</span> <span class='ocrx_word' id='word_1_161' title='bbox 242 2969 371 3030; x_wconf 89' lang='lat' dir='ltr'>racione</span> <span class='ocrx_word' id='word_1_162' title='bbox 408 2981 568 3029; x_wconf 86' lang='lat' dir='ltr'>certarum</span> <span class='ocrx_word' id='word_1_163' title='bbox 599 2988 717 3046; x_wconf 87' lang='lat' dir='ltr'>rerum,</span> <span class='ocrx_word' id='word_1_164' title='bbox 741 2987 820 3049; x_wconf 90' lang='lat' dir='ltr'>quas</span> <span class='ocrx_word' id='word_1_165' title='bbox 839 2988 889 3028; x_wconf 90' lang='lat' dir='ltr'>res</span> <span class='ocrx_word' id='word_1_166' title='bbox 913 2966 1073 3048; x_wconf 83' lang='lat' dir='ltr'>Georgius</span> <span class='ocrx_word' id='word_1_167' title='bbox 1098 2967 1302 3051; x_wconf 89' lang='lat' dir='ltr'>Koskowych</span> <span class='ocrx_word' id='word_1_168' title='bbox 1327 2987 1389 3028; x_wconf 91' lang='lat' dir='ltr'>una</span> 
     </span>
     <span class='ocr_line' id='line_1_25' title="bbox 90 3044 1388 3154; baseline -0.001 -20"><span class='ocrx_word' id='word_1_169' title='bbox 90 3044 199 3134; x_wconf 60' lang='lat'>1¹¹11</span> <span class='ocrx_word' id='word_1_170' title='bbox 224 3074 403 3137; x_wconf 89' lang='lat' dir='ltr'>Laurencio</span> <span class='ocrx_word' id='word_1_171' title='bbox 430 3073 523 3136; x_wconf 86' lang='lat' dir='ltr'>Brela</span> <span class='ocrx_word' id='word_1_172' title='bbox 547 3093 619 3135; x_wconf 90' lang='lat' dir='ltr'>cum</span> <span class='ocrx_word' id='word_1_173' title='bbox 645 3074 677 3134; x_wconf 94' lang='grc'>111</span> <span class='ocrx_word' id='word_1_174' title='bbox 695 3073 915 3135; x_wconf 87' lang='lat' dir='ltr'>adolescencis</span> <span class='ocrx_word' id='word_1_175' title='bbox 940 3073 1114 3154; x_wconf 82' lang='lat' dir='ltr'>juventutis</span> <span class='ocrx_word' id='word_1_176' title='bbox 1137 3072 1240 3135; x_wconf 88' lang='lat' dir='ltr'>fuerat</span> <span class='ocrx_word' id='word_1_177' title='bbox 1263 3072 1388 3134; x_wconf 92' lang='lat' dir='ltr'>condu-</span> 
     </span>
     <span class='ocr_line' id='line_1_26' title="bbox 101 3161 1390 3262; baseline 0 -21"><span class='ocrx_word' id='word_1_178' title='bbox 101 3161 215 3242; x_wconf 53' lang='grc' dir='ltr'>ἓΓεῐ</span> <span class='ocrx_word' id='word_1_179' title='bbox 238 3201 276 3242; x_wconf 85' lang='lat' dir='ltr'>ex</span> <span class='ocrx_word' id='word_1_180' title='bbox 300 3180 383 3243; x_wconf 90' lang='lat' dir='ltr'>ultra</span> <span class='ocrx_word' id='word_1_181' title='bbox 409 3181 538 3242; x_wconf 88' lang='lat' dir='ltr'>Zawam</span> <span class='ocrx_word' id='word_1_182' title='bbox 563 3180 638 3262; x_wconf 88' lang='lat' dir='ltr'>quis</span> <span class='ocrx_word' id='word_1_183' title='bbox 668 3180 772 3261; x_wconf 91' lang='lat' dir='ltr'>ipsum</span> <span class='ocrx_word' id='word_1_184' title='bbox 805 3179 1038 3241; x_wconf 89' lang='lat' dir='ltr'>divisionaliter</span> <span class='ocrx_word' id='word_1_185' title='bbox 1070 3193 1101 3241; x_wconf 94' lang='lat' dir='ltr'>et</span> <span class='ocrx_word' id='word_1_186' title='bbox 1125 3181 1238 3240; x_wconf 87' lang='lat' dir='ltr'>avitice</span> <span class='ocrx_word' id='word_1_187' title='bbox 1263 3199 1390 3241; x_wconf 90' lang='lat' dir='ltr'>concer-</span> 
     </span>
     <span class='ocr_line' id='line_1_27' title="bbox 64 3269 1392 3395; baseline -0.001 -47"><span class='ocrx_word' id='word_1_188' title='bbox 64 3331 81 3395; x_wconf 60' lang='lat' dir='ltr'>i</span> <span class='ocrx_word' id='word_1_189' title='bbox 109 3269 256 3365; x_wconf 48' lang='lat' dir='ltr'>‘bant</span> <span class='ocrx_word' id='word_1_190' title='bbox 282 3306 345 3367; x_wconf 87' lang='lat' dir='ltr'>que</span> <span class='ocrx_word' id='word_1_191' title='bbox 370 3305 420 3347; x_wconf 89' lang='lat' dir='ltr'>res</span> <span class='ocrx_word' id='word_1_192' title='bbox 437 3287 470 3346; x_wconf 89' lang='lat' dir='ltr'>in</span> <span class='ocrx_word' id='word_1_193' title='bbox 486 3286 621 3366; x_wconf 87' lang='lat' dir='ltr'>registro</span> <span class='ocrx_word' id='word_1_194' title='bbox 652 3286 837 3365; x_wconf 89' lang='lat' dir='ltr'>consignate</span> <span class='ocrx_word' id='word_1_195' title='bbox 855 3299 939 3363; x_wconf 86' lang='lat' dir='ltr'>sunt,</span> <span class='ocrx_word' id='word_1_196' title='bbox 957 3285 1048 3365; x_wconf 83' lang='lat' dir='ltr'>jurati</span> <span class='ocrx_word' id='word_1_197' title='bbox 1066 3286 1110 3346; x_wconf 88' lang='lat' dir='ltr'>sic</span> <span class='ocrx_word' id='word_1_198' title='bbox 1127 3285 1392 3365; x_wconf 86' lang='lat' dir='ltr'>adjudicaverunt</span> 
     </span>
     <span class='ocr_line' id='line_1_28' title="bbox 68 3365 1390 3519; baseline 0.002 -67"><span class='ocrx_word' id='word_1_199' title='bbox 68 3365 208 3519; x_wconf 47' lang='lat' dir='ltr'>§ter</span> <span class='ocrx_word' id='word_1_200' title='bbox 231 3393 381 3456; x_wconf 87' lang='lat' dir='ltr'>adversas</span> <span class='ocrx_word' id='word_1_201' title='bbox 405 3407 521 3475; x_wconf 83' lang='lat' dir='ltr'>partes,</span> <span class='ocrx_word' id='word_1_202' title='bbox 547 3393 635 3473; x_wconf 92' lang='lat' dir='ltr'>quod</span> <span class='ocrx_word' id='word_1_203' title='bbox 660 3392 763 3453; x_wconf 89' lang='lat' dir='ltr'>dictus</span> <span class='ocrx_word' id='word_1_204' title='bbox 787 3392 977 3453; x_wconf 86' lang='lat' dir='ltr'>Ambrosius</span> <span class='ocrx_word' id='word_1_205' title='bbox 1010 3393 1149 3453; x_wconf 89' lang='lat' dir='ltr'>eundern</span> <span class='ocrx_word' id='word_1_206' title='bbox 1177 3393 1390 3454; x_wconf 85' lang='lat' dir='ltr'>Laurentium</span> 
     </span>
     <span class='ocr_line' id='line_1_29' title="bbox 123 3490 1390 3578; baseline 0.004 -23"><span class='ocrx_word' id='word_1_207' title='bbox 123 3490 253 3561; x_wconf 65' lang='lat' dir='ltr'>‘elam</span> <span class='ocrx_word' id='word_1_208' title='bbox 278 3512 465 3561; x_wconf 86' lang='lat' dir='ltr'>contentare</span> <span class='ocrx_word' id='word_1_209' title='bbox 490 3497 605 3559; x_wconf 88' lang='lat' dir='ltr'>debeat</span> <span class='ocrx_word' id='word_1_210' title='bbox 637 3498 675 3558; x_wconf 89' lang='lat' dir='ltr'>de</span> <span class='ocrx_word' id='word_1_211' title='bbox 702 3499 796 3558; x_wconf 88' lang='lat' dir='ltr'>rebus</span> <span class='ocrx_word' id='word_1_212' title='bbox 830 3497 896 3558; x_wconf 86' lang='lat' dir='ltr'>istis</span> <span class='ocrx_word' id='word_1_213' title='bbox 925 3516 987 3578; x_wconf 91' lang='lat' dir='ltr'>que</span> <span class='ocrx_word' id='word_1_214' title='bbox 1020 3498 1052 3558; x_wconf 90' lang='lat' dir='ltr'>in</span> <span class='ocrx_word' id='word_1_215' title='bbox 1077 3499 1210 3578; x_wconf 87' lang='lat' dir='ltr'>registro</span> <span class='ocrx_word' id='word_1_216' title='bbox 1234 3518 1292 3559; x_wconf 90' lang='lat' dir='ltr'>suo</span> <span class='ocrx_word' id='word_1_217' title='bbox 1317 3513 1390 3560; x_wconf 92' lang='lat' dir='ltr'>sunt</span> 
     </span>
     <span class='ocr_line' id='line_1_30' title="bbox 73 3575 1390 3689; baseline -0.005 -16"><span class='ocrx_word' id='word_1_218' title='bbox 73 3575 313 3689; x_wconf 49' lang='lat' dir='ltr'>,consignate</span> <span class='ocrx_word' id='word_1_219' title='bbox 338 3605 413 3687; x_wconf 90' lang='lat' dir='ltr'>quia</span> <span class='ocrx_word' id='word_1_220' title='bbox 438 3605 544 3688; x_wconf 91' lang='lat' dir='ltr'>ipsum</span> <span class='ocrx_word' id='word_1_221' title='bbox 580 3605 693 3666; x_wconf 85' lang='lat' dir='ltr'>avitice</span> <span class='ocrx_word' id='word_1_222' title='bbox 727 3617 926 3665; x_wconf 88' lang='lat' dir='ltr'>concernunt</span> <span class='ocrx_word' id='word_1_223' title='bbox 950 3620 1045 3685; x_wconf 91' lang='lat' dir='ltr'>prout</span> <span class='ocrx_word' id='word_1_224' title='bbox 1075 3617 1169 3665; x_wconf 85' lang='lat' dir='ltr'>testes</span> <span class='ocrx_word' id='word_1_225' title='bbox 1194 3602 1266 3665; x_wconf 86' lang='lat' dir='ltr'>fassi</span> <span class='ocrx_word' id='word_1_226' title='bbox 1299 3618 1390 3682; x_wconf 88' lang='lat' dir='ltr'>sunt;</span> 
     </span>
     <span class='ocr_line' id='line_1_31' title="bbox 79 3682 1391 3790; baseline -0.002 -15"><span class='ocrx_word' id='word_1_227' title='bbox 79 3682 212 3784; x_wconf 65' lang='lat' dir='ltr'>¹.de</span> <span class='ocrx_word' id='word_1_228' title='bbox 237 3712 435 3775; x_wconf 87' lang='lat' dir='ltr'>Laurencius</span> <span class='ocrx_word' id='word_1_229' title='bbox 458 3731 524 3773; x_wconf 91' lang='lat' dir='ltr'>non</span> <span class='ocrx_word' id='word_1_230' title='bbox 557 3725 726 3773; x_wconf 90' lang='lat' dir='ltr'>contentus</span> <span class='ocrx_word' id='word_1_231' title='bbox 755 3710 794 3771; x_wconf 90' lang='lat' dir='ltr'>de</span> <span class='ocrx_word' id='word_1_232' title='bbox 827 3709 946 3790; x_wconf 81' lang='lat' dir='ltr'>judicio</span> <span class='ocrx_word' id='word_1_233' title='bbox 982 3711 1158 3788; x_wconf 81' lang='lat' dir='ltr'>juratorum</span> <span class='ocrx_word' id='word_1_234' title='bbox 1184 3710 1224 3771; x_wconf 90' lang='lat' dir='ltr'>ad</span> <span class='ocrx_word' id='word_1_235' title='bbox 1248 3710 1391 3773; x_wconf 89' lang='lat' dir='ltr'>seniores</span> 
     </span>
     <span class='ocr_line' id='line_1_32' title="bbox 86 3793 1390 3902; baseline -0.001 -22"><span class='ocrx_word' id='word_1_236' title='bbox 86 3793 246 3893; x_wconf 73' lang='lat' dir='ltr'>¹}1dices</span> <span class='ocrx_word' id='word_1_237' title='bbox 269 3818 454 3902; x_wconf 84' lang='lat' dir='ltr'>appellavit.</span> <span class='ocrx_word' id='word_1_238' title='bbox 482 3853 522 3864; x_wconf 90' lang='lat'><em>-</em></span> <span class='ocrx_word' id='word_1_239' title='bbox 548 3817 641 3879; x_wconf 90' lang='lat' dir='ltr'>Feria</span> <span class='ocrx_word' id='word_1_240' title='bbox 666 3831 778 3899; x_wconf 81' lang='lat' dir='ltr'>quarta</span> <span class='ocrx_word' id='word_1_241' title='bbox 814 3815 952 3878; x_wconf 84' lang='lat' dir='ltr'>infesto</span> <span class='ocrx_word' id='word_1_242' title='bbox 985 3817 1076 3876; x_wconf 89' lang='lat' dir='ltr'>beate</span> <span class='ocrx_word' id='word_1_243' title='bbox 1103 3816 1224 3899; x_wconf 89' lang='lat' dir='ltr'>Sophie</span> <span class='ocrx_word' id='word_1_244' title='bbox 1247 3818 1390 3880; x_wconf 90' lang='lat' dir='ltr'>seniores</span> 
     </span>
     <span class='ocr_line' id='line_1_33' title="bbox 95 3902 1388 4006; baseline -0.002 -19"><span class='ocrx_word' id='word_1_245' title='bbox 95 3902 246 3987; x_wconf 60' lang='lat' dir='ltr'>‘udices</span> <span class='ocrx_word' id='word_1_246' title='bbox 269 3943 398 3987; x_wconf 87' lang='lat' dir='ltr'>causam</span> <span class='ocrx_word' id='word_1_247' title='bbox 423 3920 577 4006; x_wconf 83' lang='lat' dir='ltr'>prefatam</span> <span class='ocrx_word' id='word_1_248' title='bbox 613 3923 695 3985; x_wconf 89' lang='lat' dir='ltr'>inter</span> <span class='ocrx_word' id='word_1_249' title='bbox 728 3923 941 3983; x_wconf 90' lang='lat' dir='ltr'>Laurencium</span> <span class='ocrx_word' id='word_1_250' title='bbox 971 3921 1074 3983; x_wconf 87' lang='lat' dir='ltr'>Brelia</span> <span class='ocrx_word' id='word_1_251' title='bbox 1100 3936 1131 3984; x_wconf 92' lang='lat' dir='ltr'>et</span> <span class='ocrx_word' id='word_1_252' title='bbox 1155 3923 1388 4004; x_wconf 88' lang='lat' dir='ltr'>Margaretham</span> 
     </span>
     <span class='ocr_line' id='line_1_34' title="bbox 101 4011 1389 4111; baseline 0 -20"><span class='ocrx_word' id='word_1_253' title='bbox 101 4011 328 4094; x_wconf 65' lang='lat' dir='ltr'>¹¹¹⁸terteram</span> <span class='ocrx_word' id='word_1_254' title='bbox 361 4029 506 4092; x_wconf 86' lang='lat' dir='ltr'>eiusdem</span> <span class='ocrx_word' id='word_1_255' title='bbox 538 4049 575 4091; x_wconf 90' lang='lat' dir='ltr'>ac</span> <span class='ocrx_word' id='word_1_256' title='bbox 608 4030 817 4091; x_wconf 89' lang='lat' dir='ltr'>Ambrosium</span> <span class='ocrx_word' id='word_1_257' title='bbox 850 4044 991 4090; x_wconf 90' lang='lat' dir='ltr'>sutorem</span> <span class='ocrx_word' id='word_1_258' title='bbox 1024 4029 1152 4090; x_wconf 88' lang='lat' dir='ltr'>racione</span> <span class='ocrx_word' id='word_1_259' title='bbox 1184 4043 1215 4090; x_wconf 90' lang='lat' dir='ltr'>et</span> <span class='ocrx_word' id='word_1_260' title='bbox 1246 4043 1389 4111; x_wconf 82' lang='lat' dir='ltr'>pretextu</span> 
     </span>
     <span class='ocr_line' id='line_1_35' title="bbox 110 4123 1387 4214; baseline -0.001 -18"><span class='ocrx_word' id='word_1_261' title='bbox 110 4123 343 4199; x_wconf 63' lang='lat' dir='ltr'>quorumdam</span> <span class='ocrx_word' id='word_1_262' title='bbox 369 4137 542 4214; x_wconf 87' lang='lat' dir='ltr'>bonorum,</span> <span class='ocrx_word' id='word_1_263' title='bbox 574 4135 700 4212; x_wconf 89' lang='lat' dir='ltr'>domus,</span> <span class='ocrx_word' id='word_1_264' title='bbox 731 4135 825 4196; x_wconf 88' lang='lat' dir='ltr'>vinee</span> <span class='ocrx_word' id='word_1_265' title='bbox 857 4154 894 4196; x_wconf 90' lang='lat' dir='ltr'>ac</span> <span class='ocrx_word' id='word_1_266' title='bbox 918 4135 1053 4196; x_wconf 85' lang='lat' dir='ltr'>aliarum</span> <span class='ocrx_word' id='word_1_267' title='bbox 1087 4154 1191 4196; x_wconf 91' lang='lat' dir='ltr'>rerum</span> <span class='ocrx_word' id='word_1_268' title='bbox 1216 4134 1387 4196; x_wconf 89' lang='lat' dir='ltr'>mobilium</span> 
     </span>
     <span class='ocr_line' id='line_1_36' title="bbox 112 4219 1386 4323; baseline -0.001 -21"><span class='ocrx_word' id='word_1_269' title='bbox 112 4219 329 4305; x_wconf 52' lang='grc' dir='ltr'>νί1111111111</span> <span class='ocrx_word' id='word_1_270' title='bbox 354 4241 560 4304; x_wconf 90' lang='lat' dir='ltr'>inmobilium</span> <span class='ocrx_word' id='word_1_271' title='bbox 585 4256 615 4303; x_wconf 91' lang='lat' dir='ltr'>et</span> <span class='ocrx_word' id='word_1_272' title='bbox 644 4241 856 4323; x_wconf 88' lang='lat' dir='ltr'>quarumdam</span> <span class='ocrx_word' id='word_1_273' title='bbox 890 4261 995 4302; x_wconf 91' lang='lat' dir='ltr'>rerum</span> <span class='ocrx_word' id='word_1_274' title='bbox 1021 4261 1077 4323; x_wconf 92' lang='lat' dir='ltr'>per</span> <span class='ocrx_word' id='word_1_275' title='bbox 1101 4239 1258 4323; x_wconf 79' lang='lat' dir='ltr'>prefatum</span> <span class='ocrx_word' id='word_1_276' title='bbox 1285 4240 1386 4302; x_wconf 91' lang='lat' dir='ltr'>Geor·</span> 
     </span>
     <span class='ocr_line' id='line_1_37' title="bbox 120 4326 1387 4429; baseline -0.002 -20"><span class='ocrx_word' id='word_1_277' title='bbox 120 4326 218 4408; x_wconf 68' lang='lat' dir='ltr'>ssiilm</span> <span class='ocrx_word' id='word_1_278' title='bbox 239 4369 257 4411; x_wconf 86' lang='lat' dir='ltr'>a</span> <span class='ocrx_word' id='word_1_279' title='bbox 280 4350 368 4412; x_wconf 89' lang='lat' dir='ltr'>dicto</span> <span class='ocrx_word' id='word_1_280' title='bbox 393 4349 573 4412; x_wconf 87' lang='lat' dir='ltr'>Laurencio</span> <span class='ocrx_word' id='word_1_281' title='bbox 596 4349 773 4410; x_wconf 88' lang='lat' dir='ltr'>levatarum</span> <span class='ocrx_word' id='word_1_282' title='bbox 799 4369 855 4429; x_wconf 90' lang='lat' dir='ltr'>per</span> <span class='ocrx_word' id='word_1_283' title='bbox 872 4348 1010 4410; x_wconf 89' lang='lat' dir='ltr'>eundem</span> <span class='ocrx_word' id='word_1_284' title='bbox 1036 4348 1190 4429; x_wconf 84' lang='lat' dir='ltr'>exposita,</span> <span class='ocrx_word' id='word_1_285' title='bbox 1215 4366 1277 4428; x_wconf 88' lang='lat' dir='ltr'>que</span> <span class='ocrx_word' id='word_1_286' title='bbox 1303 4348 1387 4407; x_wconf 92' lang='lat' dir='ltr'>bona</span> 
     </span>
     <span class='ocr_line' id='line_1_38' title="bbox 124 4443 1384 4538; baseline 0.002 -26"><span class='ocrx_word' id='word_1_287' title='bbox 124 4443 265 4517; x_wconf 63' lang='lat' dir='ltr'>totedam</span> <span class='ocrx_word' id='word_1_288' title='bbox 297 4453 430 4537; x_wconf 87' lang='lat' dir='ltr'>Georgii</span> <span class='ocrx_word' id='word_1_289' title='bbox 464 4455 569 4538; x_wconf 88' lang='lat' dir='ltr'>patrui</span> <span class='ocrx_word' id='word_1_290' title='bbox 602 4455 678 4515; x_wconf 88' lang='lat' dir='ltr'>dicti</span> <span class='ocrx_word' id='word_1_291' title='bbox 712 4455 880 4516; x_wconf 88' lang='lat' dir='ltr'>Laurencii</span> <span class='ocrx_word' id='word_1_292' title='bbox 913 4474 948 4516; x_wconf 89' lang='lat' dir='ltr'>ac</span> <span class='ocrx_word' id='word_1_293' title='bbox 980 4452 1082 4516; x_wconf 87' lang='lat' dir='ltr'>fratris</span> <span class='ocrx_word' id='word_1_294' title='bbox 1115 4453 1229 4515; x_wconf 89' lang='lat' dir='ltr'>uterini</span> <span class='ocrx_word' id='word_1_295' title='bbox 1264 4449 1384 4534; x_wconf 84' lang='lat' dir='ltr'>prefate</span> 
     </span>
     <span class='ocr_line' id='line_1_39' title="bbox 130 4533 1387 4646; baseline -0.002 -22"><span class='ocrx_word' id='word_1_296' title='bbox 130 4533 709 4645; x_wconf 60' lang='grc' dir='ltr'>Μ1111111111111111111111111111,</span> <span class='ocrx_word' id='word_1_297' title='bbox 734 4562 806 4624; x_wconf 90' lang='lat' dir='ltr'>iicet</span> <span class='ocrx_word' id='word_1_298' title='bbox 831 4559 971 4645; x_wconf 80' lang='lat' dir='ltr'>prefatus</span> <span class='ocrx_word' id='word_1_299' title='bbox 996 4559 1155 4645; x_wconf 88' lang='lat' dir='ltr'>Georgius</span> <span class='ocrx_word' id='word_1_300' title='bbox 1179 4557 1387 4646; x_wconf 70' lang='lat' dir='ltr'>Koskowych</span> 
     </span>
    </p>
   </div>
   <div class='ocr_carea' id='block_1_9' title="bbox 53 2899 219 3028">
    <p class='ocr_par' dir='ltr' id='par_1_9' title="bbox 53 2899 219 3028">
     <span class='ocr_line' id='line_1_40' title="bbox 53 2899 219 3028; baseline 0 0"><span class='ocrx_word' id='word_1_301' title='bbox 53 2899 219 3028; x_wconf 62' lang='lat' dir='ltr'>Brela</span> 
     </span>
    </p>
   </div>
   <div class='ocr_carea' id='block_1_10' title="bbox 0 0 1576 5356">
    <p class='ocr_par' dir='ltr' id='par_1_10' title="bbox 0 0 1576 5356">
     <span class='ocr_line' id='line_1_41' title="bbox 0 0 1576 5356; baseline 0 4"><span class='ocrx_word' id='word_1_302' title='bbox 0 0 1576 5356; x_wconf 95' lang='lat' dir='ltr'> </span> 
     </span>
    </p>
   </div>
  </div>
 </body>
</html>
