3142 5356
502 515 590 574 Anno
614 508 710 590 1486.
736 547 776 558 -
801 508 853 574 18.
877 518 1005 588 augusti.
1354 533 1392 594 41

231 726 314 788 Item
330 745 422 788 causa
442 726 525 787 inter
548 724 712 787 Andream
730 724 905 806 agricolam
924 737 954 787 et
971 725 1156 787 Emericum
1174 725 1398 810 Sidowchych,

135 834 220 917 jurati
247 834 524 916 adjudicaverunt,
542 833 630 916 quod
648 832 786 914 quilibet
810 851 925 895 eorum
949 832 982 895 in
1000 833 1142 916 dampno
1159 853 1218 896 suo
1235 848 1399 897 remaneat

136 942 281 1024 quitquid
307 954 525 1024 exposuerunt
548 940 648 1022 prius,
672 939 780 1003 literas
805 956 913 1002 autem
931 940 1070 1002 Emerici
1096 939 1307 1026 Sidowchycz
1331 945 1397 1003 An·

134 1047 217 1110 dreas
242 1048 384 1130 agricola
410 1047 469 1129 ipsi
495 1047 570 1110 dare
594 1047 776 1120 tenebitur3
811 1046 1023 1109 seminaturus
1055 1065 1135 1129 quas
1158 1048 1399 1112 seminaverunt
1450 1080 1457 1091 ·

134 1154 256 1217 Andree
282 1155 496 1216 remanebunt
518 1153 615 1215 simul
639 1172 713 1215 cum
737 1165 821 1215 terra
846 1152 959 1215 arabili
984 1166 1092 1216 et...

235 1260 315 1323 Item
341 1280 435 1323 causa
460 1261 543 1324 inter
561 1259 706 1322 Thomas
732 1273 762 1321 et
784 1257 963 1340 Georgium
994 1278 1141 1322 socerum
1158 1280 1252 1324 suum
1277 1281 1316 1326 ex
1333 1281 1399 1345 quo

137 1386 195 1428 non
228 1381 364 1450 possunt
388 1367 428 1428 ad
459 1367 597 1430 invicem
630 1385 772 1444 manere,
804 1364 898 1447 jurati
930 1365 1207 1447 adjudicaverunt,
1239 1369 1328 1450 quod
1360 1388 1398 1431 ex

135 1493 193 1556 quo
210 1474 301 1557 prius
318 1473 463 1536 Thomsa
486 1472 638 1536 Milcham
660 1471 760 1534 filiam
777 1491 868 1534 suam
885 1472 986 1535 semel
1003 1472 1266 1553 domestraverat,
1283 1489 1398 1538 extunc

136 1581 267 1663 quilibet
291 1600 403 1644 eorum
421 1581 454 1642 in
470 1600 530 1642 suo
548 1580 695 1642 dominio
720 1593 857 1658 maneat,
875 1578 1034 1642 florenum
1053 1595 1161 1643 autem
1180 1600 1277 1662 quem
1297 1580 1398 1644 Geor·

134 1688 200 1768 gius
231 1708 291 1771 pro
325 1688 418 1749 thaxa
455 1687 542 1769 regie
567 1686 743 1749 Maiestatis
777 1686 883 1765 dedit,
919 1686 1013 1749 illum
1052 1687 1113 1749 sibi
1150 1687 1296 1750 Thomsa
1327 1688 1397 1752 red-

137 1794 207 1858 dere
232 1795 339 1858 debet.

235 1901 314 1963 Item
347 1921 441 1963 causa
474 1920 513 1961 ex
543 1912 633 1983 parte
665 1898 814 1962 Maihene
844 1899 966 1981 judices
998 1899 1274 1980 adjudicaverunt,
1307 1901 1395 1983 quod

133 2009 217 2090 prius
242 2008 274 2069 in
299 2008 393 2070 malis
416 2008 570 2090 operibus
586 2021 632 2069 est
656 2007 797 2084 inventa,
820 2006 963 2068 seniores
980 2006 1103 2088 judices
1119 2006 1398 2088 adjudicaverunt,

132 2114 217 2196 quod
243 2130 330 2176 extra
354 2115 486 2176 deberet
510 2112 627 2196 expelli
653 2113 740 2174 etin
772 2112 969 2174 territorium
995 2113 1143 2176 interdici
1168 2114 1398 2197 perpetualiter

133 2221 240 2283 intrari
265 2240 331 2282 nou
357 2221 482 2282 debeat.

130 2457 223 2531 Feria
264 2468 389 2549 quarta
428 2457 580 2548 proxima
618 2467 696 2530 ante
725 2459 845 2531 festum
876 2459 946 2530 Viti
975 2468 1009 2531 et
1038 2461 1176 2532 Modesti
1207 2463 1398 2531 martirum.

667 2614 730 2692 (14.
746 2615 856 2690 junii).

237 2754 316 2816 ltem
342 2754 374 2815 in
392 2773 486 2815 causa
505 2754 585 2816 iuter
603 2751 804 2835 Stephanum
822 2754 984 2816 literatum
1008 2768 1040 2817 et
1057 2755 1289 2817 Maximianum
1314 2755 1397 2816 auri-

130 2860 256 2923 fabrum
281 2861 412 2922 racione
436 2859 651 2943 percussionis
674 2880 770 2942 super
791 2859 905 2922 faciem
931 2875 962 2924 et
985 2881 1042 2944 per
1067 2862 1171 2943 ipsum
1198 2861 1395 2943 Stephanum

128 2968 292 3029 literatum
317 2967 356 3028 ad
374 2967 517 3028 seniores
540 2966 663 3048 judices
680 2965 739 3029 fuit
763 2967 973 3050 appellatum,
992 2969 1133 3029 seniores
1151 2983 1256 3030 autem
1275 2968 1398 3048 judices

127 3075 233 3136 taliter
250 3073 527 3156 adjudicaverunt,
551 3073 640 3156 quod
665 3093 703 3136 ex
719 3093 786 3155 quo
809 3073 951 3157 prefatus
968 3075 1183 3137 Maximianus
1200 3088 1399 3157 percusserat

129 3200 202 3243 cum
227 3200 339 3263 pugno
363 3179 522 3263 prelatum
549 3180 689 3243 eundern
709 3179 908 3263 Stephanum
932 3181 1094 3244 literatum
1113 3201 1215 3262 usque
1233 3181 1398 3263 sanguinis

129 3287 321 3351 effusionem
347 3287 387 3348 ad
411 3300 527 3348 terram
560 3287 813 3369 prostrationem
842 3301 874 3350 et
892 3302 1062 3371 propterea
1095 3288 1182 3369 quod
1208 3308 1273 3349 non
1297 3287 1397 3349 semel

130 3395 191 3456 boc
215 3415 272 3478 per
296 3396 401 3477 ipsum
428 3393 546 3456 lactum
566 3393 627 3456 luit
647 3396 680 3456 in
704 3409 805 3456 teatro
822 3395 908 3477 regie
923 3396 1097 3458 Maiestatis
1121 3409 1152 3458 et
1176 3395 1279 3457 libero
1304 3395 1399 3457 huius

130 3502 267 3563 civitatis
306 3502 458 3564 remansit
498 3501 583 3562 idem
617 3501 831 3563 Maximianus
869 3500 1031 3565 aurifaber
1069 3501 1193 3585 prelato
1233 3500 1398 3583 Stephano

129 3610 259 3671 literato
285 3610 317 3670 in
342 3609 578 3691 quinquaginta
601 3610 708 3691 pensis
743 3609 969 3686 denariorum;
1006 3611 1073 3692 ipse
1105 3610 1191 3673 idem
1217 3609 1398 3692 Stephanus

130 3716 276 3778 literatus
300 3715 475 3799 appellavit
499 3716 538 3777 ad
564 3716 753 3797 magistrum
777 3715 1011 3780 Comanorum.

201 3952 298 4026 Faria
327 3963 425 4026 sexta
455 3957 609 4044 proxima
638 3962 716 4026 ante
745 3955 868 4026 lestunr
897 3958 1008 4028 sancti
1038 3955 1125 4044 regis
1154 3957 1322 4044 Stephani.

567 4171 570 4179 ¹
639 4104 703 4183 (18.
727 4111 867 4185 augusti).

234 4249 341 4313 Causa
367 4249 450 4310 inter
473 4248 652 4310 lankonem
678 4249 857 4310 institorem
882 4264 913 4310 et
929 4249 1100 4311 Nicolaum
1130 4249 1243 4310 Halicz
1267 4249 1397 4312 racione

128 4355 301 4420 cuiusdam
326 4355 413 4436 equi,
437 4373 534 4436 quem
552 4354 637 4417 idem
663 4356 766 4416 Janko
784 4355 889 4417 eidem
907 4355 1043 4418 Nicolao
1062 4356 1174 4418 Halicz
1198 4369 1396 4418 concesserat

128 4477 164 4526 et
187 4463 282 4524 ambe
307 4475 413 4544 partes
437 4461 594 4524 miserunt
618 4481 651 4523 se
675 4461 716 4522 ad
737 4462 970 4541 testimonium,
995 4463 1050 4544 qui
1075 4477 1170 4524 testes
1191 4463 1294 4524 testati
1311 4476 1397 4541 sunt,

126 4569 221 4654 quod
245 4569 410 4652 predictus
425 4569 529 4631 Janko
553 4569 659 4632 eidem
676 4569 813 4631 Nicolao
842 4569 955 4631 Halicz
973 4570 1062 4632 dedit
1086 4582 1117 4630 et
1141 4581 1341 4631 concesserat
1357 4567 1397 4631 ad

127 4690 253 4742 sortem
285 4675 512 4755 restitutionis,
543 4675 638 4757 jurati
670 4676 715 4738 sic
746 4675 1023 4757 adjudicaverunt,
1055 4676 1143 4758 quod
1176 4676 1261 4739 idem
1295 4676 1398 4737 Janko

127 4784 230 4848 habet
261 4781 479 4865 juramentum
510 4782 673 4867 deponere
705 4782 784 4845 feria
812 4797 898 4846 sexta
930 4785 1074 4866 proxime
1106 4798 1250 4862 ventura,
1281 4784 1314 4845 in
1344 4803 1398 4845 ara

125 4903 244 4957 sancte
268 4889 393 4971 Crucis,
423 4891 536 4974 quanti
559 4890 678 4953 valoris
701 4905 768 4954 erat
799 4891 854 4954 ille
882 4910 985 4973 equus
1015 4905 1151 4968 eotunc;
1175 4904 1247 4973 post
1270 4891 1398 4972 deposi-

129 4998 267 5062 cionem
290 4994 462 5079 juramenti
486 4997 555 5081 ipae
577 4997 731 5060 Nicolaus
754 4997 868 5060 Halicz
885 4998 981 5062 debet
1003 4998 1130 5064 solvere
1146 4999 1255 5088 ipsum
1271 5017 1408 5086 equum.
