3142 5356
599 364 686 422 Anno
707 375 797 443 1433·
1267 384 1329 447 243

63 573 267 656 Zudrowych
293 573 361 636 lilio
386 574 605 636 bartholomei
634 595 692 657 pro
724 576 864 656 quadam
890 576 1000 655 domu,
1032 574 1134 639 fundo
1158 591 1190 639 et
1213 576 1331 639 celario

62 699 100 741 ac
123 678 283 742 hedificiis
306 681 371 742 suis
396 681 427 741 in
453 680 565 742 eadem
599 681 725 743 civitate
751 682 832 743 inter
864 683 980 743 domos
1004 697 1035 744 et
1060 681 1177 745 fundos
1201 683 1330 744 Thome

62 800 94 847 et
118 785 253 869 Georgii
277 807 313 849 ac
344 787 475 849 alterius
499 787 628 849 Thome
661 803 692 849 et
724 788 886 850 Valentini
921 788 1029 851 habita
1062 803 1093 850 et
1116 809 1174 873 pro
1207 789 1329 851 addita·

62 907 175 955 mento
207 893 320 975 viginti
345 892 416 956 flor.
448 894 516 956 auri
550 913 606 975 per
640 895 774 956 modum
807 895 1058 978 permutacionia
1088 909 1120 957 et
1150 895 1330 958 concambii

61 998 204 1061 dedisset
227 1013 383 1082 perpetuo
411 999 653 1082 possidendam.

171 1105 249 1168 ltem
275 1106 414 1187 quedam
441 1106 504 1168 due
529 1106 698 1188 porciones
722 1106 864 1168 vineales
891 1126 960 1170 sese
984 1107 1134 1188 contigue
1173 1121 1204 1168 et
1228 1106 1329 1168 inme·

62 1211 150 1274 diate
175 1213 398 1294 contingentes
422 1212 453 1274 in
479 1213 641 1274 territorio
666 1226 775 1274 nostro
800 1213 831 1273 in
856 1213 1019 1274 vicinitate
1043 1213 1135 1274 vinee
1160 1233 1216 1274 seu
1241 1212 1329 1275 vine·

61 1317 122 1379 alis
146 1319 310 1400 porcionis
334 1319 511 1381 liberorum
534 1339 591 1381 seu
615 1338 835 1380 successorum
870 1319 1006 1381 condam
1031 1319 1159 1380 Andree
1183 1317 1240 1380 filii
1266 1319 1328 1380 Da-

62 1424 175 1501 miani,
200 1425 239 1485 ab
263 1424 430 1486 occidente
455 1444 511 1506 per
536 1439 653 1487 metam
686 1425 853 1487 cuiusdam
878 1425 1002 1487 arboris
1027 1425 1085 1507 piri
1113 1424 1210 1506 vulgo
1234 1427 1328 1508 tepka

59 1547 185 1610 vocate,
210 1552 303 1594 cruce
327 1532 449 1614 signate
475 1546 505 1593 et
527 1552 585 1615 pro
611 1547 696 1595 meta
725 1532 886 1615 deputate,
911 1547 995 1595 recte
1019 1547 1084 1595 tam
1108 1552 1203 1615 supra
1230 1552 1327 1614 quam

61 1637 146 1699 infra
179 1638 219 1699 ab
253 1638 366 1700 eadem
398 1638 623 1720 procedendo,
655 1640 694 1700 ab
725 1659 789 1701 una
819 1653 906 1722 parte
940 1640 980 1700 ab
1014 1639 1111 1701 altera
1143 1658 1220 1701 vero
1245 1639 1329 1700 inter

62 1744 227 1826 quandam
245 1744 433 1827 porcionem
459 1745 617 1806 vinealem
643 1746 701 1806 viri
726 1745 851 1827 providi
877 1745 1010 1827 Georgii
1042 1743 1192 1827 lutifiguli
1226 1746 1326 1807 nostri

60 1851 215 1930 concivis,
241 1872 258 1912 a
289 1851 518 1933 septemtrione
542 1852 689 1913 similiter
722 1872 777 1934 per
801 1866 918 1914 metam
953 1852 1119 1914 cuiusdam
1150 1851 1262 1913 semite
1294 1852 1327 1913 in

59 1957 180 2020 vertice
194 1958 312 2019 montis
330 1957 437 2019 habite
455 1972 485 2020 et
502 1958 716 2039 quarumdam
735 1958 870 2019 duarum
888 1958 1038 2019 arborum
1057 1957 1206 2020 videlicet
1223 1958 1326 2020 cerusi

59 2084 159 2147 parve
184 2064 330 2147 superius
355 2078 385 2126 et
409 2064 499 2124 nucis
523 2084 638 2146 magne
671 2063 803 2126 inferius
835 2065 982 2126 crucibus
1009 2065 1217 2145 signatarum,
1240 2078 1326 2127 recte

60 2185 128 2232 tam
163 2190 256 2253 supra
291 2189 388 2252 quant
421 2169 502 2231 inira
535 2171 574 2232 ab
607 2191 669 2231 una
702 2171 841 2254 ipsarum
875 2191 976 2252 usque
1008 2170 1048 2232 ad
1087 2171 1183 2232 aliam
1216 2191 1326 2233 earum

60 2276 270 2360 procedendo
295 2277 420 2339 habitas
444 2292 474 2338 et
500 2277 679 2356 existentes,
704 2278 840 2359 desuper
864 2297 881 2338 a
906 2277 1022 2339 vertice
1048 2277 1139 2339 vinee
1165 2297 1263 2359 penes
1279 2278 1325 2339 vi·

61 2404 156 2446 neam
183 2384 360 2446 liberorum
385 2383 522 2445 condam
542 2384 625 2446 Petri
651 2383 807 2446 carnificis
831 2384 988 2446 cundoet
1012 2403 1029 2445 a
1053 2383 1195 2466 predicta
1213 2383 1325 2445 semita

60 2510 99 2552 ac
123 2492 163 2552 ab
188 2491 264 2572 ipsis
288 2489 414 2552 duabus
445 2491 615 2552 arboribus
648 2490 832 2573 incipiendo
862 2505 893 2552 et
916 2488 998 2551 infra
1029 2509 1131 2572 usque
1156 2490 1324 2552 decursum

59 2616 145 2679 aque
169 2597 321 2678 pluvialis
344 2598 384 2658 ab
409 2597 532 2658 oriente
557 2611 628 2658 eta
653 2597 832 2658 meridione
851 2597 1011 2659 mediante
1036 2597 1085 2658 via
1110 2596 1248 2658 curruali
1272 2595 1325 2658 ha-

61 2704 167 2766 bitum
191 2724 224 2765 se
242 2703 460 2781 extendentes,
478 2723 615 2786 quarum
637 2724 700 2766 una
717 2705 828 2787 porcio
853 2724 909 2786 per
927 2703 1104 2785 Georgium
1128 2702 1323 2785 lutifignlum

60 2825 94 2873 et
117 2811 180 2872 alia
204 2811 316 2893 porcio
348 2830 405 2892 per
428 2811 603 2872 Mikusium
627 2810 729 2872 lilium
757 2811 905 2872 Damiani
935 2810 993 2892 ipsi
1019 2811 1170 2892 magistro
1195 2810 1325 2872 Matheo

61 2916 325 2978 concambialiter
357 2930 430 2978 sunt
462 2917 545 2995 date,
570 2917 675 2978 eidem
708 2917 861 2999 magistro
891 2916 1019 2978 Matheo
1044 2915 1112 2997 jure
1135 2916 1324 2999 perbennali

60 3022 237 3085 literatorie
251 3037 324 3084 sunt
340 3037 527 3105 perpetuare
541 3022 746 3105 perhenniter
763 3023 956 3105 possidende
973 3037 1003 3085 et
1016 3023 1324 3106 quomodocumque
1375 3090 1376 3094 ,

64 3129 205 3192 voluerit
236 3128 437 3212 disponende
469 3129 556 3211 juxta
598 3130 822 3192 condicionem
855 3130 992 3192 civitatis
1022 3144 1207 3212 prenotate,
1238 3131 1324 3192 salva

61 3235 236 3298 medietate
261 3235 364 3297 kuche
389 3236 449 3318 ipsi
475 3235 619 3318 Georgio
643 3235 805 3318 lutifigulo
822 3255 896 3298 cum
920 3255 1029 3298 secura
1053 3236 1104 3297 via
1129 3251 1325 3315 remanente,

60 3356 194 3425 excepto
221 3342 321 3404 eciam
347 3342 420 3403 loco
445 3341 547 3403 kuche
573 3362 628 3404 seu
651 3344 759 3424 spacio
785 3342 873 3423 quod
898 3361 956 3423 pro
981 3341 1104 3404 koucha
1129 3342 1267 3424 aptanda
1292 3343 1324 3404 in

59 3447 265 3529 longitudine
290 3448 440 3509 undecim
459 3448 586 3510 brachia
616 3447 716 3509 ferrea
741 3463 771 3510 et
796 3449 827 3509 in
851 3448 1020 3509 latitudine
1053 3467 1170 3509 novem
1196 3447 1324 3510 brachia

59 3551 162 3616 ferrea
187 3553 226 3614 ad
252 3554 370 3616 dictam
396 3555 554 3617 vinealem
583 3556 771 3637 porcionem
806 3555 1022 3637 predictorum
1046 3554 1223 3617 liberorum
1248 3557 1324 3619 dicti

60 3661 189 3722 Andree
214 3658 269 3721 lilii
298 3661 397 3742 ipsius
422 3661 569 3722 Damiani
595 3661 773 3722 dinoscitur
795 3662 964 3743 pertinere.

167 3764 244 3826 ltem
271 3765 446 3848 Gregorius
470 3780 500 3827 et
526 3766 671 3851 Mathyas
695 3766 751 3828 filii
782 3767 946 3829 Michaelis
963 3780 1108 3848 quartam
1134 3782 1256 3849 partem
1281 3769 1323 3830 ci·

59 3887 164 3935 sterne
198 3873 377 3952 cuiusdam,
409 3875 500 3936 cuius
524 3888 586 3935 tres
618 3890 722 3956 partes
754 3876 888 3936 cisterne
921 3873 1081 3956 Georgius
1112 3874 1208 3955 judex
1239 3873 1324 3937 filius

60 3979 226 4041 Valentini
251 3979 425 4042 literatorie
450 3981 627 4041 dinoscitur
658 3982 833 4062 possidere,
858 4001 916 4062 pro
947 3980 1141 4062 quibusdam
1167 3980 1323 4044 hedificiis

61 4086 163 4169 ipsius
187 4085 321 4167 Georgii
346 4085 460 4167 judicis
485 4088 696 4169 permutative
722 4087 880 4149 dederunt
904 4101 1058 4169 perpetuo
1083 4087 1323 4168 possidendam.

167 4191 244 4255 ltem
269 4194 397 4255 discreti
422 4195 479 4254 viri
506 4194 629 4255 domini
655 4194 848 4272 Anthonius,
874 4195 991 4255 Paulus
1016 4207 1046 4254 et
1071 4193 1233 4255 Johannes
1256 4193 1324 4276 ple·

60 4302 135 4364 bani
160 4300 295 4363 ecclesie
323 4300 513 4382 parochialis
536 4302 635 4362 sancti
661 4302 756 4362 Marci
779 4301 994 4381 ewangeliste,
1021 4302 1182 4382 quandam
1207 4315 1321 4361 terram

61 4406 215 4468 arabilem
250 4407 281 4468 in
307 4426 421 4489 campo
454 4423 563 4469 nostro
595 4408 675 4468 inter
708 4422 806 4469 terras
838 4407 962 4468 Nicolai
995 4408 1119 4489 pridem
1148 4406 1262 4487 judicis
1294 4420 1324 4468 et

61 4513 204 4577 concivis
230 4514 329 4575 nostri
353 4511 410 4575 filii
436 4514 581 4592 Fabiani,
606 4514 869 4596 aseptemtrione
895 4528 926 4574 et
941 4515 981 4575 ab
1005 4515 1126 4575 oriente
1144 4532 1240 4595 penes
1264 4512 1323 4574 flu·

61 4619 150 4681 vium
176 4619 396 4681 Kalinowicza
421 4620 552 4699 dictum,
578 4641 594 4681 a
627 4621 806 4682 meridione
838 4640 914 4681 vero
946 4619 1031 4700 juxta
1056 4618 1189 4680 fluvium
1223 4619 1322 4681 aliurn

60 4724 276 4787 Zerbechicba
309 4724 442 4804 dictum,
474 4728 514 4787 ab
546 4727 712 4788 occidente
737 4740 845 4788 autem
877 4746 968 4788 secus
999 4727 1084 4787 viam
1117 4745 1323 4787 communem

59 4831 206 4895 habitam
229 4846 260 4894 et
283 4832 470 4894 existentem
501 4834 746 4914 quatuordecim
766 4834 817 4895 vel
842 4834 918 4894 citra
937 4847 970 4894 ut
995 4833 1110 4894 dicitur
1127 4832 1226 4893 dietas
1242 4847 1323 4892 terre

1204 4920 1219 4956 *
