3156 5364
556 491 642 550 Anno
665 502 754 568 1523.
776 525 817 534 -
840 506 872 569 4.
896 492 1055 555 decembris.
1377 512 1437 575 225

175 717 317 764 nostrum
334 701 423 763 dabit
435 701 493 763 tibi
509 701 666 763 florenum
682 721 793 780 unum,
811 703 862 764 cui
881 717 912 765 et
928 703 1109 779 dedissent;
1133 719 1239 767 tamen
1258 707 1439 788 quomodo·

173 827 310 890 cumque
337 809 376 869 ad
402 808 554 869 noticiam
582 808 749 870 hominum
769 809 801 868 id
824 825 1014 891 pervenerat
1038 825 1068 871 et
1093 825 1216 874 sutores
1241 814 1337 874 ambo
1362 833 1440 875 uua·

172 935 242 976 cum
277 934 360 996 equa
399 911 534 977 fuissent
562 916 738 991 combusti;
765 929 894 996 propter
923 935 1019 996 quam
1040 916 1206 979 infamiam
1224 919 1256 979 id
1274 939 1307 981 se
1325 918 1437 981 fecisse

171 1017 387 1098 affirmabant,
419 1035 514 1103 prout
547 1021 630 1083 dicta
664 1022 763 1103 ipsius
795 1022 951 1083 lobannis
985 1021 1156 1085 sufficienti
1189 1026 1442 1106 comprobarunt

172 1127 369 1190 testimonio.
397 1164 436 1172 -
462 1128 529 1188 Nos
554 1129 661 1209 itaque
690 1129 832 1188 seniores
864 1127 986 1206 judices
1010 1129 1128 1190 auditis
1153 1131 1319 1212 utriusque
1343 1133 1440 1214 partis

173 1234 467 1316 propositionibus,
491 1234 747 1315 allegacionibus
771 1248 802 1295 et
831 1235 1001 1315 responsis,
1034 1236 1235 1318 omninoque
1261 1238 1441 1317 intellectis,
1475 1315 1478 1321 Ι

175 1341 250 1423 quia
275 1339 391 1423 prefati
416 1341 569 1403 Nicolaus
586 1342 745 1418 Trobecz,
771 1340 899 1401 Domko
917 1361 954 1402 ac
971 1342 1128 1403 Martinus
1144 1362 1242 1424 gener
1265 1347 1364 1423 tesak,
1382 1365 1440 1407 nec

175 1467 238 1510 uon
277 1447 332 1508 alii
365 1447 555 1508 eorumdem
584 1446 758 1529 complices
792 1446 974 1527 irrequisito
1005 1447 1093 1529 prius
1124 1447 1230 1527 judice
1262 1469 1298 1511 ac
1330 1449 1441 1531 juratis

173 1574 268 1638 super
294 1555 434 1616 eundem
458 1554 520 1615 hoc
546 1552 693 1615 fecissent
717 1553 749 1613 in
775 1554 848 1613 vivo
882 1551 1034 1633 homagio
1059 1567 1168 1615 contra
1201 1555 1339 1616 cundem
1365 1575 1440 1617 con·

172 1661 268 1723 vincti
305 1661 502 1736 habeantur;
538 1679 597 1742 pro
630 1658 746 1720 domus
779 1671 886 1720 autem
921 1659 1079 1738 libertate,
1115 1661 1147 1720 in
1181 1661 1329 1742 potencia
1365 1673 1440 1722 sunt

174 1768 347 1831 convincti.
409 1785 413 1792 ·

279 1874 344 1937 Ubi
363 1886 469 1935 autern
485 1870 625 1954 prefatus
639 1872 802 1933 lohannes
822 1873 951 1954 sellipar
967 1872 1127 1953 allegabat
1144 1893 1239 1954 supet
1263 1894 1296 1935 se
1321 1873 1352 1934 id
1371 1894 1438 1936 esse

175 1978 291 2043 factum
326 2000 363 2041 ex
388 1979 524 2041 consilio
557 1993 588 2040 et
619 1978 785 2040 voluntate
812 1979 935 2040 Nicolai
969 1978 1104 2055 Thotar,
1131 1978 1260 2062 Mathey
1285 1979 1440 2058 Kowach,

174 2087 336 2150 Valentini
361 2086 474 2149 decani
499 2100 646 2147 sutorum
670 2105 706 2146 ac
732 2086 861 2146 Martini
879 2086 1007 2162 sutoris,
1026 2085 1119 2163 jurati
1145 2085 1381 2165 adjudicarunt,
1406 2100 1441 2147 ut

174 2195 309 2275 quilibet
334 2213 447 2256 eorum
481 2192 726 2275 quintodecimo
758 2192 809 2254 die
831 2192 1046 2272 juramentum
1080 2193 1241 2274 deponere
1267 2193 1439 2272 debuisset,

175 2319 235 2364 uon
261 2319 332 2362 esse
357 2298 476 2361 factum
502 2320 540 2362 ex
565 2299 701 2360 consilio
726 2313 757 2360 et
786 2299 949 2360 voluntate
983 2299 1184 2378 eorumdem,
1208 2300 1295 2381 quod
1321 2301 1346 2361 si
1373 2320 1438 2362 non

172 2405 386 2491 deponerent,
411 2405 515 2467 eidem
542 2425 625 2486 pene
650 2406 682 2466 in
718 2406 879 2466 sentencia
904 2406 1093 2467 eorumdem
1123 2407 1269 2488 superius
1294 2426 1439 2488 expressa

168 2525 388 2576 remanerent.
412 2512 479 2573 Nos
504 2511 635 2573 eosdem
660 2510 722 2572 hoc
745 2510 927 2592 juramento
963 2512 1172 2591 absolvimus,
1203 2512 1279 2594 quia
1311 2513 1357 2574 illi
1384 2514 1440 2594 qui

163 2636 265 2704 super
292 2618 432 2681 eundem
457 2618 519 2680 hoc
544 2617 689 2681 fecerunt
712 2637 777 2679 non
795 2617 948 2694 laterent;
972 2619 1103 2681 tandem
1128 2620 1203 2700 quia
1229 2618 1370 2701 prefatus
1387 2620 1440 2682 lo·

158 2718 296 2790 bannes
319 2724 452 2807 sellipar
476 2725 607 2786 eosdem
634 2723 819 2786 infamasset
842 2725 898 2786 tali
916 2725 1041 2786 enormi
1066 2723 1210 2804 infamia,
1235 2741 1344 2787 contra
1369 2745 1439 2788 eos·

154 2831 244 2898 dem
273 2802 307 2894 iu
334 2852 399 2894 uno
423 2833 497 2894 vivo
523 2831 675 2913 homagio
697 2833 889 2894 convinctus
912 2833 1125 2915 subjaccatur,
1157 2833 1254 2914 judici
1279 2848 1386 2894 autem
1411 2846 1442 2894 et

148 2931 283 3012 juratis
307 2938 341 3000 in
373 2938 513 3000 denariis
546 2953 693 3014 centum;
727 2934 867 3020 prefatus
898 2938 1061 3000 Johaunes
1092 2938 1222 3021 sellipar
1255 2939 1294 3000 de
1319 2938 1440 3019 judicio

143 3039 317 3120 iudicum
341 3046 506 3107 seniorum
531 3065 597 3107 non
630 3058 800 3106 contentus
828 3066 901 3107 cum
932 3046 1021 3107 omni
1054 3065 1205 3126 processu
1229 3065 1288 3106 suo
1312 3065 1440 3107 causam

146 3146 274 3238 ipsam
301 3151 343 3212 ad
367 3152 556 3233 magistrum
581 3151 841 3213 thavernicorum
867 3152 1055 3234 provocavit
1079 3166 1109 3214 et
1132 3152 1316 3234 appellavit.

173 3354 281 3429 teria
310 3361 411 3427 sexta
436 3363 514 3443 post
541 3354 666 3426 festum
695 3354 790 3426 beate
820 3355 1003 3426 llatheriue
1031 3353 1171 3443 virginis
1199 3362 1233 3426 et
1262 3353 1426 3426 martiris.

675 3505 738 3586 (27.
763 3508 949 3578 novembris).

279 3648 447 3710 Emericus
470 3646 632 3709 aurifaber
665 3648 704 3709 ad
737 3648 924 3711 instanciam
952 3647 1082 3730 Georgii
1119 3648 1367 3732 Petrycbewych
1392 3669 1439 3710 se·

160 3756 279 3820 cundo
305 3754 420 3817 citatus
444 3775 509 3817 non
536 3755 727 3836 comparuit.
804 3806 808 3813 .

451 3952 547 4028 Feria
576 3965 673 4028 sexta
702 3955 735 4028 in
764 3956 850 4028 festo
880 3957 978 4029 beate
1007 3956 1166 4033 Barbare.

686 4111 730 4188 (4.
754 4110 929 4178 decembris).

278 4231 358 4293 Jane
382 4244 413 4291 et
445 4231 571 4293 Marcus
605 4232 729 4314 Posgay
762 4232 801 4292 ad
836 4232 1024 4294 instanciam
1057 4231 1221 4293 Valentini
1246 4250 1370 4313 pugnat
1393 4250 1440 4292 se·

174 4339 280 4402 cundo
305 4337 392 4400 citati
417 4356 482 4399 nou
509 4353 770 4419 comparuerunt.

279 4442 358 4506 Item
383 4444 498 4506 eodem
524 4443 577 4505 die
606 4444 768 4506 lohannes
800 4445 951 4528 Brywacz
977 4445 1082 4526 primo
1115 4445 1231 4507 citatus
1255 4444 1296 4505 ad
1321 4445 1441 4508 instan-

173 4551 255 4614 ciam
281 4548 411 4612 Martini
436 4551 566 4612 sartoris
591 4569 656 4611 uon
682 4550 873 4632 comparuit.

279 4656 359 4719 ltem
392 4657 507 4718 eodem
534 4656 586 4718 die
618 4657 764 4718 Andreas
797 4658 1014 4739 carpentarius
1046 4659 1086 4719 ad
1120 4659 1308 4720 instanciam
1342 4658 1442 4720 Elene

170 4765 283 4850 puelle
307 4763 414 4847 primo
439 4765 553 4826 citatus
577 4783 644 4825 non
669 4765 859 4846 comparuit.

281 4870 361 4933 ltem
385 4871 502 4933 eodem
527 4871 579 4932 die
605 4871 716 4933 Petrus
741 4873 849 4934 Benalr
873 4872 912 4933 ad
931 4873 1119 4934 instanciam
1145 4872 1272 4933 Andree
1300 4871 1441 4954 Dewyak

168 4981 280 5066 primo
302 4978 417 5042 citatus
441 4998 507 5041 noo
533 4980 723 5060 comparuit.

1353 5088 1396 5150 lb
