3142 5356
742 326 942 401 Ann01432.

320 540 398 601 ltem
426 538 557 600 Kathria
583 537 691 598 relicta
717 535 853 597 condam
872 535 1028 597 Johannis
1055 533 1220 613 aurifabri,
1244 554 1332 596 nunc
1350 554 1486 596 consors

212 647 322 709 Jacobi
356 643 518 726 lutifiguli,
551 643 708 726 quosdam
742 642 824 704 duos
855 639 973 704 fundos
1005 643 1064 703 sub
1099 660 1192 702 muro
1226 641 1375 721 civitatis,
1400 643 1486 704 inter

211 750 329 815 fundos
354 752 462 812 relicte
487 744 662 833 Goychech
679 763 710 810 ct
732 749 833 810 Elene
857 748 966 811 relicte
987 748 1134 833 Dyonisii
1153 747 1322 831 freniparis
1342 748 1483 827 habitos,

211 858 351 918 mediam
376 857 496 917 curiam
521 857 552 916 in
585 875 618 916 se
643 854 854 932 continentes,
877 875 915 914 ex
940 874 1097 916 consensu
1128 855 1309 916 vicinorum
1336 854 1480 917 Johanni

213 963 413 1044 carpentario
437 976 468 1023 et
486 961 685 1042 Margarethe
709 980 764 1022 sue
793 961 933 1022 consorti
959 960 1105 1022 vendidit
1136 974 1292 1044 perpetuo
1315 962 1376 1022 sub
1402 981 1482 1043 pen-

214 1069 301 1131 denti
326 1069 434 1149 sigillo
458 1067 700 1150 privilegialiter
724 1066 946 1149 possidendos.

318 1174 395 1234 Item
421 1173 576 1234 medietas
600 1173 766 1235 cuiusdam
799 1173 926 1251 domus,
952 1171 1055 1251 fundi,
1088 1172 1196 1235 celarii
1221 1174 1424 1234 subterranei
1451 1189 1483 1234 et

212 1279 433 1340 hedificiorum
467 1280 498 1340 in
533 1280 669 1353 civitate,
700 1280 781 1340 inter
814 1279 940 1357 domos,
973 1279 1091 1340 fundos
1124 1294 1154 1340 et
1186 1279 1302 1341 colaria
1336 1281 1483 1341 virorum

211 1387 421 1468 providorum
442 1386 586 1468 Dyonisii
612 1386 777 1467 piscatoris
794 1400 824 1446 et
842 1384 974 1466 Georgii
999 1383 1057 1446 filii
1077 1385 1166 1446 Pauli
1192 1385 1482 1468 Charanthorvych

212 1493 319 1554 habite
345 1506 376 1553 et
400 1493 571 1569 existentis,
596 1511 692 1552 unam
719 1508 864 1573 quartam
890 1493 976 1554 curie
1002 1493 1033 1552 in
1058 1512 1090 1552 se
1115 1491 1295 1571 continens,
1319 1513 1377 1574 per
1402 1493 1481 1555 Sco·

213 1599 355 1660 lasticam
393 1599 534 1659 relictam
570 1599 655 1659 Luce
688 1614 720 1659 et
758 1613 938 1661 consortem
972 1599 1085 1660 Briccii
1117 1597 1175 1661 filii
1208 1599 1339 1661 Thorne
1373 1599 1483 1661 eidem

214 1705 339 1765 Briccio
365 1721 393 1764 et
418 1725 456 1764 ex
483 1704 559 1785 ipsis
583 1704 799 1785 superviventi
832 1720 878 1766 est
903 1705 1143 1786 privilegialiter
1174 1707 1233 1767 sub
1258 1706 1416 1788 pendenti
1442 1709 1483 1767 si-

212 1810 292 1890 gillo
317 1810 436 1871 donata
460 1824 490 1870 et
514 1824 712 1892 perpetuata.

320 1916 395 1976 item
423 1917 549 1977 Murcus
574 1931 730 1978 mercator
755 1916 839 1979 filius
858 1917 1023 1979 Michaelis
1047 1919 1208 1999 quandam
1235 1918 1369 1980 domum
1388 1938 1482 1980 suurn

212 2022 310 2082 simul
343 2041 414 2082 cum
448 2020 549 2083 fundo
583 2037 613 2083 et
645 2023 763 2084 celario
795 2025 1003 2084 subterraneo
1036 2044 1071 2084 nc
1106 2022 1262 2085 hedificiis
1294 2025 1326 2085 in
1352 2026 1484 2088 civitate

213 2128 353 2209 predicta
389 2129 469 2189 inter
502 2129 617 2189 dornos
650 2143 680 2190 et
712 2131 815 2190 curias
847 2131 930 2191 Petri
959 2131 1135 2212 Horwatyn
1173 2130 1249 2192 dicti
1283 2147 1313 2192 et
1346 2133 1484 2195 alterius

214 2235 296 2295 Petri
322 2235 446 2296 Chikan
473 2236 560 2311 dicti,
585 2238 624 2296 ab
657 2255 718 2296 una
750 2251 848 2317 parte,
880 2239 919 2298 ab
943 2237 1041 2298 altera
1067 2257 1143 2298 vero
1175 2241 1303 2321 Agycze
1331 2239 1483 2301 mulieris

213 2342 321 2402 relicte
346 2340 481 2401 condam
518 2341 602 2402 Luce
629 2341 775 2422 Hungnri
809 2341 865 2403 tilii
899 2342 994 2421 Petri,
1024 2362 1108 2404 nunc
1140 2344 1297 2405 consortis
1322 2343 1484 2406 Johannis

213 2446 378 2509 Grnshans
402 2447 554 2523 habitam,
581 2467 676 2508 unam
703 2448 858 2529 integram
889 2449 1009 2509 curiam
1035 2449 1066 2509 in
1092 2468 1125 2510 se
1151 2450 1384 2527 continentem,
1402 2471 1480 2512 cum

212 2554 277 2614 suis
302 2553 492 2614 utilitatibus
517 2569 547 2614 ct
565 2554 770 2635 pertinenciis
794 2555 950 2616 universis
969 2556 1142 2617 Benedicto
1174 2556 1260 2616 dicto
1288 2557 1390 2617 Bensa
1409 2556 1479 2619 filio

214 2659 357 2738 Dragech
384 2659 527 2718 vendidit
553 2680 589 2718 ex
615 2678 771 2720 consensu
797 2659 971 2721 Katherine
997 2661 1141 2721 mulieris
1165 2661 1274 2721 relicte
1301 2660 1413 2722 fricze
1432 2664 1480 2741 ju·

212 2766 269 2826 rati
295 2779 449 2846 perpetuo
474 2767 533 2825 sub
559 2766 709 2847 pendenti
736 2765 843 2845 sigillo
869 2767 1111 2848 privilegialiter
1134 2767 1376 2849 possidendam.
