3142 5356
146 334 207 415 328
674 330 764 390 Anno
787 345 878 408 1439.

944 439 957 443 ..
1005 438 1105 461 ..-Γ
1148 441 1187 446 ..
1239 443 1242 446 Α

199 571 283 641 ltem
311 570 395 640 feria
424 582 522 639 sexta
544 571 698 656 proxima
728 582 806 639 ante
835 570 956 641 festum
983 568 1237 641 Purificacionis
1266 574 1359 641 beate

556 713 686 782 semper
714 692 855 782 virginis
885 695 1000 765 llarie.

636 872 700 940 (30.
717 866 884 939 januarii).

254 1022 330 1083 Item
356 1021 496 1101 quedam
521 1022 613 1082 vinea
638 1021 776 1081 condam
802 1021 908 1083 Choni
933 1021 1048 1101 judicis
1076 1023 1107 1083 in
1146 1023 1310 1084 territorio
1334 1023 1406 1083 civi·

147 1129 221 1192 tatis
245 1125 364 1210 prefate
390 1127 472 1189 inter
496 1127 606 1187 vineas
629 1147 666 1187 ex
692 1141 825 1208 utraque
854 1143 943 1210 parte
969 1128 1099 1189 Thome
1135 1128 1230 1207 jurati
1256 1128 1314 1190 filii
1339 1130 1408 1190 dicti

147 1235 253 1298 Choni
279 1233 394 1314 judicis
418 1233 536 1311 habita,
562 1234 786 1296 Jablanowecz
810 1248 933 1313 vocata,
963 1236 1100 1317 desuper
1123 1256 1140 1296 a
1164 1237 1217 1296 via
1242 1237 1408 1297 communi

149 1358 179 1404 et
196 1340 277 1403 infra
296 1360 396 1421 usque
413 1355 554 1401 meatum
572 1360 627 1401 seu
646 1341 814 1402 decursum
830 1361 913 1422 aque
931 1342 1081 1423 pluvialis
1105 1362 1138 1403 se
1163 1342 1351 1419 extendens,
1374 1362 1406 1404 ae

147 1448 286 1530 quedam
318 1462 399 1508 terra
433 1446 562 1507 arabilis
594 1447 740 1509 eiusdem
774 1446 880 1508 Choni
914 1448 1029 1526 judicis
1061 1449 1092 1509 in
1126 1468 1242 1531 campo
1267 1449 1411 1510 similiter

149 1568 259 1616 nostro
283 1555 364 1615 inter
388 1568 486 1614 terras
503 1553 678 1614 liberorum
698 1554 834 1614 condam
854 1555 950 1615 Blasii
969 1555 993 1615 F
997 1575 1104 1637 ratvyn
1123 1571 1154 1616 et
1179 1555 1297 1618 Briccii
1315 1557 1412 1638 pisca·

147 1661 225 1723 toris
242 1659 347 1721 habita
366 1679 401 1719 ac
419 1660 499 1720 inter
524 1660 590 1719 vias
606 1678 795 1720 communes
812 1661 960 1738 existens,
982 1676 1104 1743 septem
1121 1677 1156 1722 ut
1173 1662 1292 1723 dicitur
1313 1662 1411 1722 dietas

149 1781 230 1826 terre
256 1766 287 1826 in
312 1784 344 1825 se
369 1764 420 1825 vel
445 1765 521 1825 citra
546 1765 724 1841 continens,
750 1766 780 1825 in
803 1766 894 1826 cuius
926 1765 1005 1827 facie
1031 1781 1077 1828 est
1101 1787 1163 1827 una
1188 1769 1285 1829 arbor
1311 1769 1409 1846 nucis,

150 1892 208 1934 nec
233 1891 297 1932 non
324 1871 456 1952 quidam
481 1871 589 1932 totalis
614 1870 749 1951 (h)ortus
774 1872 873 1953 ipsius
895 1872 1003 1933 Choni
1029 1874 1154 1951 judicis,
1180 1874 1235 1934 ubi
1261 1874 1341 1934 alias
1358 1873 1413 1934 luit

151 1977 324 2054 stabulum,
350 1978 432 2037 inter
456 1976 590 2057 (h)ortos
616 1977 729 2037 Briccii
755 1976 870 2057 judicis
894 1994 924 2039 et
942 1980 1118 2040 liberorum
1138 1980 1278 2041 condam
1304 1980 1412 2042 decani

152 2084 330 2146 Clementis
362 2082 499 2160 habitus,
532 2103 587 2164 per
619 2083 819 2164 legacionem
856 2087 1128 2147 testamentariam
1166 2085 1282 2168 prelati
1308 2086 1413 2149 Choni

150 2189 267 2270 judicis
291 2188 447 2270 Raphaeli
472 2187 538 2249 filio
565 2189 719 2249 Johannis
739 2189 853 2269 judicis
891 2189 950 2250 lilii
981 2190 1135 2272 Stephani
1160 2192 1237 2253 dicti
1265 2192 1355 2253 Bozo
1377 2212 1411 2251 ac

150 2316 206 2377 per
230 2295 368 2357 eundem
388 2294 584 2375 Raphaelem
609 2295 674 2355 suis
698 2294 871 2356 heredibus
888 2312 960 2357 sunt
986 2297 1230 2378 privilegialiter
1254 2301 1314 2360 sub
1340 2319 1413 2380 pen·

150 2401 238 2463 denti
252 2401 360 2481 sigillo
376 2400 615 2461 communitatis
628 2399 814 2462 confirmate
829 2417 859 2463 et
873 2401 1025 2464 ratificata
1041 2418 1196 2486 perpetuo
1210 2405 1414 2486 possidenda.

256 2527 332 2588 Item
359 2527 515 2587 medietas
533 2527 649 2587 domus
673 2541 795 2586 murare
814 2543 843 2586 et
862 2525 952 2588 fundi
978 2549 1013 2589 ac
1032 2527 1259 2590 hedificiorum
1277 2532 1414 2592 condam

154 2633 308 2696 Johannis
332 2633 447 2712 judicis
482 2631 538 2692 filii
572 2632 724 2713 Stephani
757 2632 831 2693 dicti
858 2634 956 2711 Bozo,
993 2635 1023 2695 in
1049 2635 1133 2697 dicta
1159 2636 1288 2697 civitate
1324 2657 1414 2698 muro

154 2741 236 2801 dicte
262 2739 396 2800 civitatis
412 2738 580 2820 applicata,
599 2759 698 2820 prope
723 2755 847 2819 portam
866 2740 1074 2820 Carnificum,
1095 2743 1176 2803 inter
1200 2741 1321 2805 fundos
1338 2745 1414 2805 libe·

152 2867 261 2909 rorum
294 2845 431 2907 condam
462 2846 590 2906 Martini
623 2845 715 2923 jurati
755 2866 790 2906 ac
823 2848 983 2928 quandam
1026 2850 1172 2910 semitam
1205 2869 1414 2912 communem

153 2953 260 3015 eundo
277 2972 387 3013 versus
407 2951 563 3032 capellam
587 2965 693 3013 sancte
713 2953 811 3014 Marie
837 2954 969 3032 virginis
986 2970 1016 3014 et
1033 2955 1170 3036 desuper
1196 2956 1280 3017 inter
1296 2955 1414 3018 fundos

151 3060 277 3122 Nicolai
304 3060 432 3140 Loczlry
457 3077 492 3118 ac
517 3058 692 3119 liberorum
727 3059 863 3120 condam
894 3058 979 3121 Galli
1014 3081 1049 3121 ac
1074 3061 1240 3122 Benedicti
1266 3061 1324 3123 filii
1351 3062 1414 3147 Gy·

152 3167 235 3228 wani
262 3166 378 3242 habite,
404 3183 500 3225 unam
525 3179 671 3244 quartam
703 3180 733 3225 et
765 3180 910 3226 octavam
938 3167 969 3226 in
995 3187 1028 3227 se
1052 3168 1232 3247 continens,
1270 3170 1413 3251 predicto

153 3273 309 3356 Raphaeli
335 3292 406 3332 cum
434 3270 603 3332 medietate
629 3272 737 3351 (h)orti
762 3287 847 3332 extra
872 3273 988 3334 dictam
1012 3288 1137 3354 portam
1163 3274 1362 3337 Carnificum
1388 3290 1417 3336 et

152 3381 331 3464 predictum
357 3398 483 3439 murum
509 3378 645 3439 civitatis
668 3376 788 3460 prelate
813 3379 986 3457 existentis,
1018 3400 1074 3462 per
1106 3379 1278 3442 fassionem
1307 3381 1414 3443 Choni

151 3486 266 3568 judicis
283 3500 329 3545 est
341 3487 399 3545 sub
413 3485 564 3566 pendenti
582 3484 689 3564 sigillo
703 3487 942 3547 communitatis
959 3486 1201 3567 privilegialiter
1217 3486 1415 3549 confirmata.

260 3610 337 3670 ltem
356 3609 500 3669 Thomas
518 3608 637 3689 juratus
654 3607 739 3669 filius
757 3608 863 3671 Choni
881 3609 995 3689 judicis
1014 3610 1178 3691 quoddam
1205 3609 1304 3673 fenile
1323 3631 1416 3673 suum

155 3720 186 3780 in
213 3736 326 3798 campo
352 3715 486 3775 civitatis
511 3715 651 3795 predicte
677 3716 758 3776 inter
785 3731 884 3778 terras
917 3717 1092 3778 liberorum
1118 3718 1256 3779 condam
1283 3717 1414 3800 Georgii

155 3823 271 3884 sutoris
296 3843 311 3881 a
338 3821 430 3902 plaga
456 3821 644 3882 occidentali
668 3842 724 3883 nec
750 3842 813 3883 non
844 3822 953 3884 senilia
972 3839 1078 3884 nostre
1107 3826 1350 3887 communitatis
1377 3827 1414 3888 ab

154 3931 288 4006 oriente,
327 3949 362 3989 ac
388 3948 603 3989 suceessorum
637 3930 773 3989 condam
805 3930 959 3990 Johannis
993 3930 1101 3990 Prawz
1133 3934 1415 4013 aseptemtrione,

154 4050 184 4098 et
218 4036 328 4096 Frieze
360 4035 451 4114 jurati
487 4050 516 4095 et
549 4035 680 4095 domine
713 4036 888 4118 Elyzabeth
921 4056 977 4097 sue
1011 4037 1166 4097 consortis
1190 4058 1206 4097 a
1233 4041 1412 4101 meridione

154 4143 309 4220 habitum,
335 4161 406 4202 cum
432 4142 651 4202 additamento
674 4144 802 4223 triginta
821 4143 959 4204 duorum
986 4142 1053 4205 flor.
1079 4145 1145 4204 auri
1165 4144 1324 4226 Raphaeli
1350 4146 1414 4208 filio

155 4248 308 4309 Johannis
346 4249 569 4329 proquodam
604 4248 692 4309 lenili
726 4269 783 4309 suo
816 4251 905 4310 totali
932 4251 962 4309 in
999 4250 1112 4310 eodem
1140 4270 1255 4332 campo
1280 4253 1414 4315 civitatis

154 4375 251 4436 penes
275 4354 395 4437 Zygeth
422 4370 451 4415 et
476 4355 609 4414 fluvium
637 4354 872 4417 Chernomerez
897 4376 932 4416 ac
957 4355 1053 4418 fenile
1076 4357 1251 4419 liberorum
1278 4361 1414 4421 condam

155 4462 260 4521 llilrus
285 4461 439 4522 carnificis
464 4476 494 4521 et
519 4460 648 4541 Mathl'e
675 4461 791 4521 Farlras
825 4462 945 4540 habito,
972 4464 1084 4543 viginti
1105 4464 1184 4525 duas
1208 4465 1312 4527 dietas
1337 4482 1415 4528 terre

154 4568 204 4627 vel
231 4568 306 4627 citra
332 4569 361 4628 in
388 4589 420 4629 se
439 4567 618 4644 continens,
645 4586 700 4648 per
725 4568 857 4627 modum
876 4570 1129 4648 permutacionis
1146 4569 1235 4631 dedit
1258 4587 1414 4655 perpetuo

155 4673 383 4754 possidendum
410 4690 439 4733 ct
464 4673 635 4754 superinde
661 4688 706 4732 est
731 4674 820 4733 litera
838 4677 895 4735 suh
921 4675 1083 4755 pendendi
1103 4675 1210 4755 sigillo
1234 4681 1415 4741 communi·

154 4795 225 4840 tatis
250 4796 405 4841 emanata.
