3142 5356
151 305 209 388 178
676 304 762 361 Anno
784 316 877 380 1429.

147 517 186 578 de
211 537 326 598 magna
352 515 492 578 Colonia
525 516 647 577 doctori
685 517 715 576 in
748 517 929 592 medicinis,
961 515 1024 594 jam
1049 527 1160 576 nostro
1194 514 1336 592 concivi,
1362 535 1420 596 pro

148 625 264 706 viginti
290 637 411 705 septem
437 622 507 685 flor.
533 624 601 684 auri
635 623 851 684 vendiderunt
876 642 912 682 ert
945 641 1103 682 consensu
1129 621 1314 682 vicinorum
1349 635 1418 703 pte·

147 732 306 792 dictorum
333 743 488 811 perpetuo
514 730 753 810 possidendam.

253 837 329 898 ltem
346 835 499 918 providus
516 836 563 896 vir
579 836 747 897 Emericus
761 850 862 897 sartor
886 835 972 897 lilius
984 835 1122 913 Nicolai,
1136 835 1282 896 concivis
1299 848 1420 911 noster,

147 942 309 1022 quandam
334 943 460 1002 vineam
486 961 575 1002 suam
600 941 733 1004 totalem
759 942 789 1001 in
815 941 977 1003 territorio
1007 941 1092 1002 dicte
1117 941 1257 1002 civitatis
1282 941 1369 1002 inter
1392 955 1422 1002 et

147 1069 245 1132 penes
268 1049 395 1110 vineam
420 1048 478 1108 viri
504 1047 631 1130 providi
657 1061 688 1109 et
712 1047 837 1109 honesti
871 1047 1040 1109 Laurencii
1066 1047 1222 1109 institoris
1245 1045 1305 1108 filii
1334 1047 1418 1108 Petri

149 1169 179 1217 et
204 1155 271 1216 vias
295 1173 496 1231 communes,
520 1153 616 1215 simul
634 1173 706 1214 cum
731 1169 813 1215 terra
830 1174 886 1215 seu
911 1153 1000 1215 fenili
1026 1173 1062 1214 ac
1085 1153 1165 1214 silva
1189 1153 1282 1214 totali
1312 1153 1419 1215 eidem

147 1262 241 1323 vinee
264 1261 355 1323 totali
381 1260 551 1341 pertinenti
578 1259 718 1321 habitam
751 1274 782 1322 et
799 1261 999 1337 existentem,
1017 1279 1089 1319 cum
1107 1260 1173 1320 suis
1198 1259 1419 1341 pertinenciis,

149 1367 286 1451 provido
311 1367 379 1427 viro
405 1366 505 1426 Paulo
531 1365 670 1427 carnifici
703 1365 770 1427 filio
796 1366 949 1447 Stephani
976 1384 1033 1446 pro
1067 1364 1208 1446 quadam
1235 1364 1338 1425 domo
1364 1385 1419 1425 sua

150 1475 181 1535 in
208 1473 333 1535 civitate
359 1473 440 1533 inter
465 1471 580 1532 domos
604 1470 736 1552 Georgii
762 1473 858 1554 Zywa
878 1486 908 1533 et
931 1472 1106 1533 liberorum
1132 1469 1271 1532 condam
1290 1469 1419 1531 Nicolai

150 1582 277 1661 Laczky
302 1579 456 1655 habitam,
481 1578 620 1639 mediam
647 1578 767 1639 curiam
794 1579 825 1638 in
852 1598 883 1637 se
909 1579 1105 1654 continente,
1130 1597 1165 1637 ac
1189 1595 1249 1658 pro
1275 1576 1417 1657 quadam

149 1688 302 1770 porcione
327 1686 444 1747 vineali
471 1686 552 1746 inter
576 1686 686 1746 vineas
711 1686 777 1746 luri
803 1685 986 1747 Corintiani
1012 1699 1042 1746 et
1067 1684 1201 1745 Fabiani
1226 1683 1349 1766 lliczky
1366 1683 1418 1745 ha·

149 1795 260 1871 bitam,
286 1813 341 1875 per
364 1791 498 1853 modum
529 1792 779 1873 permutacionis
805 1806 835 1853 et
867 1792 1049 1854 concambii
1082 1790 1223 1851 dedisset
1260 1805 1417 1873 perpetuo

150 1898 388 1982 possidendam.

257 2005 333 2066 Item
359 2005 434 2086 quia
460 2004 585 2086 providi
603 2004 661 2064 viri
688 2004 849 2065 fabianus
873 2002 958 2065 filius
976 2003 1121 2084 Georgii,
1134 2002 1277 2063 concivis
1293 2016 1410 2079 noster,

151 2125 182 2172 et
215 2110 399 2172 Anthonius
429 2109 514 2170 lilius
545 2110 688 2170 eiusdem
723 2109 854 2191 Georgii
889 2108 983 2170 irater
1014 2109 1121 2190 junior
1152 2108 1229 2169 dicti
1268 2108 1412 2182 Fabiani,

151 2217 311 2278 habitator
329 2230 446 2294 noster,
471 2216 502 2276 id
529 2236 601 2277 cum
625 2214 796 2277 sufficienti
821 2217 1006 2277 testimonio
1024 2235 1131 2277 coram
1156 2215 1252 2276 nobis
1277 2233 1410 2296 conpro-

151 2326 277 2402 barunt,
302 2324 469 2406 quomodo
495 2324 553 2405 ipsi
579 2324 742 2404 quandam
764 2325 892 2385 vineam
909 2323 1168 2384 condicionalem
1194 2323 1225 2383 in
1252 2321 1413 2384 territorio

151 2431 287 2491 civitatis
312 2432 393 2491 inter
417 2430 527 2490 vineas
552 2430 727 2491 liberorum
757 2430 895 2491 condam
929 2429 1057 2513 Mathye
1082 2427 1240 2490 carnificis
1264 2442 1296 2490 et
1321 2428 1409 2489 Erne-

152 2537 207 2597 rici
234 2537 310 2599 dicti
335 2536 524 2597 Remethich
551 2557 566 2597 a
590 2537 795 2597 meridionali
813 2537 906 2618 plaga
931 2551 962 2597 et
986 2536 1071 2596 viam
1089 2533 1272 2596 cursualem
1289 2554 1307 2595 a
1324 2533 1410 2615 plaga

153 2643 407 2726 septemtrionali
433 2643 585 2720 habitam,
610 2664 627 2704 a
657 2643 802 2725 predicto
835 2642 965 2725 Mathya
997 2640 1145 2703 carnifice
1171 2660 1229 2720 pro
1254 2655 1339 2703 certa
1363 2659 1408 2722 pe·

152 2750 320 2811 cuniarum
344 2751 522 2831 quantitate
551 2763 800 2831 comparassent,
832 2749 905 2810 ideo
931 2769 989 2810 nos
1013 2748 1149 2809 eandem
1181 2748 1312 2809 vineam
1344 2765 1409 2808 cum

152 2856 216 2917 suis
247 2857 451 2938 pertinenciis
475 2869 505 2917 et
537 2856 630 2917 metis
658 2856 689 2916 in
714 2855 804 2916 litera
838 2855 1025 2936 expressatis
1050 2853 1171 2915 eisdem
1204 2853 1352 2915 Fabiano
1382 2865 1407 2912 et

151 2961 318 3023 Anthonio
343 2962 511 3023 statuimus
535 2975 691 3042 perpetuo
716 2961 944 3042 possidendam
969 2975 999 3023 et
1024 2959 1335 3041 quomodocumque
1359 2978 1407 3020 vo·

154 3069 272 3129 luerint
289 3067 523 3149 disponendam
550 3067 590 3128 ita
609 3081 727 3145 tamen,
752 3068 840 3148 quod
858 3066 970 3149 prefati
989 3067 1150 3128 Fabianus
1174 3081 1205 3128 et
1228 3066 1407 3128 Anthonius

153 3188 183 3235 et
208 3174 307 3255 ipsius
332 3173 436 3235 cuncti
456 3173 589 3235 heredes
614 3173 652 3234 de
671 3172 783 3234 eadem
809 3174 901 3234 vinea
923 3174 962 3234 ad
981 3173 1248 3234 communitatem
1275 3188 1408 3234 nostram

152 3299 253 3340 unum
279 3278 348 3340 flor.
381 3280 448 3339 auri
474 3294 620 3360 ternpore
653 3279 816 3341 vindemie
842 3279 916 3340 dare
942 3293 972 3340 et
1004 3279 1186 3361 persolvere
1211 3281 1410 3341 tenebuntur.

258 3385 334 3446 ltem
362 3385 478 3445 Paulus
496 3385 672 3446 Miltoreich
690 3386 845 3466 quasdam
868 3385 947 3446 duas
963 3385 1135 3467 porciones
1152 3383 1307 3462 vineales,
1325 3385 1410 3445 vinee

154 3492 184 3552 in
210 3492 370 3553 territorio
396 3492 531 3551 civitatis
564 3490 696 3573 provide
721 3492 858 3552 condam
892 3492 1036 3553 mulieris
1062 3490 1205 3575 Gyurgia
1230 3505 1344 3552 vocate
1370 3509 1411 3550 re·

153 3597 226 3658 licte
251 3597 387 3657 condam
414 3597 541 3657 Andree
568 3597 765 3678 Popinchich
790 3598 821 3658 in
847 3613 928 3658 terra
953 3612 1060 3658 nostra
1086 3595 1318 3674 condicionali,
1337 3596 1411 3657 inter

153 3704 261 3763 vineas
287 3703 369 3763 lwan
397 3700 451 3763 filii
479 3702 645 3764 Michaelis
668 3717 698 3764 et
723 3718 856 3784 puteum
886 3705 1111 3766 scaturientem
1137 3702 1230 3764 llicza
1268 3715 1411 3764 vocatum

154 3809 272 3885 habite,
297 3809 434 3889 desuper
458 3810 643 3890 incipiendo
674 3830 692 3869 a
718 3826 800 3870 meta
834 3824 865 3871 et
889 3833 905 3870 a
931 3809 1061 3889 fossato,
1094 3808 1174 3871 infra
1202 3829 1305 3891 usque
1331 3810 1409 3870 viam

154 3935 301 3995 magnam
317 3929 346 3975 et
363 3935 569 3976 communem
588 3935 659 3976 cum
681 3915 799 3996 (h)orto
824 3916 988 3977 desubtus
1005 3915 1127 3994 habito,
1144 3935 1176 3975 se
1194 3915 1409 3990 extendentes,

154 4042 168 4081 a
196 4034 283 4102 parte
316 4020 429 4102 prefati
455 4022 537 4082 ltvan
570 4021 626 4082 lilii
662 4021 826 4082 Michaelis
858 4023 944 4098 sitas,
975 4023 1034 4083 sub
1063 4022 1156 4083 metis
1180 4022 1212 4082 in
1247 4022 1339 4083 litera
1364 4041 1411 4082 ex·

154 4127 312 4208 pressatis,
330 4127 502 4189 Valentino
528 4128 613 4189 dicto
631 4128 720 4188 Zime
746 4148 803 4210 pro
829 4130 934 4189 anima
965 4130 1063 4210 ipsius
1081 4128 1227 4211 Gyurgie
1252 4149 1312 4211 pro
1330 4148 1413 4210 pere·

153 4235 1413 4316 grinacioneversusRomanamcuriampereundemValentinumexeiusdem

155 4340 297 4424 Gyurgie
322 4341 488 4419 legacione
510 4341 597 4402 dedit
621 4355 777 4423 perpetuo
796 4340 1023 4422 possidendam
1049 4356 1080 4402 et
1107 4341 1413 4423 quomodocumque

154 4447 291 4508 voluerit
315 4446 560 4526 disponendam,
587 4447 627 4506 ita
659 4461 777 4523 tamen,
812 4460 846 4507 ut
871 4447 937 4527 ipse
963 4447 1152 4508 Valentinus
1177 4460 1208 4509 et
1237 4448 1286 4508 sui
1313 4445 1411 4509 cuncti

154 4551 285 4613 heredes
310 4553 449 4631 ipsarum
475 4552 609 4612 duarum
636 4553 825 4632 porcionum
845 4553 1020 4614 vinealium
1046 4573 1104 4634 pro
1120 4567 1268 4634 tempore
1293 4573 1411 4634 posses·

153 4678 239 4718 sores
251 4658 385 4736 singulis
399 4658 490 4717 annis
507 4673 650 4739 tempore
670 4658 831 4718 vindemie
856 4673 976 4719 sextam
991 4674 1113 4740 partem
1132 4659 1227 4720 musti
1254 4674 1284 4720 et
1303 4658 1408 4741 viginti

153 4782 205 4822 sex
231 4762 379 4823 denarios
403 4783 461 4844 pro
487 4779 630 4845 tempore
655 4779 818 4825 currentes
848 4765 922 4825 dare
948 4779 979 4825 et
1003 4765 1185 4846 persolvere
1210 4767 1408 4827 tenebuntur.
