3156 5364
118 127 152 186 14
457 109 544 166 Anno
567 118 654 183 1521.
680 140 721 150 -
745 121 793 183 13.
816 107 975 168 decembris.

113 216 326 224 ——0
878 213 1015 219 —————-—

363 323 457 398 Feria
486 334 584 397 sexta
612 319 646 396 in
674 325 761 397 festo
790 324 887 400 lucie
912 324 1063 414 virginis.

590 480 651 555 (13.
675 478 847 554 decembris).

193 619 225 680 ln
259 639 352 681 causa
385 621 467 681 inter
498 619 706 680 Valentinum
742 616 935 700 ireniparem
968 631 998 679 et
1032 619 1206 680 Martinum
1239 640 1276 681 sc
1302 620 1350 681 lo·

84 727 227 789 hannem
252 724 392 787 famulos
408 726 690 802 tricesimatorum,
712 724 880 805 quomodo
898 724 1049 785 videlicet
1065 722 1179 806 prefati
1198 725 1353 786 Martinus

85 845 116 894 et
140 830 304 893 lohannes
327 844 516 892 annotatum
549 830 757 891 Valentinum
791 830 823 890 in
856 829 955 890 domo
981 829 1145 892 Dorotbee
1177 830 1289 892 relicte
1314 830 1352 892 ad

85 951 202 998 terram
226 950 420 1019 prostratum
455 937 675 998 verberassent
706 949 802 1016 prout
825 949 856 996 et
880 934 971 1016 signa
1002 949 1220 1017 apparuerunt
1252 937 1352 998 mani·

87 1041 176 1121 festa,
209 1042 460 1122 testimonioque
489 1056 535 1102 est
566 1041 824 1122 comprobatum,
848 1040 941 1119 jurati
963 1040 1200 1123 adjudicarunt,
1226 1055 1262 1104 ut
1285 1061 1352 1124 pre·

87 1147 163 1210 dicti
189 1149 345 1209 Martinus
369 1167 405 1209 ac
430 1147 593 1208 lohannes
610 1148 678 1208 leso
696 1147 727 1206 in
754 1145 867 1208 decern
884 1147 1003 1228 pensis,
1020 1147 1146 1229 hospite
1171 1147 1352 1210 violacione

86 1256 203 1317 domus
227 1256 337 1317 decem
364 1255 480 1335 pensis,
505 1253 603 1335 judici
629 1253 768 1314 denariis
799 1267 928 1315 centum
953 1253 1309 1347 habeanturlconvicti.

194 1361 317 1423 Eodem
337 1361 389 1423 die
407 1381 500 1422 causa
515 1361 596 1421 inter
610 1360 782 1421 Nicolaum
796 1359 931 1442 sporlar)
945 1373 976 1422 et
990 1359 1175 1442 Philiphum
1190 1359 1351 1423 Croacum

89 1467 216 1529 racione
242 1482 272 1528 et
296 1480 440 1548 pretextu
465 1467 631 1526 criusdam
661 1464 752 1526 fundi
786 1466 901 1527 deserti
933 1466 1015 1528 inter
1040 1467 1155 1528 domos
1180 1467 1350 1550 utriusque

96 1573 268 1650 existentis,
294 1573 384 1633 cuius
415 1571 620 1633 medietatem
649 1571 803 1633 Nicolaus
835 1572 987 1632 voluisset
1018 1571 1146 1651 habere,
1170 1573 1265 1654 jurati
1298 1576 1350 1635 ad-

95 1677 288 1759 judicarunt,
313 1692 346 1738 ut
371 1678 507 1758 quilibet
531 1697 642 1738 eorum
664 1691 758 1759 prout
783 1678 815 1738 in
839 1676 939 1738 literis
970 1677 1136 1759 utriusque
1161 1678 1353 1758 continetur,

91 1783 295 1846 medietatem
333 1783 432 1865 ipsius
456 1781 546 1843 fundi
583 1782 716 1858 habeat;
749 1783 804 1864 qui
835 1783 861 1844 si
893 1782 1010 1864 aliquis
1042 1783 1074 1843 in
1107 1783 1223 1844 eodem
1251 1782 1352 1846 fundo

88 1889 222 1952 domum
247 1889 386 1951 voluerit
410 1888 569 1967 edificare,
594 1902 709 1951 extunc
734 1891 830 1951 ambo
863 1888 1029 1951 debebunt
1053 1889 1234 1967 remittere3
1260 1911 1354 1974 super

87 2016 152 2079 quo
177 1995 319 2079 prelatus
343 1997 496 2058 Nicolaus
521 2016 585 2058 non
611 2009 781 2058 contentus
797 1996 883 2078 juxta
901 1995 1192 2078 (consvetudinem)
1218 1997 1354 2061 civitatis

87 2103 127 2165 ad
151 2103 273 2184 judices
296 2104 439 2166 seniores
463 2123 592 2165 causam
616 2103 718 2184 ipsam
743 2102 929 2184 appellavit.

193 2210 271 2272 ltem
296 2210 412 2272 eodem
444 2210 495 2271 die
528 2229 622 2271 causa
654 2209 736 2270 inter
764 2208 989 2270 honorabilem
1023 2208 1195 2271 dominum
1222 2209 1353 2273 Gallum

88 2315 339 2398 prebendarium
357 2316 444 2378 chori
462 2316 681 2396 zagrabiensis
698 2329 728 2376 et
745 2314 937 2397 prudentem
955 2314 1148 2376 Michaelem
1163 2314 1354 2399 Oprasnych

87 2421 228 2503 judicem
252 2423 410 2484 seniorem
436 2436 482 2484 est
507 2437 594 2483 mota
610 2441 707 2504 super
736 2421 875 2502 quadam
894 2421 1099 2502 obligaeione
1123 2421 1251 2484 Nicolai
1268 2423 1353 2506 Vyd-

87 2528 221 2614 kowych
247 2529 385 2610 privigni
403 2529 503 2610 ipsius
520 2528 687 2590 Michaelis
708 2527 909 2610 Oprasnych,
927 2547 1025 2609 quam
1040 2525 1159 2590 fecerat
1183 2548 1258 2590 cum
1276 2549 1355 2611 quo·

89 2633 162 2695 dam
188 2635 353 2696 Jeronimo
379 2635 536 2696 Palamini
562 2634 621 2716 ipsi
645 2634 779 2696 domino
809 2633 905 2697 Gallo
930 2653 988 2716 pro
1011 2633 1081 2697 flor.
1106 2635 1231 2716 viginti,
1257 2655 1354 2718 quam

90 2760 251 2801 summam
277 2741 411 2822 pecunie
439 2739 579 2822 prelatus
604 2739 717 2802 Gallus
733 2741 888 2822 presbiter
911 2741 954 2802 ob
970 2740 1223 2803 condescensum
1248 2762 1353 2804 rerum

89 2845 203 2928 prelati
231 2847 356 2907 Nicolai
381 2847 607 2929 Wydkowych
633 2847 672 2907 ad
706 2846 845 2908 eundem
879 2846 1072 2908 Michaelem
1098 2847 1291 2931 Oprasnych
1316 2850 1355 2910 ab

89 2951 204 3013 eodem
230 2954 404 3033 repetebat,
428 2952 483 3012 sed
505 2952 660 3032 quoniam
677 2949 818 3034 prefatus
842 2952 1025 3013 leronimus
1043 2953 1200 3014 Palamini
1226 2955 1356 3016 miserat

89 3057 244 3138 quasdam
269 3057 376 3118 literas
392 3077 464 3118 suas
490 3058 548 3138 ipsi
567 3057 700 3118 domino
726 3056 823 3119 Gallo
841 3058 960 3138 quibus
983 3077 1015 3118 se
1034 3064 1205 3122 excusabat
1229 3059 1269 3121 de
1287 3074 1354 3121 toto

89 3163 210 3241 debito,
235 3183 377 3225 asserens
394 3163 482 3244 quod
504 3183 577 3224 cum
595 3176 806 3224 reverteretur
823 3161 907 3224 lacto
925 3176 1078 3244 computo
1103 3162 1241 3225 domino
1259 3163 1354 3226 Gallo

89 3271 214 3331 solvere
239 3269 345 3348 vellet,
368 3269 462 3348 jurati
480 3269 706 3351 adjudicarunt
719 3269 806 3351 juxta
823 3269 952 3330 easdem
973 3269 1081 3330 literas
1105 3283 1140 3330 ut
1164 3268 1264 3349 judex
1281 3271 1354 3331 civi·

88 3377 161 3438 tatis
192 3378 251 3438 sub
283 3396 341 3438 suo
372 3376 480 3457 sigillo
512 3389 667 3437 annotato
701 3376 866 3437 leronimo
899 3374 1007 3437 literas
1039 3374 1180 3436 mitteret
1213 3375 1353 3457 petendo

90 3483 228 3545 eundem
258 3497 290 3544 ut
314 3482 452 3544 fideliter
477 3483 664 3544 rescriberet
688 3502 727 3542 an
746 3480 904 3562 prefatum
929 3480 1102 3542 Nicolaum
1127 3479 1352 3564 Wydkowych

90 3591 122 3651 in
147 3590 205 3651 hac
240 3610 273 3652 re
306 3589 422 3651 faceret
454 3609 547 3650 suum
580 3588 824 3650 condebitorem
857 3600 888 3649 et
911 3587 936 3647 si
969 3586 1029 3648 hoc
1054 3587 1226 3668 negocium
1259 3586 1298 3648 ad
1322 3605 1360 3646 se

90 3698 312 3779 assumpsisset
325 3698 376 3758 vel
394 3717 478 3773 non;
496 3716 589 3758 causa
605 3709 711 3756 autem
730 3695 839 3776 quoad
856 3695 946 3754 litere
964 3693 1121 3771 venirent,
1138 3692 1363 3775 supersedeat.

196 3804 273 3865 ltem
298 3804 410 3866 eadem
443 3803 494 3864 die
527 3800 766 3884 Krachewycha
799 3801 839 3862 ad
871 3799 1059 3861 instanciam
1092 3797 1211 3861 Mathei
1238 3801 1362 3881 Bosys-

90 3911 221 3971 kowecz
245 3910 387 3971 secundo
412 3911 505 3970 citata
530 3928 595 3970 non
621 3908 810 3990 comparuit.
