3156 5364
395 519 481 576 Anno
503 529 591 593 1515.
617 550 658 560 —
682 513 734 578 28.
758 520 880 598 augusti
904 552 944 561 -
969 515 1020 580 16.
1044 519 1213 580 novembris.
1375 536 1438 601 207

275 731 400 793 Eodem
426 729 478 791 die
504 729 656 790 dominus
679 729 775 810 judex
800 730 889 791 dedit
909 732 1083 792 terminum
1110 731 1239 792 Thome
1264 731 1363 792 sutori
1389 744 1434 792 at·

175 849 284 915 tracto,
310 835 424 897 feriam
441 848 562 898 sextam
587 835 766 918 proximam
792 850 865 917 post
882 836 1025 897 Simonis
1049 849 1080 898 et
1097 836 1178 898 Jude
1202 837 1434 918 apostolorum,

173 958 206 1005 ut
229 962 358 1005 socrum
383 962 473 1004 suam
499 942 630 1004 duceret
654 942 711 1003 illo
728 942 780 1004 die
805 942 878 1021 huc,
902 957 937 1004 ut
954 943 1103 1024 probaret
1120 944 1327 1021 contrarium,
1344 944 1433 1025 quod

172 1050 307 1132 pecunia
332 1050 392 1111 sibi
411 1049 483 1111 data
509 1069 573 1110 non
592 1063 674 1110 esset
699 1049 823 1110 domini
842 1049 993 1131 Gasparis
1011 1049 1065 1110 sed
1091 1050 1190 1132 ipsius
1207 1070 1293 1112 cuce.
1312 1050 1435 1111 Eodem

171 1155 220 1220 die
245 1156 348 1218 eciam
374 1156 518 1238 partibus
541 1155 698 1216 terminus
728 1155 821 1217 datus
844 1156 885 1217 ad
917 1155 1075 1238 prefatum
1101 1156 1188 1218 diem
1221 1170 1256 1218 ut
1280 1156 1436 1239 produce·

172 1277 240 1326 rent
263 1263 358 1346 plura
382 1262 578 1340 testimonia,
602 1261 628 1322 si
657 1281 720 1343 que
745 1261 910 1324 haberent.

276 1369 355 1433 Item
388 1369 466 1431 feria
498 1383 584 1432 sextu
617 1370 764 1452 proxima
795 1382 868 1431 ante
894 1370 1022 1431 Martini
1055 1370 1209 1453 episcopi,
1241 1371 1340 1433 tercio
1365 1390 1438 1453 pro-

171 1477 258 1539 duxit
283 1475 436 1538 dominus
461 1475 585 1558 Gaspar
608 1476 839 1558 prebendarius
861 1476 949 1537 chori
974 1476 1190 1556 zagrabiensis
1214 1477 1437 1538 testimonium

172 1584 321 1646 videlicet
338 1584 518 1646 iohannem
545 1583 653 1665 Synek
670 1583 772 1644 civem
798 1583 1115 1663 Montisgrecensem,
1144 1584 1199 1665 qui
1224 1584 1320 1646 dixit:
1346 1583 1435 1665 quod

173 1708 242 1752 curn
276 1709 334 1772 per
366 1709 440 1751 eum
465 1688 529 1769 jam
562 1689 712 1750 absono
744 1689 843 1751 tercio
872 1689 904 1750 in
937 1688 1070 1750 domum
1097 1689 1226 1751 Thome
1251 1690 1368 1751 sutoris
1391 1690 1432 1752 ud

173 1793 348 1857 bibendum
375 1810 507 1856 vocotus
532 1793 655 1874 fuisset,
680 1795 723 1856 ibi
749 1795 920 1857 creditum·
938 1794 1087 1856 videlicet
1111 1808 1239 1856 centum
1265 1810 1295 1857 et
1319 1796 1438 1877 viginti

171 1900 362 1963 ducatorum
399 1921 416 1963 a
453 1901 583 1963 Thomu
617 1916 725 1964 sutore
764 1916 910 1984 expetere
947 1902 1049 1983 cepit,
1082 1902 1136 1983 qui
1170 1902 1316 1963 Thomas
1349 1903 1438 1983 dixit,

170 2025 246 2086 non,
272 2020 397 2069 tantum
422 2022 546 2086 teneor,
571 2009 627 2069 sed
664 2022 812 2084 centum;
837 2009 897 2070 hoc
921 2007 1007 2069 idem
1032 2009 1072 2068 ab
1098 2027 1196 2068 uxore
1221 2028 1277 2069 sua
1303 2008 1382 2070 dixit
1405 2030 1438 2071 se

165 2113 345 2175 audivisse.

275 2217 355 2280 Item
380 2232 507 2299 quarto,
532 2218 685 2281 dominus
711 2220 834 2303 Gaspar
866 2220 1019 2303 produxit
1042 2221 1265 2282 testimonium
1290 2223 1440 2286 videlicet

160 2321 249 2386 feria
275 2339 364 2387 sexte
388 2326 534 2406 proxima
567 2341 639 2388 ante
672 2325 787 2388 festum
816 2327 995 2405 Elizuketh,
1020 2340 1051 2389 et
1083 2325 1185 2388 fassus
1209 2342 1265 2407 est,
1289 2330 1440 2394 videlicet

158 2429 333 2512 Georgius
350 2431 464 2510 Zeuer,
486 2433 574 2513 quod
591 2434 631 2494 ad
649 2433 784 2495 domum
801 2433 934 2516 sepefati
953 2435 1082 2497 Thome
1101 2437 1218 2499 sutoris
1242 2458 1298 2520 per
1314 2439 1438 2500 dictum

155 2536 341 2599 dominum
368 2537 548 2621 Gaspurum
578 2555 709 2601 vocatus
733 2539 853 2619 fuisset,
887 2541 996 2622 ibique
1028 2543 1112 2624 cepit
1137 2542 1289 2605 dominus
1314 2544 1440 2626 Gasper

152 2642 318 2706 debitum
343 2658 532 2726 expeterea
566 2645 706 2724 Thomu,
738 2660 769 2708 et
793 2647 833 2708 de
866 2647 977 2708 debito
1003 2666 1138 2728 querere
1169 2663 1327 2729 quantum
1351 2663 1439 2713 tene-

152 2764 266 2828 retur,
291 2749 348 2830 qui
373 2749 453 2812 dixit
478 2766 606 2812 centum
632 2751 703 2814 flor.
