3142 5356
290 566 367 628 ltem
393 564 556 627 lohannes
580 563 708 648 Gracyn
741 579 771 626 et
796 564 928 626 domina
953 563 1121 626 Francisca
1146 561 1305 624 dederuut
1328 576 1441 626 terram

183 693 295 736 eorum
322 674 354 734 in
380 671 620 735 Chernomerch
645 672 783 733 lohanni
801 671 939 733 condam
963 669 1061 750 judici
1086 668 1173 730 dicto
1191 669 1350 748 Boletich,
1369 684 1446 732 tem·
1500 692 1551 706 ⁶

187 799 265 862 pore
290 778 365 840 dicti
395 778 560 841 Johannia.

292 885 370 947 item
395 886 471 966 quia
496 885 653 946 Martinus
676 882 761 946 filius
785 884 933 967 Dyonisii
956 882 988 944 id
1013 882 1247 964 comprobavit,
1270 881 1361 963 quod
1378 878 1452 942 Scol
1463 876 1536 937 Ἰ
1552 870 1569 934 ⁴l

184 990 279 1055 frater
310 1012 386 1054 suus
410 992 470 1053 sibi
500 993 627 1053 vineam
660 1011 733 1053 cum
766 991 907 1072 virgulto
938 990 1119 1072 legivisset,
1152 988 1226 1051 ideo
1250 990 1311 1051 aibi
1346 989 1451 1051 literas
1478 1005 1571 1045 22

185 1113 291 1160 nostre
315 1098 554 1159 communitatis
578 1097 739 1175 dedimus,
762 1110 908 1178 tempore
933 1095 1100 1158 Johannia.

289 1204 367 1266 Item
400 1204 577 1285 Gregorius
601 1204 704 1266 dictus
733 1202 854 1266 Osuraa
886 1203 1004 1265 emita
1029 1202 1124 1263 Petro
1156 1199 1324 1262 sacerdote
1359 1196 1450 1281 Segel
1478 1194 1520 1257 Ῑ
1540 1214 1563 1252 =

186 1311 272 1373 dicto
296 1326 327 1372 et
351 1311 482 1372 domina
508 1311 609 1372 Elena
634 1324 780 1372 consorte
813 1330 869 1372 sua
894 1328 993 1371 unum
1029 1306 1177 1386 fundum,
1200 1321 1350 1390 tempore
1374 1303 1449 1366 dicti
1480 1300 1519 1361 i
1539 1297 1570 1357 ἒ

190 1419 355 1481 Johannis.

294 1525 371 1586 Item
398 1525 492 1608 Myke
517 1523 656 1606 Bulsych
674 1523 820 1586 vendidit
843 1524 981 1602 vineam,
1006 1523 1247 1604 virgultumque
1272 1518 1390 1581 Paulas
1405 1516 1515 1599 ju-
1538 1529 1569 1566 Α·

194 1646 273 1710 rato,
297 1645 443 1712 tempore
468 1631 543 1691 dicti
569 1629 735 1695 lobannis.

295 1737 372 1799 ltem
390 1737 505 1798 Paulas
522 1737 655 1798 donavit
672 1737 799 1798 vineam
816 1755 907 1798 suam
924 1735 1020 1796 simul
1038 1755 1112 1797 cum
1128 1733 1270 1815 virgulto
1287 1746 1319 1793 et
1335 1745 1449 1794 terram
1462 1735 1564 1787 ι’]

188 1863 279 1905 suam
315 1856 453 1924 quatuor
486 1843 588 1905 dietas
622 1856 653 1903 et
684 1861 785 1904 unum
810 1840 918 1919 fenile,
950 1856 1097 1923 tempore
1129 1839 1288 1922 judicatus
1321 1831 1495 1921 predictii
1512 1821 1563 1884 3³

191 1948 355 2010 lohaunis.

295 2055 373 2115 Item
407 2054 551 2115 Andreas
582 2068 683 2116 sartor
712 2053 846 2116 donavit
878 2052 998 2115 Mathie
1031 2067 1062 2114 et
1093 2050 1287 2133 Magdalene
1311 2047 1376 2110 filie
1400 2049 1560 2109 sue&e

190 2160 330 2223 mediam
356 2160 476 2221 curiam
501 2161 597 2222 simul
621 2180 694 2222 cum
719 2160 861 2239 cellario,
885 2174 1030 2242 tempore
1060 2157 1215 2220 iohannis
1238 2155 1367 2237 judicis.

296 2267 375 2327 Item
400 2265 563 2328 lohannes
586 2280 674 2328 sutor
691 2266 864 2327 Valentino
888 2266 988 2327 sutori
1011 2283 1108 2326 unam
1132 2276 1281 2345 quartam
1297 2259 1507 2323 vendidit..-
1538 2261 1551 2302 '-

295 2373 373 2434 Item
408 2373 489 2433 inter
523 2372 700 2454 Gyurgiam
732 2373 876 2434 relictam
909 2387 940 2434 et
972 2371 1064 2433 Duch
1096 2369 1199 2432 filium
1223 2388 1331 2447 suum,
1363 2368 1545 2429 vineass

191 2479 333 2560 ipsorum
360 2478 460 2538 divisa
479 2478 539 2538 luit
562 2479 617 2539 tali
636 2480 746 2559 modo,
765 2479 909 2561 Gyurgie
929 2498 1001 2540 cum
1022 2477 1121 2538 Paulo
1139 2476 1202 2538 due
1227 2488 1344 2558 partes,
1359 2474 1539 2535 tercia!

191 2605 262 2667 pars
286 2604 344 2665 pro
370 2584 461 2644 Duch
486 2584 589 2662 cessit,
613 2598 758 2667 tempore
789 2584 945 2646 iohannis
969 2584 1093 2664 judicis.

297 2691 373 2751 Item
392 2689 554 2750 lohannes
578 2691 675 2751 Pazar
692 2691 888 2753 condonavit
909 2690 1046 2752 fundum
1064 2707 1157 2751 suum
1182 2706 1278 2748 unam
1305 2701 1452 2767 quartam

191 2797 356 2858 Hermann
379 2797 488 2876 generi
514 2810 544 2857 et
568 2801 660 2856 Anne
685 2796 749 2858 filie
773 2798 848 2875 suis,
881 2813 1025 2879 tempore
1051 2794 1206 2857 lobannis
1230 2792 1355 2874 judicis.

297 2903 373 2963 item
407 2902 563 2963 Martinus
593 2902 740 2984 Dyonisii
772 2903 918 2964 vendidit
950 2903 1078 2964 vineam
1110 2920 1200 2962 suam
1233 2899 1370 2961 domino
1396 2897 1455 2959 Mi·

191 3009 277 3070 clino
302 3008 411 3087 judici.

299 3113 376 3174 ltem
410 3114 525 3174 divisio
558 3114 639 3174 inter
665 3113 842 3196 Gyurgiam
867 3130 897 3175 et
922 3114 1012 3176 Duch
1038 3113 1140 3176 filium
1172 3132 1266 3175 suum
1290 3112 1346 3190 ita,
1368 3110 1456 3193 quod

192 3222 254 3282 due
279 3234 385 3302 partes
402 3220 519 3280 domus
536 3235 566 3280 et
583 3220 702 3281 cellarii
721 3222 814 3281 cessit
831 3219 973 3304 Gyurgie
991 3235 1022 3282 et
1040 3221 1153 3299 Paulo,
1169 3219 1266 3281 tercia
1280 3238 1339 3300 pro
1354 3217 1456 3280 Duclr.

297 3327 373 3387 Item
409 3327 517 3387 relicta
550 3327 678 3387 Andree
710 3327 855 3388 vendidit
888 3327 1046 3408 Gregorio
1082 3325 1149 3388 filio
1181 3325 1331 3408 Dyonisii
1359 3344 1456 3386 unam

193 3447 350 3515 quartam.

298 3540 377 3601 Item
410 3541 484 3620 quia
510 3541 541 3599 in
574 3553 766 3602 testamento
795 3541 932 3602 condam
965 3540 1123 3602 Anthonii
1158 3539 1292 3623 Jursych
1317 3540 1459 3602 vidimus

192 3648 360 3725 contineri,
385 3648 471 3728 quod
497 3647 564 3728 ipse
589 3667 740 3728 magnam
764 3668 856 3709 suam
873 3649 1001 3709 vineam
1026 3647 1169 3728 Georgio
1194 3660 1226 3708 et
1250 3645 1354 3709 Elene
1370 3647 1458 3728 lega·

191 3755 298 3831 visset,
323 3754 440 3835 quibus
465 3753 570 3813 literas
603 3753 762 3832 dedimus,
795 3754 868 3815 ideo
900 3767 1024 3815 sextum
1057 3753 1213 3815 cubulum
1236 3767 1346 3815 nostre
1371 3772 1458 3815 com·

191 3861 339 3922 munitati
366 3860 441 3920 dare
465 3861 671 3937 tenebuntur,
694 3872 840 3940 tempore
865 3859 1030 3923 iohannis.

297 3968 374 4028 ltem
399 3966 594 4028 condonavit
625 3965 787 4027 lohannes
818 3965 903 4027 filius
928 3967 1010 4027 Petri
1043 3965 1181 4027 condam
1204 3964 1301 4046 judex
1327 3980 1456 4048 partem

191 4094 247 4136 sue
271 4075 365 4135 vinee
390 4074 560 4134 Leonardo
585 4074 708 4135 sartori.
