3142 5356
657 424 906 431 —-——..——--

258 530 337 592 Item
362 531 529 592 Emericus
554 531 674 611 Purgar
697 528 844 591 vendidit
861 529 988 591 vineam
1012 549 1102 591 suam
1128 528 1258 590 Andree
1282 542 1314 591 et
1339 527 1417 590 Gre-

154 637 246 718 gorio
271 635 345 698 fiIiis
369 637 521 719 chhey,
544 650 690 718 tempore
716 635 792 697 dicti
816 636 912 698 Petri.

258 743 335 805 Item
362 743 549 804 Leonardus
565 741 650 805 filius
668 743 846 804 sabastiani
863 742 1009 804 vendidit
1032 743 1125 803 vinee
1143 761 1198 804 sue
1226 741 1418 824 particulam

152 851 264 912 Kusko
289 849 329 911 de
355 847 514 927 Grachan,
539 864 684 931 tempore
709 848 784 910 dicti
810 848 905 910 Petri.

257 973 333 1035 Item
359 973 508 1035 dedimus
539 973 648 1034 literas
681 974 775 1035 Petro
806 973 919 1034 sartori
944 987 975 1034 et
1007 971 1149 1034 Maritha
1174 972 1313 1034 consorti
1348 992 1417 1050 sue,

150 1095 294 1163 tempore
313 1080 388 1142 dicti
415 1080 511 1159 Petri,
532 1098 627 1162 super
651 1077 788 1141 fundum
813 1093 844 1141 et
868 1079 1002 1140 domum
1028 1094 1186 1140 muratam
1211 1098 1268 1161 per
1292 1078 1417 1140 Antho-

151 1187 240 1248 nium
266 1186 400 1269 Jursych
426 1187 501 1268 ipsis
524 1186 646 1267 legatis.

256 1293 334 1354 Item
362 1292 501 1354 Bedicha
526 1291 665 1353 carnifex
690 1291 836 1353 vendidit
853 1290 1011 1372 Gregorio
1028 1291 1140 1352 sartori
1165 1291 1329 1373 quandam
1346 1309 1417 1372 par·

148 1400 280 1462 ticulem
304 1397 394 1461 fundi
421 1399 512 1460 liberi
538 1398 699 1476 adacert0,
723 1413 869 1480 tempore
894 1398 969 1458 dicti
995 1398 1090 1460 Petri.

255 1507 332 1567 Item
352 1505 498 1567 Thomas
513 1520 602 1567 sutor
625 1505 772 1566 vendidit
788 1525 881 1566 suum
901 1506 932 1565 In
955 1504 1027 1564 vico
1053 1504 1259 1565 Teutonicali
1278 1501 1416 1565 fundum

151 1612 315 1695 Stephano
340 1614 441 1690 Iabr0,
465 1626 610 1694 tempore
636 1611 711 1673 dicti
738 1611 832 1673 Petri.

256 1738 334 1800 Item
360 1736 477 1819 Gyuan
502 1734 586 1797 filius
611 1735 777 1797 Benedicti
809 1755 882 1796 cum
908 1733 966 1796 fuit
998 1734 1105 1815 judex,
1129 1748 1205 1796 tuuc
1230 1733 1418 1795 Anthonius

154 1844 288 1927 Jursych
313 1843 457 1904 vendidit
480 1857 596 1904 terram
622 1861 711 1903 suam
732 1842 884 1903 arabilem
904 1841 1068 1922 quandam
1094 1841 1187 1904 Petro
1211 1860 1332 1922 genero
1357 1860 1417 1901 suo

151 1965 182 2013 et
206 1951 343 2032 sigillate
367 1963 440 2010 sunt
463 1948 554 2010 litere
578 1963 723 2029 tempore
748 1948 824 2008 dicti
850 1947 944 2010 Petri.

254 2057 331 2117 Item
359 2054 505 2138 Mychael
530 2053 614 2115 filius
640 2054 799 2135 Damyani
825 2052 885 2115 fuit
899 2051 1002 2116 fassus
1025 2074 1058 2115 se
1083 2051 1268 2114 vendidisse
1285 2051 1417 2113 vlneam

148 2182 238 2224 suam
265 2164 378 2240 Jakou,
402 2176 547 2243 tempore
572 2160 648 2221 dicti
675 2160 770 2221 Petri.

254 2268 332 2331 Item
357 2269 490 2330 domina
515 2267 716 2348 Margaretha
733 2267 845 2328 relicta
871 2266 1031 2350 Dolasych
1055 2265 1114 2329 fuit
1139 2265 1220 2328 lassa
1243 2285 1276 2327 se
1301 2266 1417 2327 vendi·

149 2374 233 2436 disse
266 2376 428 2456 quandam
462 2389 577 2436 terram
610 2393 701 2434 suam
733 2374 887 2436 arabilem
919 2373 1054 2435 domino
1087 2373 1225 2435 Iohanni
1256 2371 1418 2451 Boletich,

147 2494 291 2563 tempore
317 2481 392 2542 dicti
418 2481 514 2542 Petri.

254 2604 330 2666 Item
357 2604 430 2665 Ivan
454 2603 540 2665 filius
565 2604 726 2665 Renkonis
759 2617 790 2666 et
814 2603 975 2686 Georgius
1007 2623 1044 2665 ac
1077 2601 1224 2686 Mychael
1247 2600 1306 2664 filii
1333 2602 1415 2665 Gre-

146 2710 229 2791 gorii
265 2710 480 2771 vendiderunt
515 2708 652 2771 fundum
689 2711 832 2792 ipsorum
870 2711 975 2794 Matey
1011 2709 1229 2792 carpentario,
1264 2721 1416 2792 tempore

147 2816 224 2877 dicti
249 2817 345 2879 Petri.

253 2922 329 2985 Item
356 2923 505 2985 dedimus
536 2924 643 2985 literas
674 2924 806 2985 domine
838 2923 948 2984 Katrie
972 2941 1069 3005 super
1100 2941 1196 2983 unam
1221 2923 1413 3005 particulam

145 3025 235 3090 fundi
260 3030 371 3108 nostri,
396 3030 562 3091 cellarium
588 3050 653 3091 uno
678 3049 751 3091 cum
776 3029 884 3091 medio
911 3029 1042 3091 brachio
1067 3027 1182 3108 ferreo,
1206 3029 1314 3091 literas
1331 3045 1413 3092 tem·

147 3155 224 3216 pore
250 3136 324 3197 dicti
351 3137 445 3198 Petri.

253 3243 331 3304 Item
356 3243 546 3305 Dominicus
579 3244 679 3305 Senar
712 3243 858 3305 vendidit
890 3263 986 3304 unam
1020 3245 1210 3325 particulam
1234 3256 1317 3306 tetre
1344 3263 1412 3322 sue,

145 3349 233 3430 quod
258 3369 384 3430 semper
409 3351 550 3410 medium
577 3350 646 3410 flor.
672 3350 761 3412 dabit
785 3350 824 3410 de
849 3350 973 3428 eadem,
997 3364 1144 3433 tempore
1168 3349 1244 3412 dicti
1270 3350 1366 3412 Petri.

251 3475 328 3536 Item
354 3474 504 3535 dedimus
538 3494 633 3535 unam
667 3475 776 3555 lopam
808 3494 863 3534 seu
888 3475 1064 3535 stacionem
1091 3474 1184 3536 Petro
1216 3472 1411 3555 gladipario,

146 3581 233 3663 quod
258 3600 384 3663 semper
408 3600 509 3642 unum
536 3580 602 3642 flor.
622 3580 710 3640 dabit
727 3593 758 3641 et
775 3580 1024 3641 amministrabit
1048 3595 1154 3642 nostre
1172 3581 1410 3659 communitati,

144 3702 289 3769 tempore
314 3688 390 3750 dicti
416 3688 511 3748 Petri.

250 3795 328 3855 Item
361 3795 510 3855 dedimus
546 3794 653 3854 literas
683 3806 805 3854 nostras
838 3793 972 3877 Symoni
997 3792 1065 3855 filio
1098 3792 1290 3875 Chepernya
1314 3813 1411 3876 super

145 3920 240 3961 unam
267 3908 383 3963 terram
409 3901 575 3979 arabilem,
600 3915 745 3981 tempore
770 3900 845 3960 dicti
871 3901 965 3961 Petri.

251 4025 327 4086 Item
360 4026 491 4087 domIna
524 4026 608 4086 Mala
640 4025 749 4086 relicta
782 4025 920 4085 condam
952 4025 1040 4086 Pauli
1075 4023 1189 4085 literati
1214 4022 1253 4084 de
1287 4023 1408 4108 Srycha

145 4131 289 4193 vendidit
321 4153 414 4193 suum
439 4132 592 4213 (h)0rtum
619 4133 754 4193 Nicolao
787 4132 825 4191 de
851 4131 1008 4210 Chichan,
1031 4145 1178 4213 tempore
1210 4130 1286 4192 dicti
1313 4131 1408 4193 Petri.

250 4239 327 4301 Item
353 4239 457 4301 Volek
484 4240 666 4301 Demetrius
688 4238 833 4299 vendidit
850 4236 984 4298 fundum
1010 4258 1103 4300 suum
1129 4238 1257 4299 Andree
1282 4239 1408 4317 sartori,

144 4358 289 4428 tempore
315 4347 390 4408 dicti
417 4347 511 4408 Petri.

251 4452 328 4514 Item
354 4453 513 4515 Jacobech
531 4453 619 4514 dedit
641 4453 767 4512 vineam
786 4452 1048 4513 concambialiter
1073 4472 1131 4534 pro
1148 4452 1247 4513 domo
1272 4451 1409 4515 domino

144 4558 313 4621 Leonardo
337 4561 488 4642 episcopo
514 4560 692 4640 Segniensi,
716 4573 861 4641 tempore
886 4559 959 4620 dicti
986 4559 1082 4620 Petri.

250 4684 327 4746 Item
352 4690 446 4746 Anna
469 4685 577 4746 relicta
604 4685 732 4766 Endrey
762 4704 899 4745 unacum
933 4684 1060 4745 Andrea
1085 4683 1151 4745 filio
1175 4702 1234 4745 suo
1259 4684 1408 4745 vendidit

143 4806 259 4854 terram
283 4812 373 4853 suam
399 4791 551 4854 arabilem
578 4791 704 4870 Paulas,
728 4805 873 4873 tempore
892 4791 967 4851 dicti
994 4791 1088 4853 Petri.
