3142 5356
482 497 568 554 Anno
591 492 685 573 1482.
711 531 752 539 —
777 490 808 556 8.
832 497 942 556 martii.

536 707 730 791 Stephanus.

534 814 695 896 Georgius
719 814 947 897 carpentarius.

535 921 666 985 Gwrk0.

534 1028 702 1090 Martinus.

533 1134 688 1197 Nicolaus
711 1153 832 1216 sporar.

536 1241 746 1322 Augustinus.

538 1347 689 1430 Mykwla.

536 1453 666 1515 Paulus.

536 1559 723 1641 Gregorius.

533 1667 655 1728 Petrus.

536 1773 682 1836 Mathias.

536 1879 659 1942 Gallus.

531 1987 653 2048 Petrus.

531 2092 707 2154 Emericus.

534 2199 642 2281 Jwrgh
668 2199 835 2262 Almanus.

56 2404 161 2478 Feria
192 2416 289 2475 sexta
318 2406 474 2493 proxima
504 2410 582 2474 ante
611 2403 813 2474 dominicam
839 2399 943 2486 (lculi,
972 2420 1057 2472 anno
1086 2403 1332 2491 suprascripto.

594 2553 642 2630 (8.
674 2555 805 2625 martii).

172 2698 207 2759 ln
233 2718 326 2760 causa
353 2699 435 2759 inter
460 2697 669 2759 Dominicum
690 2697 852 2759 Perowicz
876 2696 1016 2778 judicem
1033 2696 1109 2758 anni
1134 2697 1276 2778 preteriti
1301 2709 1333 2757 et

59 2806 222 2869 Mathiam
247 2819 402 2867 sartorem
426 2804 543 2865 Radlin
576 2803 708 2883 dictum,
736 2803 823 2885 juxta
853 2802 1132 2884 adjudicacionem
1164 2803 1333 2865 seniorum

61 2912 209 2996 prelatus
243 2912 381 2974 Mathias
411 2924 513 2972 sartor
542 2924 715 2972 metsextus
746 2911 897 2972 videlicet
927 2929 1000 2972 cum
1019 2909 1174 2994 Dyonisio
1199 2924 1334 2988 sartore‚

63 3019 234 3081 Anthonio
258 3033 390 3096 sarton,
416 3017 581 3079 Demetrio
603 3030 736 3094 sartore‚
764 3018 946 3099 Augustino
967 3029 1087 3078 sartore
1111 3030 1143 3078 et
1166 3016 1333 3078 Marchecz

65 3139 175 3187 sutore
199 3123 274 3187 leria
300 3125 397 3187 tercia
422 3124 454 3185 in
480 3122 561 3185 festo
585 3124 750 3186 Vincencii
777 3124 915 3186 martiris
932 3123 1076 3205 proxime
1101 3124 1254 3204 preterito
1278 3123 1333 3184 de·

70 3232 177 3312 posuit
199 3231 416 3312 juramentum
440 3230 608 3312 corporale
633 3231 665 3291 in
690 3231 823 3293 ecclesia
847 3230 949 3293 sancti
973 3230 1073 3291 Marci
1100 3230 1131 3291 in
1157 3250 1210 3292 ara
1226 3244 1334 3292 sancte

75 3335 185 3398 Crucis
207 3353 316 3400 contra
341 3336 501 3420 prelatum
524 3335 737 3400 Dominicum
764 3337 926 3399 Perowicz
954 3339 1115 3400 seniorem
1138 3337 1278 3419 judicem
1304 3351 1334 3399 et

80 3444 254 3523 expurgavit
278 3464 312 3506 se
337 3443 377 3504 de
402 3444 553 3505 omnibus
577 3443 721 3525 illisque
742 3442 883 3526 prelatus
902 3444 1091 3505 Dominicus
1114 3444 1222 3505 senior
1237 3442 1333 3524 judex

84 3544 138 3606 ribi
158 3548 324 3628 objecerat.

178 3654 313 3717 Causam
328 3656 411 3718 inter
428 3656 556 3718 Petrum
575 3676 685 3738 sporar
702 3670 732 3718 et
750 3657 865 3735 Mirlr0,
883 3655 1097 3736 Clementem,
1114 3657 1332 3739 Augustinum

95 3765 120 3812 et
139 3756 237 3824 Ztansa
262 3762 391 3824 racione
416 3762 575 3824 evasionis
599 3763 787 3824 Turkorum
818 3761 912 3843 jurati
944 3763 1219 3845 adjudicaverunt,
1244 3763 1332 3844 quod

98 3853 185 3926 Petrus
212 3888 323 3950 sporar
353 3868 469 3929 debeat
501 3869 662 3951 deponere
686 3869 902 3951 juramentum
934 3870 1101 3951 corporale
1136 3870 1169 3931 in
1200 3869 1334 3932 ecclesia

101 3970 174 4031 sancti
197 3974 293 4036 Marci
320 3974 352 4035 in
376 3994 430 4036 ara
461 3987 568 4037 sancte
593 3974 706 4038 Crucis
738 3976 922 4037 mettercius
953 3976 1042 4057 quod
1073 3977 1139 4059 ipse
1164 3996 1229 4038 non
1255 3976 1335 4038 dixit

103 4064 186 4137 sitire
207 4079 383 4142 dormitum
407 4079 540 4162 quando
564 4080 651 4142 solus
682 4081 835 4158 surrexit;
860 4096 891 4143 et
924 4082 1025 4163 ipsam
1058 4102 1187 4144 causam
1218 4080 1333 4164 prelati

105 4167 181 4242 erko
201 4205 271 4246 cum
304 4185 399 4247 sociis
422 4185 488 4247 suis
520 4186 765 4268 appellaverunt
796 4187 836 4248 ad
869 4189 1029 4266 seniores;
1053 4202 1084 4250 et
1108 4187 1204 4251 debet
1228 4187 1333 4269 jurare

106 4269 160 4344 leria
177 4307 256 4353 sexta
280 4305 354 4374 post
377 4306 506 4354 octavas
530 4292 626 4353 Pasce
650 4307 830 4374 sequentes.

181 4395 315 4460 Causam
341 4398 424 4460 inter
447 4397 611 4460 Andream
636 4399 816 4460 Mosnaricz
848 4414 878 4462 et
904 4399 1032 4461 Petrum
1065 4399 1176 4462 Plusar
1199 4401 1331 4464 racione

105 4489 234 4566 cuiusdam
253 4523 348 4566 vacce
367 4504 398 4565 in
421 4504 597 4586 muscipela
615 4505 816 4588 interempte‚
833 4504 926 4586 jurati
944 4504 1220 4586 adjudicaverunt,
1244 4507 1333 4588 quod

105 4600 212 4674 prelatus
230 4611 378 4674 Andreas
402 4611 582 4673 Mosnaricz
607 4612 730 4674 solvere
763 4612 858 4674 debet
881 4611 1087 4674 medietatem
1112 4613 1212 4695 ipsius
1235 4634 1332 4677 vacce

103 4720 147 4782 9¹0
163 4733 204 4796 eo,
228 4717 316 4799 quod
343 4715 469 4779 loveam
494 4717 527 4779 in
560 4737 624 4799 qua
648 4733 694 4779 est
718 4719 908 4800 interempta
933 4719 1000 4800 ipse
1024 4719 1171 4781 Andreas
1195 4739 1260 4781 non
1288 4719 1333 4783 le·

102 4826 164 4881 cerat
183 4825 305 4887 munire
330 4838 362 4886 et
385 4822 584 4886 circumdare
613 4844 685 4886 cum
710 4822 845 4906 lalangis
877 4839 907 4886 et
931 4826 1102 4887 roboribus
1135 4827 1180 4887 uri
1212 4827 1333 4908 promi·

97 4934 161 4986 teret
189 4943 218 4992 et
248 4929 356 4993 eidem
387 4927 447 4992 luit
477 4930 686 4992 commissum
718 4950 775 5012 per
798 4928 955 5013 prefatum
982 4932 1129 5011 Petrum3
1153 4933 1334 5018 predictam

93 5042 198 5096 “utem
221 5035 368 5098 Andreas
391 5035 569 5119 appellarit
596 5036 638 5098 ad
658 5037 809 5103 seniores.
