<?xml version="1.0" encoding="UTF-8"?>
<!DOCTYPE html PUBLIC "-//W3C//DTD XHTML 1.0 Transitional//EN"
    "http://www.w3.org/TR/xhtml1/DTD/xhtml1-transitional.dtd">
<html xmlns="http://www.w3.org/1999/xhtml" xml:lang="en" lang="en">
 <head>
  <title>
</title>
<meta http-equiv="Content-Type" content="text/html;charset=utf-8" />
  <meta name='ocr-system' content='tesseract 3.04.00' />
  <meta name='ocr-capabilities' content='ocr_page ocr_carea ocr_par ocr_line ocrx_word'/>
</head>
<body>
  <div class='ocr_page' id='page_1' title='image "./monumentahistor17laszgoog_0652.png"; bbox 0 0 3156 5364; ppageno 0'>
   <div class='ocr_carea' id='block_1_1' title="bbox 654 351 1387 434">
    <p class='ocr_par' dir='ltr' id='par_1_1' title="bbox 654 351 1387 434">
     <span class='ocr_line' id='line_1_1' title="bbox 654 351 1387 434; baseline 0.003 -4"><span class='ocrx_word' id='word_1_1' title='bbox 654 351 740 410; x_wconf 72' lang='lat' dir='ltr'>Anno</span> <span class='ocrx_word' id='word_1_2' title='bbox 763 365 856 430; x_wconf 74' lang='lat'><em>1434·</em></span> <span class='ocrx_word' id='word_1_3' title='bbox 1325 360 1387 434; x_wconf 74' lang='lat'>273</span> 
     </span>
    </p>
   </div>
   <div class='ocr_carea' id='block_1_2' title="bbox 120 560 1391 4790">
    <p class='ocr_par' dir='ltr' id='par_1_2' title="bbox 120 560 1390 1284">
     <span class='ocr_line' id='line_1_2' title="bbox 229 560 1388 643; baseline 0.001 -20"><span class='ocrx_word' id='word_1_4' title='bbox 229 562 307 624; x_wconf 85' lang='lat' dir='ltr'><strong>Item</strong></span> <span class='ocrx_word' id='word_1_5' title='bbox 332 563 546 625; x_wconf 89' lang='lat' dir='ltr'>communitas</span> <span class='ocrx_word' id='word_1_6' title='bbox 566 563 728 643; x_wconf 83' lang='lat' dir='ltr'><strong>quendam</strong></span> <span class='ocrx_word' id='word_1_7' title='bbox 747 560 885 623; x_wconf 82' lang='lat' dir='ltr'>fundum</span> <span class='ocrx_word' id='word_1_8' title='bbox 902 563 1077 624; x_wconf 86' lang='lat' dir='ltr'>liberorum</span> <span class='ocrx_word' id='word_1_9' title='bbox 1095 563 1233 624; x_wconf 87' lang='lat' dir='ltr'>condam</span> <span class='ocrx_word' id='word_1_10' title='bbox 1259 562 1388 624; x_wconf 86' lang='lat' dir='ltr'>Andree</span> 
     </span>
     <span class='ocr_line' id='line_1_3' title="bbox 122 667 1389 732; baseline 0 -2"><span class='ocrx_word' id='word_1_11' title='bbox 122 669 254 730; x_wconf 85' lang='lat' dir='ltr'>Zwilich</span> <span class='ocrx_word' id='word_1_12' title='bbox 282 670 313 731; x_wconf 90' lang='lat' dir='ltr'>in</span> <span class='ocrx_word' id='word_1_13' title='bbox 339 669 656 732; x_wconf 89' lang='lat' dir='ltr'>vicotheuthonicali</span> <span class='ocrx_word' id='word_1_14' title='bbox 683 669 765 730; x_wconf 88' lang='lat' dir='ltr'>inter</span> <span class='ocrx_word' id='word_1_15' title='bbox 783 667 901 730; x_wconf 84' lang='lat' dir='ltr'>fundos</span> <span class='ocrx_word' id='word_1_16' title='bbox 925 683 956 731; x_wconf 89' lang='lat' dir='ltr'>et</span> <span class='ocrx_word' id='word_1_17' title='bbox 980 669 1095 730; x_wconf 91' lang='lat' dir='ltr'>domos</span> <span class='ocrx_word' id='word_1_18' title='bbox 1118 668 1283 731; x_wconf 90' lang='lat' dir='ltr'>Valentini</span> <span class='ocrx_word' id='word_1_19' title='bbox 1300 687 1389 730; x_wconf 90' lang='lat' dir='ltr'>arcu·</span> 
     </span>
     <span class='ocr_line' id='line_1_4' title="bbox 121 775 1388 858; baseline 0 -21"><span class='ocrx_word' id='word_1_20' title='bbox 121 777 206 857; x_wconf 87' lang='lat' dir='ltr'>paris</span> <span class='ocrx_word' id='word_1_21' title='bbox 229 790 260 839; x_wconf 92' lang='lat' dir='ltr'>et</span> <span class='ocrx_word' id='word_1_22' title='bbox 285 775 419 858; x_wconf 87' lang='lat' dir='ltr'>Georgii</span> <span class='ocrx_word' id='word_1_23' title='bbox 444 776 585 854; x_wconf 90' lang='lat' dir='ltr'>cultoris,</span> <span class='ocrx_word' id='word_1_24' title='bbox 609 776 649 837; x_wconf 91' lang='lat' dir='ltr'>ab</span> <span class='ocrx_word' id='word_1_25' title='bbox 668 794 730 836; x_wconf 91' lang='lat' dir='ltr'>una</span> <span class='ocrx_word' id='word_1_26' title='bbox 755 789 855 857; x_wconf 90' lang='lat' dir='ltr'>parte,</span> <span class='ocrx_word' id='word_1_27' title='bbox 872 777 912 836; x_wconf 90' lang='lat' dir='ltr'>ab</span> <span class='ocrx_word' id='word_1_28' title='bbox 929 776 991 837; x_wconf 91' lang='lat' dir='ltr'>alia</span> <span class='ocrx_word' id='word_1_29' title='bbox 1016 795 1093 838; x_wconf 92' lang='lat' dir='ltr'>vero</span> <span class='ocrx_word' id='word_1_30' title='bbox 1117 776 1294 838; x_wconf 91' lang='lat' dir='ltr'>liberorum</span> <span class='ocrx_word' id='word_1_31' title='bbox 1311 793 1388 837; x_wconf 89' lang='lat' dir='ltr'>con-</span> 
     </span>
     <span class='ocr_line' id='line_1_5' title="bbox 122 881 1390 963; baseline 0 -21"><span class='ocrx_word' id='word_1_32' title='bbox 122 882 196 944; x_wconf 91' lang='lat' dir='ltr'>dam</span> <span class='ocrx_word' id='word_1_33' title='bbox 223 882 347 944; x_wconf 89' lang='lat' dir='ltr'>Malech</span> <span class='ocrx_word' id='word_1_34' title='bbox 381 882 514 944; x_wconf 86' lang='lat' dir='ltr'>cultoris</span> <span class='ocrx_word' id='word_1_35' title='bbox 538 881 693 960; x_wconf 91' lang='lat' dir='ltr'>habitum,</span> <span class='ocrx_word' id='word_1_36' title='bbox 727 901 824 943; x_wconf 86' lang='lat' dir='ltr'>unam</span> <span class='ocrx_word' id='word_1_37' title='bbox 857 896 1004 963; x_wconf 83' lang='lat' dir='ltr'>quartam</span> <span class='ocrx_word' id='word_1_38' title='bbox 1038 882 1069 944; x_wconf 93' lang='lat' dir='ltr'>in</span> <span class='ocrx_word' id='word_1_39' title='bbox 1094 902 1127 944; x_wconf 93' lang='lat' dir='ltr'>se</span> <span class='ocrx_word' id='word_1_40' title='bbox 1160 882 1390 960; x_wconf 89' lang='lat' dir='ltr'>continentem,</span> 
     </span>
     <span class='ocr_line' id='line_1_6' title="bbox 122 986 1389 1072; baseline -0.002 -22"><span class='ocrx_word' id='word_1_41' title='bbox 122 1009 179 1071; x_wconf 95' lang='lat' dir='ltr'>pro</span> <span class='ocrx_word' id='word_1_42' title='bbox 204 989 303 1050; x_wconf 88' lang='lat' dir='ltr'>daciis</span> <span class='ocrx_word' id='word_1_43' title='bbox 328 1003 359 1049; x_wconf 91' lang='lat' dir='ltr'>et</span> <span class='ocrx_word' id='word_1_44' title='bbox 381 989 453 1051; x_wconf 86' lang='lat' dir='ltr'>aliia</span> <span class='ocrx_word' id='word_1_45' title='bbox 478 988 619 1050; x_wconf 86' lang='lat' dir='ltr'>serviciis</span> <span class='ocrx_word' id='word_1_46' title='bbox 643 988 885 1050; x_wconf 84' lang='lat' dir='ltr'><strong>communitatis</strong></span> <span class='ocrx_word' id='word_1_47' title='bbox 904 987 1047 1069; x_wconf 88' lang='lat' dir='ltr'>Georgio</span> <span class='ocrx_word' id='word_1_48' title='bbox 1072 986 1158 1050; x_wconf 92' lang='lat' dir='ltr'>dicto</span> <span class='ocrx_word' id='word_1_49' title='bbox 1184 987 1389 1072; x_wconf 88' lang='lat' dir='ltr'>Oprasnycza</span> 
     </span>
     <span class='ocr_line' id='line_1_7' title="bbox 120 1092 1389 1176; baseline -0.002 -20"><span class='ocrx_word' id='word_1_50' title='bbox 120 1093 188 1157; x_wconf 90' lang='lat' dir='ltr'>filio</span> <span class='ocrx_word' id='word_1_51' title='bbox 213 1095 317 1174; x_wconf 87' lang='lat' dir='ltr'>Pauli,</span> <span class='ocrx_word' id='word_1_52' title='bbox 353 1114 439 1157; x_wconf 93' lang='lat' dir='ltr'>novo</span> <span class='ocrx_word' id='word_1_53' title='bbox 474 1094 598 1155; x_wconf 85' lang='lat' dir='ltr'>concivi</span> <span class='ocrx_word' id='word_1_54' title='bbox 633 1106 754 1172; x_wconf 92' lang='lat' dir='ltr'>nostro,</span> <span class='ocrx_word' id='word_1_55' title='bbox 778 1113 814 1154; x_wconf 87' lang='lat' dir='ltr'>ac</span> <span class='ocrx_word' id='word_1_56' title='bbox 838 1113 894 1176; x_wconf 91' lang='lat' dir='ltr'>per</span> <span class='ocrx_word' id='word_1_57' title='bbox 925 1113 999 1155; x_wconf 90' lang='lat' dir='ltr'>eum</span> <span class='ocrx_word' id='word_1_58' title='bbox 1024 1093 1089 1154; x_wconf 88' lang='lat' dir='ltr'>suis</span> <span class='ocrx_word' id='word_1_59' title='bbox 1119 1092 1291 1155; x_wconf 84' lang='lat' dir='ltr'>heredibus</span> <span class='ocrx_word' id='word_1_60' title='bbox 1314 1112 1389 1153; x_wconf 90' lang='lat' dir='ltr'>ven·</span> 
     </span>
     <span class='ocr_line' id='line_1_8' title="bbox 122 1199 651 1284; baseline -0.006 -21"><span class='ocrx_word' id='word_1_61' title='bbox 122 1201 204 1263; x_wconf 89' lang='lat' dir='ltr'>didit</span> <span class='ocrx_word' id='word_1_62' title='bbox 228 1214 383 1284; x_wconf 90' lang='lat' dir='ltr'>perpetuo</span> <span class='ocrx_word' id='word_1_63' title='bbox 408 1199 651 1282; x_wconf 89' lang='lat' dir='ltr'>possidendum.</span> 
     </span>
    </p>

    <p class='ocr_par' dir='ltr' id='par_1_3' title="bbox 121 1304 1390 1813">
     <span class='ocr_line' id='line_1_9' title="bbox 228 1304 1390 1388; baseline 0 -21"><span class='ocrx_word' id='word_1_64' title='bbox 228 1307 305 1369; x_wconf 91' lang='lat' dir='ltr'>ltem</span> <span class='ocrx_word' id='word_1_65' title='bbox 340 1306 472 1388; x_wconf 91' lang='lat' dir='ltr'>quidam</span> <span class='ocrx_word' id='word_1_66' title='bbox 497 1305 633 1386; x_wconf 68' lang='lat' dir='ltr'>(hlortus</span> <span class='ocrx_word' id='word_1_67' title='bbox 665 1305 802 1366; x_wconf 91' lang='lat' dir='ltr'>condam</span> <span class='ocrx_word' id='word_1_68' title='bbox 836 1304 970 1386; x_wconf 83' lang='lat' dir='ltr'>Georgii</span> <span class='ocrx_word' id='word_1_69' title='bbox 1004 1305 1137 1366; x_wconf 85' lang='lat' dir='ltr'>Wllrow</span> <span class='ocrx_word' id='word_1_70' title='bbox 1170 1305 1202 1366; x_wconf 91' lang='lat' dir='ltr'>in</span> <span class='ocrx_word' id='word_1_71' title='bbox 1235 1305 1390 1367; x_wconf 90' lang='lat' dir='ltr'>suburbio</span> 
     </span>
     <span class='ocr_line' id='line_1_10' title="bbox 122 1408 1388 1494; baseline -0.002 -20"><span class='ocrx_word' id='word_1_72' title='bbox 122 1413 260 1474; x_wconf 87' lang='lat' dir='ltr'>civitatis</span> <span class='ocrx_word' id='word_1_73' title='bbox 284 1413 366 1473; x_wconf 92' lang='lat' dir='ltr'>inter</span> <span class='ocrx_word' id='word_1_74' title='bbox 390 1412 525 1494; x_wconf 89' lang='lat' dir='ltr'>(h)ort0s</span> <span class='ocrx_word' id='word_1_75' title='bbox 547 1412 606 1472; x_wconf 87' lang='lat' dir='ltr'>viri</span> <span class='ocrx_word' id='word_1_76' title='bbox 641 1411 768 1492; x_wconf 88' lang='lat' dir='ltr'>providi</span> <span class='ocrx_word' id='word_1_77' title='bbox 794 1409 962 1471; x_wconf 82' lang='lat' dir='ltr'>Michaelis</span> <span class='ocrx_word' id='word_1_78' title='bbox 985 1409 1102 1492; x_wconf 87' lang='lat' dir='ltr'>judicis</span> <span class='ocrx_word' id='word_1_79' title='bbox 1124 1408 1182 1472; x_wconf 87' lang='lat' dir='ltr'>filii</span> <span class='ocrx_word' id='word_1_80' title='bbox 1208 1410 1388 1472; x_wconf 88' lang='lat' dir='ltr'>Sebastiani</span> 
     </span>
     <span class='ocr_line' id='line_1_11' title="bbox 121 1515 1388 1600; baseline -0.003 -20"><span class='ocrx_word' id='word_1_81' title='bbox 121 1539 157 1580; x_wconf 90' lang='lat' dir='ltr'>ex</span> <span class='ocrx_word' id='word_1_82' title='bbox 184 1533 317 1600; x_wconf 90' lang='lat' dir='ltr'>utraque</span> <span class='ocrx_word' id='word_1_83' title='bbox 342 1533 430 1600; x_wconf 89' lang='lat' dir='ltr'>parte</span> <span class='ocrx_word' id='word_1_84' title='bbox 462 1517 608 1594; x_wconf 89' lang='lat' dir='ltr'>habitus,</span> <span class='ocrx_word' id='word_1_85' title='bbox 632 1536 688 1599; x_wconf 92' lang='lat' dir='ltr'>per</span> <span class='ocrx_word' id='word_1_86' title='bbox 719 1517 990 1578; x_wconf 78' lang='lat' dir='ltr'><strong>testamentariam</strong></span> <span class='ocrx_word' id='word_1_87' title='bbox 1016 1516 1217 1596; x_wconf 83' lang='lat' dir='ltr'><strong>legacionem</strong></span> <span class='ocrx_word' id='word_1_88' title='bbox 1242 1515 1388 1578; x_wconf 90' lang='lat' dir='ltr'>eiusdem</span> 
     </span>
     <span class='ocr_line' id='line_1_12' title="bbox 122 1621 1390 1706; baseline -0.002 -20"><span class='ocrx_word' id='word_1_89' title='bbox 122 1624 256 1706; x_wconf 80' lang='lat' dir='ltr'>Georgii</span> <span class='ocrx_word' id='word_1_90' title='bbox 282 1625 383 1685; x_wconf 90' lang='lat' dir='ltr'>Elene</span> <span class='ocrx_word' id='word_1_91' title='bbox 408 1623 516 1685; x_wconf 90' lang='lat' dir='ltr'>relicte</span> <span class='ocrx_word' id='word_1_92' title='bbox 540 1623 640 1705; x_wconf 90' lang='lat' dir='ltr'>ipsius</span> <span class='ocrx_word' id='word_1_93' title='bbox 666 1622 798 1703; x_wconf 82' lang='lat' dir='ltr'>Georgii</span> <span class='ocrx_word' id='word_1_94' title='bbox 818 1636 864 1683; x_wconf 88' lang='lat' dir='ltr'>est</span> <span class='ocrx_word' id='word_1_95' title='bbox 888 1622 1062 1683; x_wconf 88' lang='lat' dir='ltr'>literatorie</span> <span class='ocrx_word' id='word_1_96' title='bbox 1087 1622 1146 1682; x_wconf 90' lang='lat' dir='ltr'>sub</span> <span class='ocrx_word' id='word_1_97' title='bbox 1169 1621 1323 1704; x_wconf 88' lang='lat' dir='ltr'>pendenti</span> <span class='ocrx_word' id='word_1_98' title='bbox 1348 1622 1390 1683; x_wconf 94' lang='lat' dir='ltr'>ai·</span> 
     </span>
     <span class='ocr_line' id='line_1_13' title="bbox 122 1728 861 1813; baseline 0.001 -22"><span class='ocrx_word' id='word_1_99' title='bbox 122 1730 202 1813; x_wconf 91' lang='lat' dir='ltr'>gillo</span> <span class='ocrx_word' id='word_1_100' title='bbox 227 1729 434 1792; x_wconf 88' lang='lat' dir='ltr'>confirmatus</span> <span class='ocrx_word' id='word_1_101' title='bbox 458 1743 614 1812; x_wconf 90' lang='lat' dir='ltr'>perpetuo</span> <span class='ocrx_word' id='word_1_102' title='bbox 638 1728 861 1812; x_wconf 87' lang='lat' dir='ltr'>possidendus.</span> 
     </span>
    </p>

    <p class='ocr_par' dir='ltr' id='par_1_4' title="bbox 120 1834 1390 2452">
     <span class='ocr_line' id='line_1_14' title="bbox 231 1834 1384 1918; baseline -0.003 -20"><span class='ocrx_word' id='word_1_103' title='bbox 231 1837 307 1899; x_wconf 92' lang='lat' dir='ltr'>ltem</span> <span class='ocrx_word' id='word_1_104' title='bbox 340 1836 493 1897; x_wconf 87' lang='lat' dir='ltr'>Nicolaus</span> <span class='ocrx_word' id='word_1_105' title='bbox 523 1835 601 1897; x_wconf 93' lang='lat' dir='ltr'>olim</span> <span class='ocrx_word' id='word_1_106' title='bbox 634 1835 755 1915; x_wconf 84' lang='lat' dir='ltr'>juratus</span> <span class='ocrx_word' id='word_1_107' title='bbox 795 1836 898 1897; x_wconf 91' lang='lat' dir='ltr'>dictus</span> <span class='ocrx_word' id='word_1_108' title='bbox 931 1834 1182 1918; x_wconf 89' lang='lat' dir='ltr'>Lippowschak,</span> <span class='ocrx_word' id='word_1_109' title='bbox 1219 1834 1384 1917; x_wconf 89' lang='lat' dir='ltr'>quendam</span> 
     </span>
     <span class='ocr_line' id='line_1_15' title="bbox 123 1940 1386 2027; baseline -0.001 -23"><span class='ocrx_word' id='word_1_110' title='bbox 123 1942 277 2027; x_wconf 70' lang='lat' dir='ltr'>(hlortum</span> <span class='ocrx_word' id='word_1_111' title='bbox 302 1961 396 2004; x_wconf 87' lang='lat' dir='ltr'>suum</span> <span class='ocrx_word' id='word_1_112' title='bbox 421 1942 451 2003; x_wconf 92' lang='lat' dir='ltr'>in</span> <span class='ocrx_word' id='word_1_113' title='bbox 477 1942 633 2003; x_wconf 87' lang='lat' dir='ltr'>suburbio</span> <span class='ocrx_word' id='word_1_114' title='bbox 658 1942 794 2004; x_wconf 85' lang='lat' dir='ltr'>civitatis</span> <span class='ocrx_word' id='word_1_115' title='bbox 817 1961 918 2024; x_wconf 91' lang='lat' dir='ltr'>prope</span> <span class='ocrx_word' id='word_1_116' title='bbox 950 1941 1118 2002; x_wconf 90' lang='lat' dir='ltr'>ecclesiam</span> <span class='ocrx_word' id='word_1_117' title='bbox 1143 1942 1234 2002; x_wconf 90' lang='lat' dir='ltr'>beate</span> <span class='ocrx_word' id='word_1_118' title='bbox 1260 1940 1386 2022; x_wconf 86' lang='lat' dir='ltr'>Marga-</span> 
     </span>
     <span class='ocr_line' id='line_1_16' title="bbox 120 2047 1389 2130; baseline -0.002 -19"><span class='ocrx_word' id='word_1_119' title='bbox 120 2048 210 2111; x_wconf 90' lang='lat' dir='ltr'>rethe</span> <span class='ocrx_word' id='word_1_120' title='bbox 233 2049 367 2130; x_wconf 88' lang='lat' dir='ltr'>virginis</span> <span class='ocrx_word' id='word_1_121' title='bbox 392 2049 474 2111; x_wconf 92' lang='lat' dir='ltr'>inter</span> <span class='ocrx_word' id='word_1_122' title='bbox 498 2047 634 2130; x_wconf 87' lang='lat' dir='ltr'>(h)ortos</span> <span class='ocrx_word' id='word_1_123' title='bbox 658 2049 782 2110; x_wconf 92' lang='lat' dir='ltr'>Nicolai</span> <span class='ocrx_word' id='word_1_124' title='bbox 808 2049 1001 2110; x_wconf 88' lang='lat' dir='ltr'>successoris</span> <span class='ocrx_word' id='word_1_125' title='bbox 1028 2048 1138 2109; x_wconf 84' lang='lat' dir='ltr'>Prawz</span> <span class='ocrx_word' id='word_1_126' title='bbox 1162 2061 1193 2108; x_wconf 91' lang='lat' dir='ltr'>et</span> <span class='ocrx_word' id='word_1_127' title='bbox 1217 2047 1283 2108; x_wconf 89' lang='lat' dir='ltr'>vias</span> <span class='ocrx_word' id='word_1_128' title='bbox 1300 2066 1389 2109; x_wconf 90' lang='lat' dir='ltr'>com·</span> 
     </span>
     <span class='ocr_line' id='line_1_17' title="bbox 121 2151 1390 2236; baseline -0.001 -19"><span class='ocrx_word' id='word_1_129' title='bbox 121 2175 236 2217; x_wconf 89' lang='lat' dir='ltr'>munes</span> <span class='ocrx_word' id='word_1_130' title='bbox 260 2154 404 2217; x_wconf 91' lang='lat' dir='ltr'>habitum</span> <span class='ocrx_word' id='word_1_131' title='bbox 425 2168 456 2215; x_wconf 90' lang='lat' dir='ltr'>et</span> <span class='ocrx_word' id='word_1_132' title='bbox 472 2155 672 2232; x_wconf 85' lang='lat' dir='ltr'>existentem,</span> <span class='ocrx_word' id='word_1_133' title='bbox 697 2155 826 2216; x_wconf 91' lang='lat' dir='ltr'>Thome</span> <span class='ocrx_word' id='word_1_134' title='bbox 851 2154 919 2215; x_wconf 88' lang='lat' dir='ltr'>filio</span> <span class='ocrx_word' id='word_1_135' title='bbox 938 2153 1091 2236; x_wconf 89' lang='lat' dir='ltr'>Stephani</span> <span class='ocrx_word' id='word_1_136' title='bbox 1118 2153 1158 2214; x_wconf 92' lang='lat' dir='ltr'>de</span> <span class='ocrx_word' id='word_1_137' title='bbox 1175 2151 1313 2215; x_wconf 89' lang='lat' dir='ltr'>Goricza</span> <span class='ocrx_word' id='word_1_138' title='bbox 1331 2173 1390 2236; x_wconf 97' lang='lat' dir='ltr'>pro</span> 
     </span>
     <span class='ocr_line' id='line_1_18' title="bbox 122 2259 1386 2343; baseline -0.002 -19"><span class='ocrx_word' id='word_1_139' title='bbox 122 2277 196 2324; x_wconf 93' lang='lat' dir='ltr'>octo</span> <span class='ocrx_word' id='word_1_140' title='bbox 220 2261 290 2324; x_wconf 92' lang='lat' dir='ltr'>flor.</span> <span class='ocrx_word' id='word_1_141' title='bbox 315 2262 383 2322; x_wconf 92' lang='lat' dir='ltr'>auri</span> <span class='ocrx_word' id='word_1_142' title='bbox 405 2275 436 2322; x_wconf 94' lang='lat' dir='ltr'>et</span> <span class='ocrx_word' id='word_1_143' title='bbox 453 2261 687 2342; x_wconf 90' lang='lat' dir='ltr'>quinquaginta</span> <span class='ocrx_word' id='word_1_144' title='bbox 706 2262 813 2342; x_wconf 87' lang='lat' dir='ltr'>pensis</span> <span class='ocrx_word' id='word_1_145' title='bbox 835 2261 1041 2322; x_wconf 92' lang='lat' dir='ltr'>denariorum</span> <span class='ocrx_word' id='word_1_146' title='bbox 1060 2259 1205 2321; x_wconf 86' lang='lat' dir='ltr'>vendidit</span> <span class='ocrx_word' id='word_1_147' title='bbox 1228 2273 1386 2343; x_wconf 90' lang='lat' dir='ltr'>perpetuo</span> 
     </span>
     <span class='ocr_line' id='line_1_19' title="bbox 120 2367 365 2452; baseline -0.004 -23"><span class='ocrx_word' id='word_1_148' title='bbox 120 2367 365 2452; x_wconf 88' lang='lat' dir='ltr'>possidendum.</span> 
     </span>
    </p>

    <p class='ocr_par' dir='ltr' id='par_1_5' title="bbox 120 2471 1391 3302">
     <span class='ocr_line' id='line_1_20' title="bbox 227 2471 1386 2557; baseline 0 -23"><span class='ocrx_word' id='word_1_149' title='bbox 227 2473 304 2536; x_wconf 90' lang='lat' dir='ltr'>ltem</span> <span class='ocrx_word' id='word_1_150' title='bbox 331 2473 465 2554; x_wconf 85' lang='lat' dir='ltr'>Egidius</span> <span class='ocrx_word' id='word_1_151' title='bbox 489 2471 628 2534; x_wconf 83' lang='lat' dir='ltr'>carnifex</span> <span class='ocrx_word' id='word_1_152' title='bbox 653 2471 738 2534; x_wconf 91' lang='lat' dir='ltr'>filius</span> <span class='ocrx_word' id='word_1_153' title='bbox 763 2473 909 2557; x_wconf 87' lang='lat' dir='ltr'>Dyonisii</span> <span class='ocrx_word' id='word_1_154' title='bbox 935 2471 1010 2533; x_wconf 91' lang='lat' dir='ltr'>dicti</span> <span class='ocrx_word' id='word_1_155' title='bbox 1036 2471 1195 2532; x_wconf 89' lang='lat' dir='ltr'>Janchech</span> <span class='ocrx_word' id='word_1_156' title='bbox 1221 2471 1386 2553; x_wconf 88' lang='lat' dir='ltr'>quoddam</span> 
     </span>
     <span class='ocr_line' id='line_1_21' title="bbox 121 2579 1391 2661; baseline 0 -19"><span class='ocrx_word' id='word_1_157' title='bbox 121 2579 218 2642; x_wconf 83' lang='lat' dir='ltr'>fenile</span> <span class='ocrx_word' id='word_1_158' title='bbox 252 2580 329 2641; x_wconf 91' lang='lat' dir='ltr'>olim</span> <span class='ocrx_word' id='word_1_159' title='bbox 365 2579 497 2660; x_wconf 91' lang='lat' dir='ltr'>Georgii</span> <span class='ocrx_word' id='word_1_160' title='bbox 523 2580 615 2661; x_wconf 81' lang='lat' dir='ltr'>jurati</span> <span class='ocrx_word' id='word_1_161' title='bbox 649 2580 724 2640; x_wconf 89' lang='lat' dir='ltr'>dicti</span> <span class='ocrx_word' id='word_1_162' title='bbox 760 2580 914 2641; x_wconf 88' lang='lat' dir='ltr'>Wolkow</span> <span class='ocrx_word' id='word_1_163' title='bbox 940 2580 971 2640; x_wconf 91' lang='lat' dir='ltr'>in</span> <span class='ocrx_word' id='word_1_164' title='bbox 1007 2599 1122 2660; x_wconf 89' lang='lat' dir='ltr'>campo</span> <span class='ocrx_word' id='word_1_165' title='bbox 1147 2579 1283 2641; x_wconf 90' lang='lat' dir='ltr'>civitatis</span> <span class='ocrx_word' id='word_1_166' title='bbox 1308 2580 1391 2642; x_wconf 90' lang='lat' dir='ltr'>inter</span> 
     </span>
     <span class='ocr_line' id='line_1_22' title="bbox 120 2686 1388 2771; baseline -0.002 -22"><span class='ocrx_word' id='word_1_167' title='bbox 120 2701 221 2750; x_wconf 88' lang='lat' dir='ltr'>terras</span> <span class='ocrx_word' id='word_1_168' title='bbox 245 2687 378 2749; x_wconf 82' lang='lat' dir='ltr'>ecclesie</span> <span class='ocrx_word' id='word_1_169' title='bbox 403 2701 509 2748; x_wconf 87' lang='lat' dir='ltr'>nostre</span> <span class='ocrx_word' id='word_1_170' title='bbox 545 2686 736 2771; x_wconf 88' lang='lat' dir='ltr'>parochialis</span> <span class='ocrx_word' id='word_1_171' title='bbox 768 2688 852 2748; x_wconf 90' lang='lat' dir='ltr'>beati</span> <span class='ocrx_word' id='word_1_172' title='bbox 879 2686 977 2747; x_wconf 89' lang='lat' dir='ltr'>Marci</span> <span class='ocrx_word' id='word_1_173' title='bbox 1010 2686 1216 2767; x_wconf 82' lang='lat' dir='ltr'>ewangeliste</span> <span class='ocrx_word' id='word_1_174' title='bbox 1241 2705 1277 2747; x_wconf 94' lang='lat' dir='ltr'>ac</span> <span class='ocrx_word' id='word_1_175' title='bbox 1308 2686 1388 2748; x_wconf 92' lang='lat' dir='ltr'>libe-</span> 
     </span>
     <span class='ocr_line' id='line_1_23' title="bbox 122 2791 1389 2875; baseline -0.001 -20"><span class='ocrx_word' id='word_1_176' title='bbox 122 2813 229 2855; x_wconf 93' lang='lat' dir='ltr'>rorum</span> <span class='ocrx_word' id='word_1_177' title='bbox 264 2793 401 2856; x_wconf 91' lang='lat' dir='ltr'>condam</span> <span class='ocrx_word' id='word_1_178' title='bbox 434 2793 563 2855; x_wconf 86' lang='lat' dir='ltr'>Thome</span> <span class='ocrx_word' id='word_1_179' title='bbox 598 2793 767 2854; x_wconf 88' lang='lat' dir='ltr'>Pichurich</span> <span class='ocrx_word' id='word_1_180' title='bbox 800 2793 964 2871; x_wconf 92' lang='lat' dir='ltr'>habitum,</span> <span class='ocrx_word' id='word_1_181' title='bbox 996 2793 1055 2853; x_wconf 91' lang='lat' dir='ltr'>sibi</span> <span class='ocrx_word' id='word_1_182' title='bbox 1088 2791 1239 2854; x_wconf 88' lang='lat' dir='ltr'>videlicet</span> <span class='ocrx_word' id='word_1_183' title='bbox 1271 2791 1389 2875; x_wconf 90' lang='lat' dir='ltr'>Egidio</span> 
     </span>
     <span class='ocr_line' id='line_1_24' title="bbox 122 2898 1389 2982; baseline -0.001 -21"><span class='ocrx_word' id='word_1_184' title='bbox 122 2899 262 2962; x_wconf 87' lang='lat' dir='ltr'>carnifici</span> <span class='ocrx_word' id='word_1_185' title='bbox 288 2914 318 2962; x_wconf 93' lang='lat' dir='ltr'>et</span> <span class='ocrx_word' id='word_1_186' title='bbox 351 2900 578 2961; x_wconf 89' lang='lat' dir='ltr'>commissariis</span> <span class='ocrx_word' id='word_1_187' title='bbox 603 2901 668 2961; x_wconf 88' lang='lat' dir='ltr'>suis</span> <span class='ocrx_word' id='word_1_188' title='bbox 700 2920 756 2982; x_wconf 90' lang='lat' dir='ltr'>per</span> <span class='ocrx_word' id='word_1_189' title='bbox 788 2900 893 2982; x_wconf 90' lang='lat' dir='ltr'>ipsum</span> <span class='ocrx_word' id='word_1_190' title='bbox 919 2898 1097 2979; x_wconf 88' lang='lat' dir='ltr'>Georgium</span> <span class='ocrx_word' id='word_1_191' title='bbox 1131 2899 1270 2979; x_wconf 79' lang='lat' dir='ltr'>iuratum</span> <span class='ocrx_word' id='word_1_192' title='bbox 1294 2912 1389 2961; x_wconf 89' lang='lat' dir='ltr'>testa·</span> 
     </span>
     <span class='ocr_line' id='line_1_25' title="bbox 122 3005 1390 3086; baseline -0.002 -18"><span class='ocrx_word' id='word_1_193' title='bbox 122 3007 305 3068; x_wconf 89' lang='lat' dir='ltr'>mentaliter</span> <span class='ocrx_word' id='word_1_194' title='bbox 330 3006 425 3067; x_wconf 92' lang='lat' dir='ltr'>vendi</span> <span class='ocrx_word' id='word_1_195' title='bbox 451 3006 671 3086; x_wconf 89' lang='lat' dir='ltr'>commissum,</span> <span class='ocrx_word' id='word_1_196' title='bbox 703 3007 774 3067; x_wconf 89' lang='lat' dir='ltr'>aliis</span> <span class='ocrx_word' id='word_1_197' title='bbox 806 3007 1033 3068; x_wconf 79' lang='lat' dir='ltr'>commissoriis</span> <span class='ocrx_word' id='word_1_198' title='bbox 1064 3025 1120 3068; x_wconf 91' lang='lat' dir='ltr'>seu</span> <span class='ocrx_word' id='word_1_199' title='bbox 1144 3005 1301 3067; x_wconf 89' lang='lat' dir='ltr'>consociis</span> <span class='ocrx_word' id='word_1_200' title='bbox 1324 3005 1390 3067; x_wconf 90' lang='lat' dir='ltr'>suis</span> 
     </span>
     <span class='ocr_line' id='line_1_26' title="bbox 122 3112 1388 3196; baseline 0.001 -23"><span class='ocrx_word' id='word_1_201' title='bbox 122 3112 369 3191; x_wconf 90' lang='lat' dir='ltr'>decedentibus,</span> <span class='ocrx_word' id='word_1_202' title='bbox 403 3112 503 3173; x_wconf 90' lang='lat' dir='ltr'>Elene</span> <span class='ocrx_word' id='word_1_203' title='bbox 539 3113 666 3175; x_wconf 85' lang='lat' dir='ltr'>mulieri</span> <span class='ocrx_word' id='word_1_204' title='bbox 700 3113 808 3175; x_wconf 92' lang='lat' dir='ltr'>relicte</span> <span class='ocrx_word' id='word_1_205' title='bbox 845 3114 944 3196; x_wconf 87' lang='lat' dir='ltr'>ipsius</span> <span class='ocrx_word' id='word_1_206' title='bbox 977 3112 1108 3194; x_wconf 89' lang='lat' dir='ltr'>Georgii</span> <span class='ocrx_word' id='word_1_207' title='bbox 1143 3112 1298 3174; x_wconf 83' lang='lat' dir='ltr'>Wollrow</span> <span class='ocrx_word' id='word_1_208' title='bbox 1329 3133 1388 3194; x_wconf 93' lang='lat' dir='ltr'>pro</span> 
     </span>
     <span class='ocr_line' id='line_1_27' title="bbox 122 3218 1249 3302; baseline 0 -21"><span class='ocrx_word' id='word_1_209' title='bbox 122 3233 261 3301; x_wconf 90' lang='lat' dir='ltr'>quatuor</span> <span class='ocrx_word' id='word_1_210' title='bbox 285 3219 399 3280; x_wconf 91' lang='lat' dir='ltr'>marcis</span> <span class='ocrx_word' id='word_1_211' title='bbox 423 3218 630 3281; x_wconf 90' lang='lat' dir='ltr'>denariorum</span> <span class='ocrx_word' id='word_1_212' title='bbox 654 3220 801 3282; x_wconf 88' lang='lat' dir='ltr'>vendidit</span> <span class='ocrx_word' id='word_1_213' title='bbox 825 3234 981 3302; x_wconf 91' lang='lat' dir='ltr'>perpetuo</span> <span class='ocrx_word' id='word_1_214' title='bbox 1005 3218 1249 3301; x_wconf 89' lang='lat' dir='ltr'>possidendum.</span> 
     </span>
    </p>

    <p class='ocr_par' dir='ltr' id='par_1_6' title="bbox 121 3324 1389 4255">
     <span class='ocr_line' id='line_1_28' title="bbox 229 3324 1388 3408; baseline 0.001 -22"><span class='ocrx_word' id='word_1_215' title='bbox 229 3324 306 3386; x_wconf 91' lang='lat' dir='ltr'>ltem</span> <span class='ocrx_word' id='word_1_216' title='bbox 331 3324 493 3386; x_wconf 84' lang='lat' dir='ltr'>lohannes</span> <span class='ocrx_word' id='word_1_217' title='bbox 519 3327 760 3408; x_wconf 90' lang='lat' dir='ltr'>Werunberger</span> <span class='ocrx_word' id='word_1_218' title='bbox 792 3327 977 3408; x_wconf 91' lang='lat' dir='ltr'>capitaneus</span> <span class='ocrx_word' id='word_1_219' title='bbox 1008 3326 1040 3385; x_wconf 92' lang='lat' dir='ltr'>in</span> <span class='ocrx_word' id='word_1_220' title='bbox 1065 3325 1241 3406; x_wconf 88' lang='lat' dir='ltr'>Krappina,</span> <span class='ocrx_word' id='word_1_221' title='bbox 1267 3325 1388 3387; x_wconf 91' lang='lat' dir='ltr'>medie·</span> 
     </span>
     <span class='ocr_line' id='line_1_29' title="bbox 121 3429 1389 3514; baseline 0 -22"><span class='ocrx_word' id='word_1_222' title='bbox 121 3445 219 3492; x_wconf 90' lang='lat' dir='ltr'>tatem</span> <span class='ocrx_word' id='word_1_223' title='bbox 243 3429 410 3492; x_wconf 90' lang='lat' dir='ltr'>cuiusdam</span> <span class='ocrx_word' id='word_1_224' title='bbox 435 3430 562 3510; x_wconf 92' lang='lat' dir='ltr'>domus,</span> <span class='ocrx_word' id='word_1_225' title='bbox 584 3431 687 3509; x_wconf 87' lang='lat' dir='ltr'>fundi,</span> <span class='ocrx_word' id='word_1_226' title='bbox 712 3433 820 3493; x_wconf 91' lang='lat' dir='ltr'>celarii</span> <span class='ocrx_word' id='word_1_227' title='bbox 846 3446 876 3493; x_wconf 94' lang='lat' dir='ltr'>et</span> <span class='ocrx_word' id='word_1_228' title='bbox 894 3430 1117 3492; x_wconf 91' lang='lat' dir='ltr'>hedificiorum</span> <span class='ocrx_word' id='word_1_229' title='bbox 1144 3432 1175 3491; x_wconf 95' lang='lat' dir='ltr'>in</span> <span class='ocrx_word' id='word_1_230' title='bbox 1200 3431 1272 3492; x_wconf 87' lang='lat' dir='ltr'>vico</span> <span class='ocrx_word' id='word_1_231' title='bbox 1290 3432 1389 3514; x_wconf 91' lang='lat' dir='ltr'>ipsius</span> 
     </span>
     <span class='ocr_line' id='line_1_30' title="bbox 122 3535 1389 3616; baseline 0 -17"><span class='ocrx_word' id='word_1_232' title='bbox 122 3537 259 3599; x_wconf 89' lang='lat' dir='ltr'>civitatis</span> <span class='ocrx_word' id='word_1_233' title='bbox 283 3536 432 3598; x_wconf 85' lang='lat' dir='ltr'>exteriori</span> <span class='ocrx_word' id='word_1_234' title='bbox 456 3551 613 3616; x_wconf 89' lang='lat' dir='ltr'>sutorum,</span> <span class='ocrx_word' id='word_1_235' title='bbox 639 3539 721 3600; x_wconf 89' lang='lat' dir='ltr'>inter</span> <span class='ocrx_word' id='word_1_236' title='bbox 745 3539 860 3599; x_wconf 92' lang='lat' dir='ltr'>domos</span> <span class='ocrx_word' id='word_1_237' title='bbox 895 3539 1071 3599; x_wconf 89' lang='lat' dir='ltr'>liberorum</span> <span class='ocrx_word' id='word_1_238' title='bbox 1096 3536 1233 3597; x_wconf 91' lang='lat' dir='ltr'>condam</span> <span class='ocrx_word' id='word_1_239' title='bbox 1259 3535 1389 3599; x_wconf 89' lang='lat' dir='ltr'>Gerdak</span> 
     </span>
     <span class='ocr_line' id='line_1_31' title="bbox 122 3641 1387 3723; baseline 0.002 -21"><span class='ocrx_word' id='word_1_240' title='bbox 122 3641 216 3722; x_wconf 77' lang='lat' dir='ltr'>jurati</span> <span class='ocrx_word' id='word_1_241' title='bbox 241 3654 272 3703; x_wconf 92' lang='lat' dir='ltr'>et</span> <span class='ocrx_word' id='word_1_242' title='bbox 296 3641 393 3703; x_wconf 86' lang='lat' dir='ltr'>Blasii</span> <span class='ocrx_word' id='word_1_243' title='bbox 418 3641 511 3723; x_wconf 84' lang='lat' dir='ltr'>jurati</span> <span class='ocrx_word' id='word_1_244' title='bbox 537 3645 635 3705; x_wconf 92' lang='lat' dir='ltr'>nostri</span> <span class='ocrx_word' id='word_1_245' title='bbox 666 3645 813 3706; x_wconf 92' lang='lat' dir='ltr'>moderni</span> <span class='ocrx_word' id='word_1_246' title='bbox 838 3664 873 3705; x_wconf 91' lang='lat' dir='ltr'>ac</span> <span class='ocrx_word' id='word_1_247' title='bbox 898 3643 1030 3704; x_wconf 88' lang='lat' dir='ltr'>Thome</span> <span class='ocrx_word' id='word_1_248' title='bbox 1054 3643 1171 3703; x_wconf 90' lang='lat' dir='ltr'>sutoris</span> <span class='ocrx_word' id='word_1_249' title='bbox 1195 3642 1270 3703; x_wconf 93' lang='lat' dir='ltr'>dicti</span> <span class='ocrx_word' id='word_1_250' title='bbox 1295 3643 1387 3705; x_wconf 92' lang='lat' dir='ltr'>Zima</span> 
     </span>
     <span class='ocr_line' id='line_1_32' title="bbox 123 3747 1387 3831; baseline 0.001 -22"><span class='ocrx_word' id='word_1_251' title='bbox 123 3747 245 3826; x_wconf 89' lang='lat' dir='ltr'>habite,</span> <span class='ocrx_word' id='word_1_252' title='bbox 270 3767 366 3808; x_wconf 89' lang='lat' dir='ltr'>unam</span> <span class='ocrx_word' id='word_1_253' title='bbox 392 3749 542 3810; x_wconf 89' lang='lat' dir='ltr'>videlicet</span> <span class='ocrx_word' id='word_1_254' title='bbox 567 3765 711 3831; x_wconf 90' lang='lat' dir='ltr'>quartam</span> <span class='ocrx_word' id='word_1_255' title='bbox 730 3751 816 3812; x_wconf 84' lang='lat' dir='ltr'>curie</span> <span class='ocrx_word' id='word_1_256' title='bbox 841 3751 873 3810; x_wconf 90' lang='lat' dir='ltr'>in</span> <span class='ocrx_word' id='word_1_257' title='bbox 898 3769 930 3810; x_wconf 94' lang='lat' dir='ltr'>se</span> <span class='ocrx_word' id='word_1_258' title='bbox 955 3750 1157 3826; x_wconf 88' lang='lat' dir='ltr'>retinentem,</span> <span class='ocrx_word' id='word_1_259' title='bbox 1182 3748 1320 3810; x_wconf 90' lang='lat' dir='ltr'>Martino</span> <span class='ocrx_word' id='word_1_260' title='bbox 1337 3769 1387 3810; x_wconf 89' lang='lat' dir='ltr'>su-</span> 
     </span>
     <span class='ocr_line' id='line_1_33' title="bbox 123 3851 1387 3938; baseline 0.002 -23"><span class='ocrx_word' id='word_1_261' title='bbox 123 3853 185 3915; x_wconf 93' lang='lat' dir='ltr'>tori</span> <span class='ocrx_word' id='word_1_262' title='bbox 209 3851 277 3915; x_wconf 93' lang='lat' dir='ltr'>filio</span> <span class='ocrx_word' id='word_1_263' title='bbox 303 3852 436 3935; x_wconf 92' lang='lat' dir='ltr'>Georgii</span> <span class='ocrx_word' id='word_1_264' title='bbox 462 3875 518 3937; x_wconf 94' lang='lat' dir='ltr'>pro</span> <span class='ocrx_word' id='word_1_265' title='bbox 542 3857 671 3937; x_wconf 86' lang='lat' dir='ltr'>triginta</span> <span class='ocrx_word' id='word_1_266' title='bbox 697 3857 842 3938; x_wconf 90' lang='lat' dir='ltr'>quinque</span> <span class='ocrx_word' id='word_1_267' title='bbox 875 3854 945 3917; x_wconf 89' lang='lat' dir='ltr'>flor.</span> <span class='ocrx_word' id='word_1_268' title='bbox 970 3855 1036 3915; x_wconf 89' lang='lat' dir='ltr'>auri</span> <span class='ocrx_word' id='word_1_269' title='bbox 1063 3854 1209 3914; x_wconf 92' lang='lat' dir='ltr'>vendidit</span> <span class='ocrx_word' id='word_1_270' title='bbox 1232 3869 1387 3936; x_wconf 90' lang='lat' dir='ltr'>perpetuo</span> 
     </span>
     <span class='ocr_line' id='line_1_34' title="bbox 122 3959 1388 4042; baseline 0.002 -21"><span class='ocrx_word' id='word_1_271' title='bbox 122 3959 363 4042; x_wconf 87' lang='lat' dir='ltr'>possidendam,</span> <span class='ocrx_word' id='word_1_272' title='bbox 388 3961 475 4022; x_wconf 89' lang='lat' dir='ltr'>salva</span> <span class='ocrx_word' id='word_1_273' title='bbox 500 3962 560 4023; x_wconf 91' lang='lat' dir='ltr'>alia</span> <span class='ocrx_word' id='word_1_274' title='bbox 587 3963 758 4025; x_wconf 90' lang='lat' dir='ltr'>medietate</span> <span class='ocrx_word' id='word_1_275' title='bbox 784 3963 927 4023; x_wconf 90' lang='lat' dir='ltr'>eiusdem</span> <span class='ocrx_word' id='word_1_276' title='bbox 953 3962 1080 4038; x_wconf 91' lang='lat' dir='ltr'>domus,</span> <span class='ocrx_word' id='word_1_277' title='bbox 1105 3959 1208 4038; x_wconf 85' lang='lat' dir='ltr'>fundi,</span> <span class='ocrx_word' id='word_1_278' title='bbox 1232 3961 1339 4022; x_wconf 90' lang='lat' dir='ltr'>celarii</span> <span class='ocrx_word' id='word_1_279' title='bbox 1357 3976 1388 4025; x_wconf 89' lang='lat' dir='ltr'>et</span> 
     </span>
     <span class='ocr_line' id='line_1_35' title="bbox 122 4065 1384 4150; baseline 0.002 -22"><span class='ocrx_word' id='word_1_280' title='bbox 122 4065 360 4145; x_wconf 87' lang='lat' dir='ltr'>hedificiorum,</span> <span class='ocrx_word' id='word_1_281' title='bbox 377 4087 473 4128; x_wconf 89' lang='lat' dir='ltr'>unam</span> <span class='ocrx_word' id='word_1_282' title='bbox 492 4069 702 4131; x_wconf 88' lang='lat' dir='ltr'>consimiliter</span> <span class='ocrx_word' id='word_1_283' title='bbox 719 4084 864 4150; x_wconf 88' lang='lat' dir='ltr'>quartam</span> <span class='ocrx_word' id='word_1_284' title='bbox 883 4069 968 4130; x_wconf 91' lang='lat' dir='ltr'>curie</span> <span class='ocrx_word' id='word_1_285' title='bbox 995 4069 1025 4128; x_wconf 94' lang='lat' dir='ltr'>in</span> <span class='ocrx_word' id='word_1_286' title='bbox 1051 4088 1082 4128; x_wconf 90' lang='lat' dir='ltr'>se</span> <span class='ocrx_word' id='word_1_287' title='bbox 1100 4067 1269 4146; x_wconf 89' lang='lat' dir='ltr'>retinente,</span> <span class='ocrx_word' id='word_1_288' title='bbox 1287 4088 1384 4150; x_wconf 90' lang='lat' dir='ltr'>quam</span> 
     </span>
     <span class='ocr_line' id='line_1_36' title="bbox 123 4157 1298 4255; baseline 0.002 -20"><span class='ocrx_word' id='word_1_289' title='bbox 123 4157 321 4236; x_wconf 79' lang='lat' dir='ltr'>Laurentius</span> <span class='ocrx_word' id='word_1_290' title='bbox 345 4189 433 4235; x_wconf 90' lang='lat' dir='ltr'>sutor</span> <span class='ocrx_word' id='word_1_291' title='bbox 458 4174 561 4236; x_wconf 91' lang='lat' dir='ltr'>dictus</span> <span class='ocrx_word' id='word_1_292' title='bbox 586 4177 701 4237; x_wconf 89' lang='lat' dir='ltr'>lansek</span> <span class='ocrx_word' id='word_1_293' title='bbox 723 4177 897 4238; x_wconf 90' lang='lat' dir='ltr'>literatorie</span> <span class='ocrx_word' id='word_1_294' title='bbox 924 4175 1101 4236; x_wconf 88' lang='lat' dir='ltr'>dinoscitur</span> <span class='ocrx_word' id='word_1_295' title='bbox 1125 4174 1298 4255; x_wconf 90' lang='lat' dir='ltr'>possidere.</span> 
     </span>
    </p>

    <p class='ocr_par' dir='ltr' id='par_1_7' title="bbox 122 4270 1387 4790">
     <span class='ocr_line' id='line_1_37' title="bbox 227 4270 1386 4365; baseline 0.003 -24"><span class='ocrx_word' id='word_1_296' title='bbox 227 4278 304 4342; x_wconf 93' lang='lat' dir='ltr'>ltem</span> <span class='ocrx_word' id='word_1_297' title='bbox 330 4281 378 4341; x_wconf 85' lang='lat' dir='ltr'>vir</span> <span class='ocrx_word' id='word_1_298' title='bbox 402 4270 555 4363; x_wconf 73' lang='lat' dir='ltr'>pro&#39;vidus</span> <span class='ocrx_word' id='word_1_299' title='bbox 580 4283 741 4344; x_wconf 89' lang='lat' dir='ltr'>lohannes</span> <span class='ocrx_word' id='word_1_300' title='bbox 770 4283 922 4365; x_wconf 90' lang='lat' dir='ltr'>Kunsych</span> <span class='ocrx_word' id='word_1_301' title='bbox 956 4281 1120 4362; x_wconf 90' lang='lat' dir='ltr'>quandam</span> <span class='ocrx_word' id='word_1_302' title='bbox 1144 4299 1234 4341; x_wconf 90' lang='lat' dir='ltr'>suam</span> <span class='ocrx_word' id='word_1_303' title='bbox 1259 4281 1386 4344; x_wconf 89' lang='lat' dir='ltr'>vineam</span> 
     </span>
     <span class='ocr_line' id='line_1_38' title="bbox 122 4387 1386 4470; baseline 0.002 -22"><span class='ocrx_word' id='word_1_304' title='bbox 122 4387 204 4448; x_wconf 89' lang='lat' dir='ltr'>inter</span> <span class='ocrx_word' id='word_1_305' title='bbox 227 4389 338 4449; x_wconf 90' lang='lat' dir='ltr'>vineas</span> <span class='ocrx_word' id='word_1_306' title='bbox 362 4389 537 4450; x_wconf 90' lang='lat' dir='ltr'>liberorum</span> <span class='ocrx_word' id='word_1_307' title='bbox 564 4391 700 4451; x_wconf 91' lang='lat' dir='ltr'>condam</span> <span class='ocrx_word' id='word_1_308' title='bbox 726 4389 873 4470; x_wconf 89' lang='lat' dir='ltr'>Gregorii</span> <span class='ocrx_word' id='word_1_309' title='bbox 907 4390 1038 4451; x_wconf 89' lang='lat' dir='ltr'>textoris</span> <span class='ocrx_word' id='word_1_310' title='bbox 1063 4401 1094 4449; x_wconf 91' lang='lat' dir='ltr'>et</span> <span class='ocrx_word' id='word_1_311' title='bbox 1118 4387 1293 4449; x_wconf 91' lang='lat' dir='ltr'>liberorum</span> <span class='ocrx_word' id='word_1_312' title='bbox 1311 4409 1386 4450; x_wconf 92' lang='lat' dir='ltr'>con·</span> 
     </span>
     <span class='ocr_line' id='line_1_39' title="bbox 123 4492 1386 4578; baseline 0.003 -24"><span class='ocrx_word' id='word_1_313' title='bbox 123 4492 196 4554; x_wconf 88' lang='lat' dir='ltr'>dam</span> <span class='ocrx_word' id='word_1_314' title='bbox 230 4494 315 4555; x_wconf 88' lang='lat' dir='ltr'>Petri</span> <span class='ocrx_word' id='word_1_315' title='bbox 347 4495 541 4556; x_wconf 90' lang='lat' dir='ltr'>balneatoris</span> <span class='ocrx_word' id='word_1_316' title='bbox 573 4496 733 4574; x_wconf 87' lang='lat' dir='ltr'>habitam,</span> <span class='ocrx_word' id='word_1_317' title='bbox 767 4497 903 4578; x_wconf 89' lang='lat' dir='ltr'>desuper</span> <span class='ocrx_word' id='word_1_318' title='bbox 937 4516 954 4555; x_wconf 91' lang='lat' dir='ltr'>a</span> <span class='ocrx_word' id='word_1_319' title='bbox 986 4495 1037 4554; x_wconf 91' lang='lat' dir='ltr'>via</span> <span class='ocrx_word' id='word_1_320' title='bbox 1062 4493 1226 4553; x_wconf 91' lang='lat' dir='ltr'>communi</span> <span class='ocrx_word' id='word_1_321' title='bbox 1259 4513 1386 4576; x_wconf 88' lang='lat' dir='ltr'>magna,</span> 
     </span>
     <span class='ocr_line' id='line_1_40' title="bbox 123 4597 1384 4684; baseline 0.005 -25"><span class='ocrx_word' id='word_1_322' title='bbox 123 4597 205 4660; x_wconf 83' lang='lat' dir='ltr'>infra</span> <span class='ocrx_word' id='word_1_323' title='bbox 229 4619 331 4681; x_wconf 89' lang='lat' dir='ltr'>usque</span> <span class='ocrx_word' id='word_1_324' title='bbox 357 4601 495 4662; x_wconf 90' lang='lat' dir='ltr'>rivulum</span> <span class='ocrx_word' id='word_1_325' title='bbox 514 4622 586 4663; x_wconf 92' lang='lat' dir='ltr'>curn</span> <span class='ocrx_word' id='word_1_326' title='bbox 611 4603 750 4684; x_wconf 91' lang='lat' dir='ltr'>virgulto</span> <span class='ocrx_word' id='word_1_327' title='bbox 772 4602 875 4664; x_wconf 91' lang='lat' dir='ltr'>eidem</span> <span class='ocrx_word' id='word_1_328' title='bbox 893 4600 1069 4678; x_wconf 82' lang='lat' dir='ltr'>subjacenti</span> <span class='ocrx_word' id='word_1_329' title='bbox 1089 4617 1120 4657; x_wconf 91' lang='lat' dir='ltr'>se</span> <span class='ocrx_word' id='word_1_330' title='bbox 1147 4599 1384 4682; x_wconf 89' lang='lat' dir='ltr'>extendentem,</span> 
     </span>
     <span class='ocr_line' id='line_1_41' title="bbox 124 4703 1387 4790; baseline 0.003 -24"><span class='ocrx_word' id='word_1_331' title='bbox 124 4704 253 4767; x_wconf 86' lang='lat' dir='ltr'>Thome</span> <span class='ocrx_word' id='word_1_332' title='bbox 278 4704 369 4768; x_wconf 83' lang='lat' dir='ltr'>labro</span> <span class='ocrx_word' id='word_1_333' title='bbox 394 4709 545 4788; x_wconf 89' lang='lat' dir='ltr'>magistro</span> <span class='ocrx_word' id='word_1_334' title='bbox 562 4709 678 4789; x_wconf 90' lang='lat' dir='ltr'>orlogii</span> <span class='ocrx_word' id='word_1_335' title='bbox 703 4707 769 4769; x_wconf 89' lang='lat' dir='ltr'>filio</span> <span class='ocrx_word' id='word_1_336' title='bbox 788 4709 870 4769; x_wconf 92' lang='lat' dir='ltr'>Petri</span> <span class='ocrx_word' id='word_1_337' title='bbox 889 4729 925 4768; x_wconf 91' lang='lat' dir='ltr'>ex</span> <span class='ocrx_word' id='word_1_338' title='bbox 944 4724 1100 4768; x_wconf 91' lang='lat' dir='ltr'>consensu</span> <span class='ocrx_word' id='word_1_339' title='bbox 1118 4703 1297 4767; x_wconf 90' lang='lat' dir='ltr'>vicinorum</span> <span class='ocrx_word' id='word_1_340' title='bbox 1316 4729 1387 4790; x_wconf 88' lang='lat' dir='ltr'>pre·</span> 
     </span>
    </p>
   </div>
   <div class='ocr_carea' id='block_1_3' title="bbox 124 4810 1385 4973">
    <p class='ocr_par' dir='ltr' id='par_1_8' title="bbox 124 4810 1385 4973">
     <span class='ocr_line' id='line_1_42' title="bbox 124 4810 1385 4895; baseline 0.008 -23"><span class='ocrx_word' id='word_1_341' title='bbox 124 4810 282 4874; x_wconf 90' lang='lat' dir='ltr'>dictorum</span> <span class='ocrx_word' id='word_1_342' title='bbox 315 4832 372 4895; x_wconf 95' lang='lat' dir='ltr'>pro</span> <span class='ocrx_word' id='word_1_343' title='bbox 400 4814 550 4875; x_wconf 92' lang='lat' dir='ltr'>tredecim</span> <span class='ocrx_word' id='word_1_344' title='bbox 585 4814 652 4878; x_wconf 88' lang='lat' dir='ltr'>flor.</span> <span class='ocrx_word' id='word_1_345' title='bbox 685 4815 752 4875; x_wconf 88' lang='lat' dir='ltr'>auri</span> <span class='ocrx_word' id='word_1_346' title='bbox 778 4814 922 4875; x_wconf 89' lang='lat' dir='ltr'>vendidit</span> <span class='ocrx_word' id='word_1_347' title='bbox 955 4827 1110 4895; x_wconf 92' lang='lat' dir='ltr'>perpetuo</span> <span class='ocrx_word' id='word_1_348' title='bbox 1145 4813 1385 4890; x_wconf 90' lang='lat' dir='ltr'>possidendam.</span> 
     </span>
     <span class='ocr_line' id='line_1_43' title="bbox 1286 4910 1321 4973; baseline 0.057 -2"><span class='ocrx_word' id='word_1_349' title='bbox 1286 4910 1321 4973; x_wconf 88' lang='lat'>18</span> 
     </span>
    </p>
   </div>
   <div class='ocr_carea' id='block_1_4' title="bbox 0 0 1583 5364">
    <p class='ocr_par' dir='ltr' id='par_1_9' title="bbox 0 0 1583 5364">
     <span class='ocr_line' id='line_1_44' title="bbox 0 0 1583 5364; baseline 0 0"><span class='ocrx_word' id='word_1_350' title='bbox 0 0 1583 5364; x_wconf 95' lang='lat' dir='ltr'> </span> 
     </span>
    </p>
   </div>
  </div>
 </body>
</html>
