3156 5364
550 489 752 566 Ann01524.
777 521 819 530 -
843 484 874 549 8.
899 488 1012 562 aprilis.
1355 506 1412 569 231

138 701 273 782 precise
298 712 461 762 monetam
487 717 616 759 auream
649 698 779 779 qualem
804 697 908 758 eidem
934 698 1047 759 doctor
1065 710 1277 776 mutuaverat,
1302 711 1333 760 ct
1356 698 1418 761 hoc

140 808 400 870 instrumentum
418 806 457 866 de
481 825 567 866 anno
591 805 670 886 1518
697 819 763 866 erat
780 803 974 867 confectum.
993 805 1148 866 Produxit
1164 819 1307 887 preterea
1325 825 1417 887 quas·

136 915 222 976 dam
250 914 358 975 literas
383 913 482 996 ipsius
507 911 662 973 lobannis
687 911 787 972 Maria
821 931 907 972 anno
938 931 1013 992 ¹52¹
1042 912 1185 993 scriptas,
1210 912 1327 993 quibus
1351 912 1419 995 ipse

135 1022 313 1083 Johanncs
338 1019 462 1081 doctori
488 1019 621 1079 domum
657 1019 688 1079 in
722 1033 841 1081 sortem
866 1019 975 1079 asserti
1009 1018 1109 1079 debiti
1143 1018 1419 1100 assigna13intel-

135 1127 239 1191 lectis
264 1140 371 1189 autcm
396 1125 563 1206 utriusque
595 1125 693 1206 partis
724 1123 1005 1206 propositionibus
1037 1139 1068 1186 et
1092 1124 1263 1207 responsis,
1295 1124 1419 1207 scriptis

137 1254 282 1317 quoque
308 1253 364 1316 per
388 1232 497 1294 omnia
514 1231 663 1313 perlectis
687 1244 717 1291 et
741 1229 921 1308 intellectis,
939 1229 1033 1309 jurati
1055 1231 1161 1293 taliter
1183 1230 1419 1312 adjudicarunt,

136 1341 236 1425 quod
264 1341 338 1402 licet
355 1337 584 1421 obligaciolne)
611 1339 724 1400 doctor
745 1338 833 1420 prior
850 1351 995 1420 tempore
1019 1338 1069 1416 sit,
1094 1353 1201 1400 tamen
1227 1358 1285 1421 pro
1302 1338 1418 1400 eodem

135 1449 260 1510 debito
286 1446 449 1508 lohannes
473 1445 574 1506 Maria
592 1444 717 1506 doctori
742 1445 848 1505 nullas
865 1464 914 1505 res
934 1445 1101 1525 obligavit,
1124 1444 1180 1505 scd
1198 1445 1335 1506 eandem
1352 1463 1419 1506 mo·

135 1568 257 1616 uetant
282 1571 412 1614 auream
438 1551 602 1613 restituere
628 1551 861 1633 compromisit,
894 1571 966 1612 cum
1002 1565 1109 1613 autem
1132 1551 1195 1632 jam
1221 1571 1307 1613 anno
1336 1570 1413 1632 1521

138 1660 260 1722 literas
284 1659 372 1720 misit
395 1657 520 1719 doctori
538 1659 704 1739 assignans
725 1657 831 1718 eidem
849 1657 984 1718 domum
1008 1677 1067 1739 pro
1085 1657 1206 1735 debito,
1231 1676 1296 1718 non
1314 1657 1419 1739 potuit

137 1766 209 1828 hoc
236 1764 354 1843 lacere,
378 1764 454 1845 quia
478 1762 542 1844 jam
566 1764 675 1824 omnia
708 1765 792 1824 bona
821 1784 877 1824 sua
910 1765 1075 1846 presencia
1100 1777 1131 1826 et
1156 1762 1262 1826 lutura
1294 1763 1417 1844 obliga-

143 1887 251 1951 verat,
275 1873 318 1934 ob
343 1871 404 1933 hoc
429 1870 553 1953 Gaspar
571 1871 705 1932 domum
724 1872 824 1954 ipsam
843 1869 971 1949 habere,
1000 1872 1100 1932 immo
1125 1871 1186 1933 alia
1213 1871 1313 1933 eciam
1332 1871 1418 1932 bona

140 1980 251 2063 ipsius
275 1977 432 2039 iohannis
456 1977 653 2058 ubicumque
678 1990 802 2058 reperta
828 1977 990 2058 requirere
1015 1977 1140 2055 debeat,
1166 1977 1280 2039 doctor
1305 1989 1414 2038 autem

143 2086 294 2168 requirat
317 2097 481 2146 monetam
505 2103 596 2144 suam
621 2103 750 2145 auream
776 2086 816 2144 ab
840 2084 910 2163 ipso
935 2082 1090 2146 lohanne.

258 2210 335 2270 ltem
372 2209 487 2270 eodem
523 2209 586 2287 die,
619 2209 701 2271 inter
736 2209 909 2270 Martinum
943 2208 1151 2293 Dedkowych
1189 2222 1219 2270 et
1252 2206 1416 2269 Thomam

141 2314 363 2397 Brozowych,
388 2314 443 2394 qui
469 2314 500 2375 in
526 2314 575 2374 via
601 2313 716 2395 jurgati
741 2315 974 2397 vituperiisque
995 2315 1115 2376 mutuis
1140 2334 1208 2377 sese
1232 2311 1417 2392 afficientes,

141 2422 281 2485 tandem
306 2421 373 2502 ipse
399 2421 556 2482 Martinus
581 2420 745 2482 Thomam
764 2420 871 2502 lapide
896 2436 1007 2503 arepto
1032 2420 1193 2499 jaculavit,
1219 2440 1284 2482 non
1308 2434 1417 2482 tamen

144 2529 232 2605 lesit,
258 2527 405 2589 Thomas
429 2547 506 2588 vero
531 2527 633 2588 securi
658 2528 764 2590 eidem
789 2528 820 2588 in
851 2528 954 2610 capite
978 2528 1096 2589 vulnus
1128 2527 1296 2605 inflixerat,
1321 2540 1417 2608 prout

143 2654 246 2718 super
271 2633 332 2695 hoc
356 2646 452 2695 testes
469 2649 543 2695 sunt
562 2634 721 2716 producti,
739 2635 832 2715 jurati
856 2635 1091 2715 adjudicarunt,
1109 2649 1143 2696 ut
1167 2635 1242 2716 quia
1262 2635 1418 2695 Martinus

142 2743 255 2825 primo
273 2741 437 2823 inceperat
453 2755 621 2823 propterea
640 2741 780 2802 mediam
799 2756 920 2822 partem
943 2741 1057 2822 viginti
1075 2741 1219 2823 quinque
1234 2759 1418 2823 pensarum,

144 2849 268 2930 quibus
293 2846 439 2908 Thomas
463 2848 569 2910 eidem
589 2848 779 2909 convinctus
810 2846 920 2908 luisset
945 2868 1009 2909 non
1035 2848 1167 2910 habebit
1189 2869 1254 2926 sex,
1286 2847 1416 2909 taudem

144 2955 215 3037 ipse
242 2953 391 3015 Thomas
413 2953 470 3014 lesi
496 2954 623 3015 medico
648 2953 830 3032 satisfaciat,
855 2969 885 3015 et
909 2955 976 3016 leso
1001 2955 1032 3015 in
1058 2955 1165 3037 pensis
1190 2954 1361 3015 duodecim
1388 2966 1418 3014 et

142 3061 264 3138 media,
289 3058 387 3139 judici
412 3079 485 3121 cum
509 3059 618 3142 juratis
643 3061 674 3120 in
700 3060 842 3141 quinque
860 3061 966 3142 pensis
989 3062 1179 3122 convinctus
1202 3060 1367 3123 habeatur.

423 3314 519 3388 Faria
548 3326 645 3387 sexta
674 3324 753 3388 ante
781 3316 982 3389 dominicam
1011 3315 1143 3406 Judica.

676 3492 739 3561 (11.
763 3489 885 3565 rrrartir).

255 3649 394 3713 Michael
419 3649 609 3733 Oprasnych
634 3649 674 3710 ad
700 3649 889 3709 instanciam
920 3649 1003 3710 Petri
1030 3649 1145 3709 literati
1171 3649 1276 3730 primo
1302 3650 1417 3711 citatus

148 3780 213 3822 non
239 3758 431 3839 comparuit.

260 3882 337 3943 ltcm
363 3881 475 3943 eadem
501 3881 551 3942 die
586 3880 748 3941 lohannes
780 3879 1010 3962 Lonchyarych
1043 3879 1082 3940 ad
1116 3879 1305 3940 instanciam
1331 3880 1415 3940 Petri

148 3988 267 4052 literati
294 3987 399 4069 primo
424 3988 537 4049 citatus
560 4007 625 4048 non
650 3986 840 4067 comparuit.

256 4112 333 4173 Item
359 4112 473 4173 eadem
498 4112 550 4172 die
576 4110 738 4172 lohannes
757 4109 986 4194 Lonchyarych
1005 4112 1043 4171 ad
1064 4110 1251 4171 instanciam
1279 4109 1411 4190 Georgii

148 4238 261 4303 swpau
286 4218 391 4299 primo
416 4218 530 4279 citatus
554 4238 617 4278 non
644 4217 833 4298 comparuit.

147 4474 244 4549 Faria
274 4482 373 4544 sexta
401 4474 479 4562 post
504 4473 627 4544 testum
656 4475 745 4543 beati
767 4471 934 4543 Ambrosii
965 4470 1109 4560 episcopi
1139 4481 1171 4541 et
1201 4468 1416 4541 confessoris.

680 4640 726 4716 (8.
751 4643 881 4716 aprilis).

258 4803 456 4866 Laurentius
479 4805 593 4864 barber
610 4802 649 4863 ad
669 4803 855 4862 instanciam
877 4801 1031 4861 lobannis
1050 4798 1280 4882 Lonchyarych
1304 4798 1409 4878 primo

144 4915 263 4979 citatus
288 4929 354 4972 non
378 4910 568 4993 comparuit.
