<?xml version="1.0" encoding="UTF-8"?>
<!DOCTYPE html PUBLIC "-//W3C//DTD XHTML 1.0 Transitional//EN"
    "http://www.w3.org/TR/xhtml1/DTD/xhtml1-transitional.dtd">
<html xmlns="http://www.w3.org/1999/xhtml" xml:lang="en" lang="en">
 <head>
  <title>
</title>
<meta http-equiv="Content-Type" content="text/html;charset=utf-8" />
  <meta name='ocr-system' content='tesseract 3.04.00' />
  <meta name='ocr-capabilities' content='ocr_page ocr_carea ocr_par ocr_line ocrx_word'/>
</head>
<body>
  <div class='ocr_page' id='page_1' title='image "./monumentahistor17laszgoog_0514.png"; bbox 0 0 3142 5356; ppageno 0'>
   <div class='ocr_carea' id='block_1_1' title="bbox 539 285 738 362">
    <p class='ocr_par' dir='ltr' id='par_1_1' title="bbox 539 285 738 362">
     <span class='ocr_line' id='line_1_1' title="bbox 539 285 738 362; baseline 0.015 -19"><span class='ocrx_word' id='word_1_1' title='bbox 539 285 626 343; x_wconf 81' lang='lat' dir='ltr'>Anno</span> <span class='ocrx_word' id='word_1_2' title='bbox 648 297 738 362; x_wconf 78' lang='lat'><em>1427.</em></span> 
     </span>
    </p>
   </div>
   <div class='ocr_carea' id='block_1_2' title="bbox 1129 304 1271 398">
    <p class='ocr_par' dir='ltr' id='par_1_2' title="bbox 1129 304 1271 398">
     <span class='ocr_line' id='line_1_2' title="bbox 1129 304 1271 398; baseline 0 -34"><span class='ocrx_word' id='word_1_3' title='bbox 1129 304 1271 398; x_wconf 41' lang='grc' dir='ltr'>,Ἣ</span> 
     </span>
    </p>
   </div>
   <div class='ocr_carea' id='block_1_3' title="bbox 68 495 1274 4831">
    <p class='ocr_par' dir='ltr' id='par_1_3' title="bbox 68 495 1271 685">
     <span class='ocr_line' id='line_1_3' title="bbox 68 495 1271 578; baseline -0.001 -20"><span class='ocrx_word' id='word_1_4' title='bbox 68 516 120 557; x_wconf 87' lang='lat' dir='ltr'>um</span> <span class='ocrx_word' id='word_1_5' title='bbox 147 516 219 558; x_wconf 90' lang='lat' dir='ltr'>cum</span> <span class='ocrx_word' id='word_1_6' title='bbox 245 497 312 558; x_wconf 93' lang='lat' dir='ltr'>suis</span> <span class='ocrx_word' id='word_1_7' title='bbox 343 495 549 578; x_wconf 81' lang='lat' dir='ltr'>pertinenciis</span> <span class='ocrx_word' id='word_1_8' title='bbox 580 515 636 577; x_wconf 95' lang='lat' dir='ltr'>per</span> <span class='ocrx_word' id='word_1_9' title='bbox 664 495 771 555; x_wconf 89' lang='lat' dir='ltr'>nullos</span> <span class='ocrx_word' id='word_1_10' title='bbox 804 496 948 557; x_wconf 88' lang='lat' dir='ltr'>eiusdem</span> <span class='ocrx_word' id='word_1_11' title='bbox 974 515 1172 578; x_wconf 78' lang='lat' dir='ltr'>possessores</span> <span class='ocrx_word' id='word_1_12' title='bbox 1203 496 1271 557; x_wconf 91' lang='lat' dir='ltr'>ullo</span> 
     </span>
     <span class='ocr_line' id='line_1_4' title="bbox 68 601 1271 685; baseline -0.002 -20"><span class='ocrx_word' id='word_1_13' title='bbox 68 623 151 685; x_wconf 62' lang='lat' dir='ltr'>luam</span> <span class='ocrx_word' id='word_1_14' title='bbox 176 618 323 684; x_wconf 89' lang='lat' dir='ltr'>tempore</span> <span class='ocrx_word' id='word_1_15' title='bbox 348 623 365 665; x_wconf 95' lang='lat' dir='ltr'>a</span> <span class='ocrx_word' id='word_1_16' title='bbox 389 601 615 683; x_wconf 88' lang='lat' dir='ltr'>jurisdiccione</span> <span class='ocrx_word' id='word_1_17' title='bbox 645 601 782 662; x_wconf 86' lang='lat' dir='ltr'>civitatis</span> <span class='ocrx_word' id='word_1_18' title='bbox 806 602 901 664; x_wconf 90' lang='lat' dir='ltr'>avelli</span> <span class='ocrx_word' id='word_1_19' title='bbox 926 604 1026 684; x_wconf 85' lang='lat' dir='ltr'>possit</span> <span class='ocrx_word' id='word_1_20' title='bbox 1048 623 1104 664; x_wconf 91' lang='lat' dir='ltr'>seu</span> <span class='ocrx_word' id='word_1_21' title='bbox 1128 603 1271 665; x_wconf 90' lang='lat' dir='ltr'>alienari.</span> 
     </span>
    </p>

    <p class='ocr_par' dir='ltr' id='par_1_4' title="bbox 68 705 1273 2491">
     <span class='ocr_line' id='line_1_5' title="bbox 114 705 1272 790; baseline -0.001 -20"><span class='ocrx_word' id='word_1_22' title='bbox 114 709 190 770; x_wconf 90' lang='lat' dir='ltr'>ltem</span> <span class='ocrx_word' id='word_1_23' title='bbox 218 708 433 770; x_wconf 87' lang='lat' dir='ltr'>communitas</span> <span class='ocrx_word' id='word_1_24' title='bbox 458 705 659 768; x_wconf 90' lang='lat' dir='ltr'>confirmavit</span> <span class='ocrx_word' id='word_1_25' title='bbox 683 720 713 768; x_wconf 91' lang='lat' dir='ltr'>et</span> <span class='ocrx_word' id='word_1_26' title='bbox 736 709 881 770; x_wconf 87' lang='lat' dir='ltr'>restatuit</span> <span class='ocrx_word' id='word_1_27' title='bbox 905 709 1005 770; x_wconf 86' lang='lat' dir='ltr'>literis</span> <span class='ocrx_word' id='word_1_28' title='bbox 1028 709 1120 770; x_wconf 90' lang='lat' dir='ltr'>novis</span> <span class='ocrx_word' id='word_1_29' title='bbox 1144 708 1272 790; x_wconf 89' lang='lat' dir='ltr'>privile·</span> 
     </span>
     <span class='ocr_line' id='line_1_6' title="bbox 73 812 1271 894; baseline 0.001 -19"><span class='ocrx_word' id='word_1_30' title='bbox 73 815 146 875; x_wconf 84' lang='lat' dir='ltr'>ibus</span> <span class='ocrx_word' id='word_1_31' title='bbox 171 814 320 876; x_wconf 90' lang='lat' dir='ltr'>Michaeli</span> <span class='ocrx_word' id='word_1_32' title='bbox 346 828 376 874; x_wconf 93' lang='lat' dir='ltr'>et</span> <span class='ocrx_word' id='word_1_33' title='bbox 406 813 568 875; x_wconf 88' lang='lat' dir='ltr'>Clementi</span> <span class='ocrx_word' id='word_1_34' title='bbox 602 813 815 894; x_wconf 83' lang='lat' dir='ltr'>piscatoribus</span> <span class='ocrx_word' id='word_1_35' title='bbox 847 812 921 876; x_wconf 87' lang='lat' dir='ltr'>filiis</span> <span class='ocrx_word' id='word_1_36' title='bbox 946 814 1083 893; x_wconf 87' lang='lat' dir='ltr'>Crisani,</span> <span class='ocrx_word' id='word_1_37' title='bbox 1114 815 1271 876; x_wconf 89' lang='lat' dir='ltr'>habitato-</span> 
     </span>
     <span class='ocr_line' id='line_1_7' title="bbox 68 917 1270 1001; baseline 0 -20"><span class='ocrx_word' id='word_1_38' title='bbox 68 940 94 982; x_wconf 80' lang='lat' dir='ltr'>ts</span> <span class='ocrx_word' id='word_1_39' title='bbox 119 921 246 998; x_wconf 91' lang='lat' dir='ltr'>nostris,</span> <span class='ocrx_word' id='word_1_40' title='bbox 271 934 302 982; x_wconf 91' lang='lat' dir='ltr'>et</span> <span class='ocrx_word' id='word_1_41' title='bbox 327 921 469 1001; x_wconf 88' lang='lat' dir='ltr'>ipsorum</span> <span class='ocrx_word' id='word_1_42' title='bbox 488 917 660 980; x_wconf 88' lang='lat' dir='ltr'>heredibus</span> <span class='ocrx_word' id='word_1_43' title='bbox 679 920 841 1000; x_wconf 88' lang='lat' dir='ltr'>quandam</span> <span class='ocrx_word' id='word_1_44' title='bbox 861 921 987 982; x_wconf 89' lang='lat' dir='ltr'>vineam</span> <span class='ocrx_word' id='word_1_45' title='bbox 1012 919 1270 982; x_wconf 79' lang='lat' dir='ltr'>condicionalem</span> 
     </span>
     <span class='ocr_line' id='line_1_8' title="bbox 68 1025 1271 1107; baseline -0.002 -20"><span class='ocrx_word' id='word_1_46' title='bbox 68 1027 226 1088; x_wconf 74' lang='lat' dir='ltr'>territorio</span> <span class='ocrx_word' id='word_1_47' title='bbox 252 1027 351 1107; x_wconf 88' lang='lat' dir='ltr'>ipsius</span> <span class='ocrx_word' id='word_1_48' title='bbox 376 1025 512 1088; x_wconf 90' lang='lat' dir='ltr'>civitatis</span> <span class='ocrx_word' id='word_1_49' title='bbox 536 1025 765 1103; x_wconf 82' lang='lat' dir='ltr'>condicionali,</span> <span class='ocrx_word' id='word_1_50' title='bbox 793 1025 876 1087; x_wconf 91' lang='lat' dir='ltr'>inter</span> <span class='ocrx_word' id='word_1_51' title='bbox 893 1027 1002 1087; x_wconf 87' lang='lat' dir='ltr'>vineas</span> <span class='ocrx_word' id='word_1_52' title='bbox 1026 1025 1173 1087; x_wconf 88' lang='lat' dir='ltr'>similiter</span> <span class='ocrx_word' id='word_1_53' title='bbox 1197 1044 1271 1086; x_wconf 89' lang='lat' dir='ltr'>con-</span> 
     </span>
     <span class='ocr_line' id='line_1_9' title="bbox 71 1130 1272 1209; baseline -0.001 -15"><span class='ocrx_word' id='word_1_54' title='bbox 71 1133 184 1195; x_wconf 90' lang='lat' dir='ltr'>onales</span> <span class='ocrx_word' id='word_1_55' title='bbox 207 1133 384 1193; x_wconf 90' lang='lat' dir='ltr'>liberorum</span> <span class='ocrx_word' id='word_1_56' title='bbox 410 1152 465 1192; x_wconf 90' lang='lat' dir='ltr'>seu</span> <span class='ocrx_word' id='word_1_57' title='bbox 500 1151 719 1192; x_wconf 88' lang='lat' dir='ltr'>successorum</span> <span class='ocrx_word' id='word_1_58' title='bbox 755 1133 893 1193; x_wconf 90' lang='lat' dir='ltr'>condam</span> <span class='ocrx_word' id='word_1_59' title='bbox 918 1132 1002 1192; x_wconf 90' lang='lat' dir='ltr'>lwan</span> <span class='ocrx_word' id='word_1_60' title='bbox 1028 1131 1104 1193; x_wconf 90' lang='lat' dir='ltr'>dicti</span> <span class='ocrx_word' id='word_1_61' title='bbox 1129 1130 1272 1209; x_wconf 86' lang='lat' dir='ltr'>Obaliae‚</span> 
     </span>
     <span class='ocr_line' id='line_1_10' title="bbox 70 1237 1271 1320; baseline -0.002 -20"><span class='ocrx_word' id='word_1_62' title='bbox 70 1254 138 1300; x_wconf 90' lang='lat' dir='ltr'>arte</span> <span class='ocrx_word' id='word_1_63' title='bbox 162 1239 429 1320; x_wconf 85' lang='lat' dir='ltr'>septemtrionali,</span> <span class='ocrx_word' id='word_1_64' title='bbox 463 1254 534 1298; x_wconf 90' lang='lat' dir='ltr'>eta</span> <span class='ocrx_word' id='word_1_65' title='bbox 567 1252 655 1320; x_wconf 92' lang='lat' dir='ltr'>parte</span> <span class='ocrx_word' id='word_1_66' title='bbox 689 1238 895 1299; x_wconf 88' lang='lat' dir='ltr'>meridionali</span> <span class='ocrx_word' id='word_1_67' title='bbox 927 1238 1074 1299; x_wconf 90' lang='lat' dir='ltr'>similiter</span> <span class='ocrx_word' id='word_1_68' title='bbox 1097 1237 1271 1299; x_wconf 89' lang='lat' dir='ltr'>liberorum</span> 
     </span>
     <span class='ocr_line' id='line_1_11' title="bbox 88 1343 1272 1425; baseline -0.001 -19"><span class='ocrx_word' id='word_1_69' title='bbox 88 1364 310 1407; x_wconf 87' lang='lat' dir='ltr'>successorum</span> <span class='ocrx_word' id='word_1_70' title='bbox 347 1344 483 1405; x_wconf 89' lang='lat' dir='ltr'>condam</span> <span class='ocrx_word' id='word_1_71' title='bbox 510 1344 620 1404; x_wconf 93' lang='lat' dir='ltr'>lacobi</span> <span class='ocrx_word' id='word_1_72' title='bbox 646 1345 734 1425; x_wconf 90' lang='lat' dir='ltr'>parvi</span> <span class='ocrx_word' id='word_1_73' title='bbox 766 1343 908 1406; x_wconf 88' lang='lat' dir='ltr'>habitam</span> <span class='ocrx_word' id='word_1_74' title='bbox 934 1359 964 1406; x_wconf 92' lang='lat' dir='ltr'>et</span> <span class='ocrx_word' id='word_1_75' title='bbox 988 1345 1186 1420; x_wconf 85' lang='lat' dir='ltr'>existentem,</span> <span class='ocrx_word' id='word_1_76' title='bbox 1218 1344 1272 1405; x_wconf 90' lang='lat' dir='ltr'>de·</span> 
     </span>
     <span class='ocr_line' id='line_1_12' title="bbox 69 1449 1271 1531; baseline -0.001 -19"><span class='ocrx_word' id='word_1_77' title='bbox 69 1472 103 1513; x_wconf 92' lang='lat' dir='ltr'>er</span> <span class='ocrx_word' id='word_1_78' title='bbox 128 1473 145 1512; x_wconf 91' lang='lat' dir='ltr'>a</span> <span class='ocrx_word' id='word_1_79' title='bbox 170 1451 220 1511; x_wconf 90' lang='lat' dir='ltr'>via</span> <span class='ocrx_word' id='word_1_80' title='bbox 245 1450 410 1512; x_wconf 90' lang='lat' dir='ltr'>communi</span> <span class='ocrx_word' id='word_1_81' title='bbox 435 1450 591 1531; x_wconf 88' lang='lat' dir='ltr'>superiori</span> <span class='ocrx_word' id='word_1_82' title='bbox 617 1464 646 1510; x_wconf 91' lang='lat' dir='ltr'>et</span> <span class='ocrx_word' id='word_1_83' title='bbox 671 1449 753 1511; x_wconf 83' lang='lat' dir='ltr'>infra</span> <span class='ocrx_word' id='word_1_84' title='bbox 778 1470 880 1531; x_wconf 92' lang='lat' dir='ltr'>usque</span> <span class='ocrx_word' id='word_1_85' title='bbox 898 1451 992 1511; x_wconf 90' lang='lat' dir='ltr'>aliam</span> <span class='ocrx_word' id='word_1_86' title='bbox 1018 1451 1103 1511; x_wconf 90' lang='lat' dir='ltr'>viam</span> <span class='ocrx_word' id='word_1_87' title='bbox 1127 1469 1271 1511; x_wconf 89' lang='lat' dir='ltr'>commu·</span> 
     </span>
     <span class='ocr_line' id='line_1_13' title="bbox 68 1554 1273 1637; baseline -0.002 -18"><span class='ocrx_word' id='word_1_88' title='bbox 68 1557 257 1619; x_wconf 76' lang='lat' dir='ltr'>avidelicet</span> <span class='ocrx_word' id='word_1_89' title='bbox 291 1554 486 1632; x_wconf 78' lang='lat' dir='ltr'>inferiorem,</span> <span class='ocrx_word' id='word_1_90' title='bbox 511 1575 582 1616; x_wconf 91' lang='lat' dir='ltr'>curn</span> <span class='ocrx_word' id='word_1_91' title='bbox 608 1570 690 1616; x_wconf 88' lang='lat' dir='ltr'>terra</span> <span class='ocrx_word' id='word_1_92' title='bbox 724 1576 822 1616; x_wconf 91' lang='lat' dir='ltr'>vacua</span> <span class='ocrx_word' id='word_1_93' title='bbox 848 1569 878 1618; x_wconf 93' lang='lat' dir='ltr'>et</span> <span class='ocrx_word' id='word_1_94' title='bbox 910 1557 1027 1637; x_wconf 78' lang='lat' dir='ltr'>(hlorto</span> <span class='ocrx_word' id='word_1_95' title='bbox 1052 1556 1133 1617; x_wconf 92' lang='lat' dir='ltr'>inter</span> <span class='ocrx_word' id='word_1_96' title='bbox 1164 1556 1273 1617; x_wconf 90' lang='lat' dir='ltr'>vineas</span> 
     </span>
     <span class='ocr_line' id='line_1_14' title="bbox 68 1661 1271 1725; baseline -0.002 0"><span class='ocrx_word' id='word_1_97' title='bbox 68 1665 183 1725; x_wconf 82' lang='lat' dir='ltr'>dictam</span> <span class='ocrx_word' id='word_1_98' title='bbox 208 1664 294 1725; x_wconf 91' lang='lat' dir='ltr'>viam</span> <span class='ocrx_word' id='word_1_99' title='bbox 319 1682 525 1724; x_wconf 90' lang='lat' dir='ltr'>communem</span> <span class='ocrx_word' id='word_1_100' title='bbox 551 1661 736 1723; x_wconf 85' lang='lat' dir='ltr'>inferiorem</span> <span class='ocrx_word' id='word_1_101' title='bbox 758 1663 966 1724; x_wconf 80' lang='lat' dir='ltr'>existentibus</span> <span class='ocrx_word' id='word_1_102' title='bbox 989 1681 1022 1723; x_wconf 90' lang='lat' dir='ltr'>se</span> <span class='ocrx_word' id='word_1_103' title='bbox 1046 1662 1271 1723; x_wconf 85' lang='lat' dir='ltr'>extendentem</span> 
     </span>
     <span class='ocr_line' id='line_1_15' title="bbox 72 1765 1272 1849; baseline -0.003 -18"><span class='ocrx_word' id='word_1_104' title='bbox 72 1770 187 1831; x_wconf 92' lang='lat' dir='ltr'>rovido</span> <span class='ocrx_word' id='word_1_105' title='bbox 212 1769 349 1831; x_wconf 89' lang='lat' dir='ltr'>condam</span> <span class='ocrx_word' id='word_1_106' title='bbox 375 1770 444 1830; x_wconf 90' lang='lat' dir='ltr'>viro</span> <span class='ocrx_word' id='word_1_107' title='bbox 470 1769 605 1830; x_wconf 91' lang='lat' dir='ltr'>Nicolao</span> <span class='ocrx_word' id='word_1_108' title='bbox 630 1769 753 1829; x_wconf 90' lang='lat' dir='ltr'>cultore</span> <span class='ocrx_word' id='word_1_109' title='bbox 781 1788 893 1829; x_wconf 89' lang='lat' dir='ltr'>socero</span> <span class='ocrx_word' id='word_1_110' title='bbox 917 1767 1044 1849; x_wconf 90' lang='lat' dir='ltr'>providi</span> <span class='ocrx_word' id='word_1_111' title='bbox 1069 1767 1128 1828; x_wconf 91' lang='lat' dir='ltr'>viri</span> <span class='ocrx_word' id='word_1_112' title='bbox 1153 1765 1272 1828; x_wconf 87' lang='lat' dir='ltr'>Mathei</span> 
     </span>
     <span class='ocr_line' id='line_1_16' title="bbox 69 1873 1272 1957; baseline -0.002 -20"><span class='ocrx_word' id='word_1_113' title='bbox 69 1877 139 1938; x_wconf 90' lang='lat' dir='ltr'>lech</span> <span class='ocrx_word' id='word_1_114' title='bbox 163 1896 220 1957; x_wconf 94' lang='lat' dir='ltr'>pro</span> <span class='ocrx_word' id='word_1_115' title='bbox 246 1891 329 1936; x_wconf 91' lang='lat' dir='ltr'>certa</span> <span class='ocrx_word' id='word_1_116' title='bbox 354 1876 563 1956; x_wconf 89' lang='lat' dir='ltr'>pecuniarum</span> <span class='ocrx_word' id='word_1_117' title='bbox 589 1876 767 1955; x_wconf 90' lang='lat' dir='ltr'>quantitate</span> <span class='ocrx_word' id='word_1_118' title='bbox 800 1875 962 1935; x_wconf 88' lang='lat' dir='ltr'>venditam</span> <span class='ocrx_word' id='word_1_119' title='bbox 988 1893 1044 1956; x_wconf 91' lang='lat' dir='ltr'>per</span> <span class='ocrx_word' id='word_1_120' title='bbox 1069 1873 1211 1952; x_wconf 85' lang='lat' dir='ltr'>eosdem,</span> <span class='ocrx_word' id='word_1_121' title='bbox 1234 1873 1272 1935; x_wconf 92' lang='lat' dir='ltr'>li·</span> 
     </span>
     <span class='ocr_line' id='line_1_17' title="bbox 72 1979 1273 2063; baseline -0.002 -20"><span class='ocrx_word' id='word_1_122' title='bbox 72 1983 253 2063; x_wconf 89' lang='lat' dir='ltr'>santiquis</span> <span class='ocrx_word' id='word_1_123' title='bbox 285 1982 453 2043; x_wconf 86' lang='lat' dir='ltr'>casualiter</span> <span class='ocrx_word' id='word_1_124' title='bbox 485 1981 669 2063; x_wconf 88' lang='lat' dir='ltr'>deperditis,</span> <span class='ocrx_word' id='word_1_125' title='bbox 694 1983 753 2041; x_wconf 92' lang='lat' dir='ltr'>sub</span> <span class='ocrx_word' id='word_1_126' title='bbox 776 1981 966 2042; x_wconf 91' lang='lat' dir='ltr'>condicione</span> <span class='ocrx_word' id='word_1_127' title='bbox 999 1979 1077 2040; x_wconf 89' lang='lat' dir='ltr'>sexti</span> <span class='ocrx_word' id='word_1_128' title='bbox 1101 1979 1211 2040; x_wconf 86' lang='lat' dir='ltr'>eubuli</span> <span class='ocrx_word' id='word_1_129' title='bbox 1242 1993 1273 2041; x_wconf 93' lang='lat' dir='ltr'>et</span> 
     </span>
     <span class='ocr_line' id='line_1_18' title="bbox 68 2085 1272 2171; baseline -0.002 -22"><span class='ocrx_word' id='word_1_130' title='bbox 68 2109 150 2150; x_wconf 70' lang='lat' dir='ltr'>trum</span> <span class='ocrx_word' id='word_1_131' title='bbox 176 2108 336 2171; x_wconf 91' lang='lat' dir='ltr'>caponum</span> <span class='ocrx_word' id='word_1_132' title='bbox 361 2088 497 2168; x_wconf 86' lang='lat' dir='ltr'>singulis</span> <span class='ocrx_word' id='word_1_133' title='bbox 520 2088 612 2147; x_wconf 89' lang='lat' dir='ltr'>annis</span> <span class='ocrx_word' id='word_1_134' title='bbox 644 2089 684 2147; x_wconf 90' lang='lat' dir='ltr'>ab</span> <span class='ocrx_word' id='word_1_135' title='bbox 713 2087 824 2148; x_wconf 89' lang='lat' dir='ltr'>eadem</span> <span class='ocrx_word' id='word_1_136' title='bbox 858 2087 951 2147; x_wconf 91' lang='lat' dir='ltr'>vinea</span> <span class='ocrx_word' id='word_1_137' title='bbox 975 2085 1198 2147; x_wconf 86' lang='lat' dir='ltr'>communitati</span> <span class='ocrx_word' id='word_1_138' title='bbox 1222 2085 1272 2146; x_wconf 91' lang='lat' dir='ltr'>vel</span> 
     </span>
     <span class='ocr_line' id='line_1_19' title="bbox 68 2191 1271 2277; baseline -0.004 -20"><span class='ocrx_word' id='word_1_139' title='bbox 68 2197 185 2258; x_wconf 81' lang='lat' dir='ltr'>sitibus</span> <span class='ocrx_word' id='word_1_140' title='bbox 210 2215 267 2277; x_wconf 91' lang='lat' dir='ltr'>pro</span> <span class='ocrx_word' id='word_1_141' title='bbox 292 2209 437 2276; x_wconf 88' lang='lat' dir='ltr'>tempore</span> <span class='ocrx_word' id='word_1_142' title='bbox 456 2194 636 2255; x_wconf 90' lang='lat' dir='ltr'>constitutis</span> <span class='ocrx_word' id='word_1_143' title='bbox 659 2194 860 2275; x_wconf 88' lang='lat' dir='ltr'>temporibus</span> <span class='ocrx_word' id='word_1_144' title='bbox 877 2193 1039 2274; x_wconf 89' lang='lat' dir='ltr'>perpetuis</span> <span class='ocrx_word' id='word_1_145' title='bbox 1062 2191 1167 2252; x_wconf 90' lang='lat' dir='ltr'>danda</span> <span class='ocrx_word' id='word_1_146' title='bbox 1192 2204 1223 2254; x_wconf 92' lang='lat' dir='ltr'>et</span> <span class='ocrx_word' id='word_1_147' title='bbox 1240 2191 1271 2252; x_wconf 90' lang='lat' dir='ltr'>in</span> 
     </span>
     <span class='ocr_line' id='line_1_20' title="bbox 70 2297 1271 2385; baseline -0.004 -21"><span class='ocrx_word' id='word_1_148' title='bbox 70 2304 139 2385; x_wconf 90' lang='lat' dir='ltr'>pria</span> <span class='ocrx_word' id='word_1_149' title='bbox 157 2317 286 2364; x_wconf 89' lang='lat' dir='ltr'>vectura</span> <span class='ocrx_word' id='word_1_150' title='bbox 304 2302 512 2363; x_wconf 90' lang='lat' dir='ltr'>conducenda</span> <span class='ocrx_word' id='word_1_151' title='bbox 532 2300 599 2381; x_wconf 83' lang='lat' dir='ltr'>jure</span> <span class='ocrx_word' id='word_1_152' title='bbox 617 2314 773 2381; x_wconf 91' lang='lat' dir='ltr'>perpetuo</span> <span class='ocrx_word' id='word_1_153' title='bbox 791 2299 1019 2381; x_wconf 90' lang='lat' dir='ltr'>possidendam</span> <span class='ocrx_word' id='word_1_154' title='bbox 1044 2312 1075 2360; x_wconf 92' lang='lat' dir='ltr'>et</span> <span class='ocrx_word' id='word_1_155' title='bbox 1091 2297 1271 2380; x_wconf 89' lang='lat' dir='ltr'>quomodo·</span> 
     </span>
     <span class='ocr_line' id='line_1_21' title="bbox 68 2405 1123 2491; baseline -0.004 -21"><span class='ocrx_word' id='word_1_156' title='bbox 68 2429 149 2491; x_wconf 83' lang='lat' dir='ltr'>nque</span> <span class='ocrx_word' id='word_1_157' title='bbox 175 2408 336 2468; x_wconf 88' lang='lat' dir='ltr'>voluerint</span> <span class='ocrx_word' id='word_1_158' title='bbox 361 2407 595 2488; x_wconf 87' lang='lat' dir='ltr'>disponendam</span> <span class='ocrx_word' id='word_1_159' title='bbox 619 2407 703 2488; x_wconf 87' lang='lat' dir='ltr'>juxta</span> <span class='ocrx_word' id='word_1_160' title='bbox 729 2406 953 2468; x_wconf 91' lang='lat' dir='ltr'>condicionem</span> <span class='ocrx_word' id='word_1_161' title='bbox 979 2405 1123 2466; x_wconf 90' lang='lat' dir='ltr'>civitatis.</span> 
     </span>
    </p>

    <p class='ocr_par' dir='ltr' id='par_1_5' title="bbox 68 2509 1273 4086">
     <span class='ocr_line' id='line_1_22' title="bbox 116 2509 1272 2594; baseline -0.003 -19"><span class='ocrx_word' id='word_1_162' title='bbox 116 2515 194 2576; x_wconf 91' lang='lat' dir='ltr'>ltern</span> <span class='ocrx_word' id='word_1_163' title='bbox 220 2514 389 2594; x_wconf 84' lang='lat' dir='ltr'>religiosus</span> <span class='ocrx_word' id='word_1_164' title='bbox 412 2514 459 2573; x_wconf 93' lang='lat' dir='ltr'>vir</span> <span class='ocrx_word' id='word_1_165' title='bbox 485 2513 675 2574; x_wconf 90' lang='lat' dir='ltr'>Valentinus</span> <span class='ocrx_word' id='word_1_166' title='bbox 704 2512 800 2573; x_wconf 82' lang='lat' dir='ltr'>frater</span> <span class='ocrx_word' id='word_1_167' title='bbox 823 2512 1060 2574; x_wconf 87' lang='lat' dir='ltr'>Heremitarum</span> <span class='ocrx_word' id='word_1_168' title='bbox 1084 2509 1170 2572; x_wconf 89' lang='lat' dir='ltr'>filius</span> <span class='ocrx_word' id='word_1_169' title='bbox 1194 2509 1272 2572; x_wconf 91' lang='lat' dir='ltr'>Gre-</span> 
     </span>
     <span class='ocr_line' id='line_1_23' title="bbox 70 2617 1273 2700; baseline -0.002 -18"><span class='ocrx_word' id='word_1_170' title='bbox 70 2622 90 2682; x_wconf 90' lang='lat' dir='ltr'>ii</span> <span class='ocrx_word' id='word_1_171' title='bbox 118 2620 263 2697; x_wconf 88' lang='lat' dir='ltr'>Skertha,</span> <span class='ocrx_word' id='word_1_172' title='bbox 282 2619 428 2680; x_wconf 91' lang='lat' dir='ltr'>vendidit</span> <span class='ocrx_word' id='word_1_173' title='bbox 444 2619 607 2700; x_wconf 91' lang='lat' dir='ltr'>quandam</span> <span class='ocrx_word' id='word_1_174' title='bbox 627 2620 813 2700; x_wconf 89' lang='lat' dir='ltr'>porcionem</span> <span class='ocrx_word' id='word_1_175' title='bbox 831 2619 923 2679; x_wconf 93' lang='lat' dir='ltr'>vinee</span> <span class='ocrx_word' id='word_1_176' title='bbox 948 2619 980 2679; x_wconf 93' lang='lat' dir='ltr'>in</span> <span class='ocrx_word' id='word_1_177' title='bbox 997 2618 1157 2680; x_wconf 92' lang='lat' dir='ltr'>territorio</span> <span class='ocrx_word' id='word_1_178' title='bbox 1174 2617 1273 2699; x_wconf 88' lang='lat' dir='ltr'>ipsius</span> 
     </span>
     <span class='ocr_line' id='line_1_24' title="bbox 72 2723 1273 2808; baseline -0.004 -19"><span class='ocrx_word' id='word_1_179' title='bbox 72 2728 146 2790; x_wconf 92' lang='lat' dir='ltr'>tatis</span> <span class='ocrx_word' id='word_1_180' title='bbox 171 2728 202 2787; x_wconf 92' lang='lat' dir='ltr'>in</span> <span class='ocrx_word' id='word_1_181' title='bbox 228 2727 378 2808; x_wconf 90' lang='lat' dir='ltr'>opposito</span> <span class='ocrx_word' id='word_1_182' title='bbox 404 2726 536 2787; x_wconf 89' lang='lat' dir='ltr'>ecclesie</span> <span class='ocrx_word' id='word_1_183' title='bbox 558 2727 642 2787; x_wconf 91' lang='lat' dir='ltr'>beati</span> <span class='ocrx_word' id='word_1_184' title='bbox 660 2724 792 2806; x_wconf 89' lang='lat' dir='ltr'>Georgii</span> <span class='ocrx_word' id='word_1_185' title='bbox 818 2725 956 2786; x_wconf 90' lang='lat' dir='ltr'>martiris</span> <span class='ocrx_word' id='word_1_186' title='bbox 977 2725 1047 2802; x_wconf 89' lang='lat' dir='ltr'>site,</span> <span class='ocrx_word' id='word_1_187' title='bbox 1066 2723 1149 2785; x_wconf 92' lang='lat' dir='ltr'>inter</span> <span class='ocrx_word' id='word_1_188' title='bbox 1165 2723 1273 2784; x_wconf 90' lang='lat' dir='ltr'>vineas</span> 
     </span>
     <span class='ocr_line' id='line_1_25' title="bbox 93 2829 1271 2916; baseline -0.003 -22"><span class='ocrx_word' id='word_1_189' title='bbox 93 2833 220 2915; x_wconf 89' lang='lat' dir='ltr'>providi</span> <span class='ocrx_word' id='word_1_190' title='bbox 239 2833 369 2916; x_wconf 90' lang='lat' dir='ltr'>Gyurak</span> <span class='ocrx_word' id='word_1_191' title='bbox 395 2831 551 2893; x_wconf 88' lang='lat' dir='ltr'>carnificis</span> <span class='ocrx_word' id='word_1_192' title='bbox 569 2831 625 2893; x_wconf 91' lang='lat' dir='ltr'>filii</span> <span class='ocrx_word' id='word_1_193' title='bbox 642 2832 876 2915; x_wconf 87' lang='lat' dir='ltr'>Matheykouis,</span> <span class='ocrx_word' id='word_1_194' title='bbox 900 2851 918 2892; x_wconf 91' lang='lat' dir='ltr'>a</span> <span class='ocrx_word' id='word_1_195' title='bbox 942 2845 1029 2912; x_wconf 91' lang='lat' dir='ltr'>parte</span> <span class='ocrx_word' id='word_1_196' title='bbox 1055 2829 1271 2907; x_wconf 92' lang='lat' dir='ltr'>meridionali,</span> 
     </span>
     <span class='ocr_line' id='line_1_26' title="bbox 68 2936 1272 3021; baseline -0.004 -19"><span class='ocrx_word' id='word_1_197' title='bbox 68 2955 141 3002; x_wconf 82' lang='lat' dir='ltr'>arte</span> <span class='ocrx_word' id='word_1_198' title='bbox 166 2960 243 3001; x_wconf 92' lang='lat' dir='ltr'>vero</span> <span class='ocrx_word' id='word_1_199' title='bbox 267 2940 521 3021; x_wconf 89' lang='lat' dir='ltr'>septemtrionali</span> <span class='ocrx_word' id='word_1_200' title='bbox 554 2958 651 3016; x_wconf 90' lang='lat' dir='ltr'>penes</span> <span class='ocrx_word' id='word_1_201' title='bbox 682 2939 808 2998; x_wconf 89' lang='lat' dir='ltr'>vineam</span> <span class='ocrx_word' id='word_1_202' title='bbox 842 2937 1009 2999; x_wconf 87' lang='lat' dir='ltr'>Jacomelli</span> <span class='ocrx_word' id='word_1_203' title='bbox 1036 2936 1127 3016; x_wconf 90' lang='lat' dir='ltr'>jurati</span> <span class='ocrx_word' id='word_1_204' title='bbox 1154 2936 1272 3012; x_wconf 90' lang='lat' dir='ltr'>habite,</span> 
     </span>
     <span class='ocr_line' id='line_1_27' title="bbox 68 3042 1269 3127; baseline -0.006 -18"><span class='ocrx_word' id='word_1_205' title='bbox 68 3062 142 3109; x_wconf 72' lang='lat' dir='ltr'>»arte</span> <span class='ocrx_word' id='word_1_206' title='bbox 161 3048 253 3107; x_wconf 91' lang='lat' dir='ltr'>vinee</span> <span class='ocrx_word' id='word_1_207' title='bbox 271 3046 346 3106; x_wconf 88' lang='lat' dir='ltr'>dicti</span> <span class='ocrx_word' id='word_1_208' title='bbox 372 3044 503 3127; x_wconf 87' lang='lat' dir='ltr'>Gyurak</span> <span class='ocrx_word' id='word_1_209' title='bbox 522 3044 677 3105; x_wconf 87' lang='lat' dir='ltr'>carnificis</span> <span class='ocrx_word' id='word_1_210' title='bbox 696 3045 800 3121; x_wconf 88' lang='lat' dir='ltr'>sitam,</span> <span class='ocrx_word' id='word_1_211' title='bbox 825 3063 898 3105; x_wconf 90' lang='lat' dir='ltr'>curn</span> <span class='ocrx_word' id='word_1_212' title='bbox 915 3042 1055 3124; x_wconf 88' lang='lat' dir='ltr'>virgulto</span> <span class='ocrx_word' id='word_1_213' title='bbox 1073 3042 1178 3103; x_wconf 90' lang='lat' dir='ltr'>eidem</span> <span class='ocrx_word' id='word_1_214' title='bbox 1198 3062 1269 3122; x_wconf 93' lang='lat' dir='ltr'>por·</span> 
     </span>
     <span class='ocr_line' id='line_1_28' title="bbox 68 3149 1272 3235; baseline -0.003 -21"><span class='ocrx_word' id='word_1_215' title='bbox 68 3155 95 3215; x_wconf 86' lang='lat' dir='ltr'>ni</span> <span class='ocrx_word' id='word_1_216' title='bbox 128 3153 319 3235; x_wconf 89' lang='lat' dir='ltr'>pertinenti,</span> <span class='ocrx_word' id='word_1_217' title='bbox 352 3166 382 3212; x_wconf 92' lang='lat' dir='ltr'>et</span> <span class='ocrx_word' id='word_1_218' title='bbox 414 3152 484 3212; x_wconf 88' lang='lat' dir='ltr'>aliis</span> <span class='ocrx_word' id='word_1_219' title='bbox 520 3152 584 3212; x_wconf 89' lang='lat' dir='ltr'>suis</span> <span class='ocrx_word' id='word_1_220' title='bbox 616 3151 821 3231; x_wconf 88' lang='lat' dir='ltr'>pertinenciis</span> <span class='ocrx_word' id='word_1_221' title='bbox 844 3152 903 3210; x_wconf 90' lang='lat' dir='ltr'>sub</span> <span class='ocrx_word' id='word_1_222' title='bbox 935 3149 1126 3210; x_wconf 89' lang='lat' dir='ltr'>condicione</span> <span class='ocrx_word' id='word_1_223' title='bbox 1159 3161 1272 3230; x_wconf 89' lang='lat' dir='ltr'>quarte</span> 
     </span>
     <span class='ocr_line' id='line_1_29' title="bbox 68 3255 1272 3337; baseline -0.004 -17"><span class='ocrx_word' id='word_1_224' title='bbox 68 3261 107 3320; x_wconf 87' lang='lat' dir='ltr'>tis</span> <span class='ocrx_word' id='word_1_225' title='bbox 132 3259 240 3320; x_wconf 86' lang='lat' dir='ltr'>eubuli</span> <span class='ocrx_word' id='word_1_226' title='bbox 266 3259 331 3318; x_wconf 91' lang='lat' dir='ltr'>vini</span> <span class='ocrx_word' id='word_1_227' title='bbox 357 3258 397 3318; x_wconf 91' lang='lat' dir='ltr'>ad</span> <span class='ocrx_word' id='word_1_228' title='bbox 423 3259 544 3320; x_wconf 90' lang='lat' dir='ltr'>Cenam</span> <span class='ocrx_word' id='word_1_229' title='bbox 571 3257 703 3317; x_wconf 89' lang='lat' dir='ltr'>Domini</span> <span class='ocrx_word' id='word_1_230' title='bbox 738 3255 814 3318; x_wconf 84' lang='lat' dir='ltr'>seria</span> <span class='ocrx_word' id='word_1_231' title='bbox 839 3257 950 3337; x_wconf 90' lang='lat' dir='ltr'>quinta</span> <span class='ocrx_word' id='word_1_232' title='bbox 984 3274 1099 3336; x_wconf 81' lang='lat' dir='ltr'>magna</span> <span class='ocrx_word' id='word_1_233' title='bbox 1123 3255 1217 3315; x_wconf 91' lang='lat' dir='ltr'>nobis</span> <span class='ocrx_word' id='word_1_234' title='bbox 1241 3268 1272 3316; x_wconf 94' lang='lat' dir='ltr'>et</span> 
     </span>
     <span class='ocr_line' id='line_1_30' title="bbox 70 3361 1272 3446; baseline -0.006 -19"><span class='ocrx_word' id='word_1_235' title='bbox 70 3383 116 3427; x_wconf 92' lang='lat' dir='ltr'>tre</span> <span class='ocrx_word' id='word_1_236' title='bbox 143 3366 366 3426; x_wconf 90' lang='lat' dir='ltr'>communitati</span> <span class='ocrx_word' id='word_1_237' title='bbox 385 3365 547 3446; x_wconf 89' lang='lat' dir='ltr'>perpetuis</span> <span class='ocrx_word' id='word_1_238' title='bbox 571 3365 771 3444; x_wconf 90' lang='lat' dir='ltr'>temporibus</span> <span class='ocrx_word' id='word_1_239' title='bbox 788 3382 845 3443; x_wconf 93' lang='lat' dir='ltr'>per</span> <span class='ocrx_word' id='word_1_240' title='bbox 864 3381 1062 3443; x_wconf 87' lang='lat' dir='ltr'>possessores</span> <span class='ocrx_word' id='word_1_241' title='bbox 1085 3361 1184 3443; x_wconf 88' lang='lat' dir='ltr'>ipsius</span> <span class='ocrx_word' id='word_1_242' title='bbox 1200 3380 1272 3442; x_wconf 92' lang='lat' dir='ltr'>por·</span> 
     </span>
     <span class='ocr_line' id='line_1_31' title="bbox 68 3466 1271 3553; baseline -0.007 -19"><span class='ocrx_word' id='word_1_243' title='bbox 68 3474 112 3534; x_wconf 79' lang='lat' dir='ltr'>ais</span> <span class='ocrx_word' id='word_1_244' title='bbox 136 3472 269 3532; x_wconf 88' lang='lat' dir='ltr'>vinealis</span> <span class='ocrx_word' id='word_1_245' title='bbox 302 3491 359 3553; x_wconf 92' lang='lat' dir='ltr'>pro</span> <span class='ocrx_word' id='word_1_246' title='bbox 391 3487 536 3551; x_wconf 91' lang='lat' dir='ltr'>tempore</span> <span class='ocrx_word' id='word_1_247' title='bbox 568 3469 757 3530; x_wconf 90' lang='lat' dir='ltr'>constitutos</span> <span class='ocrx_word' id='word_1_248' title='bbox 781 3469 919 3529; x_wconf 90' lang='lat' dir='ltr'>dandam</span> <span class='ocrx_word' id='word_1_249' title='bbox 952 3481 983 3528; x_wconf 93' lang='lat' dir='ltr'>et</span> <span class='ocrx_word' id='word_1_250' title='bbox 1014 3466 1271 3548; x_wconf 90' lang='lat' dir='ltr'>persolvendam,</span> 
     </span>
     <span class='ocr_line' id='line_1_32' title="bbox 93 3574 1270 3659; baseline -0.004 -20"><span class='ocrx_word' id='word_1_251' title='bbox 93 3579 265 3640; x_wconf 88' lang='lat' dir='ltr'>duodecim</span> <span class='ocrx_word' id='word_1_252' title='bbox 293 3578 360 3639; x_wconf 88' lang='lat' dir='ltr'>flor.</span> <span class='ocrx_word' id='word_1_253' title='bbox 394 3579 461 3638; x_wconf 90' lang='lat' dir='ltr'>auri</span> <span class='ocrx_word' id='word_1_254' title='bbox 491 3578 584 3659; x_wconf 90' lang='lat' dir='ltr'>plene</span> <span class='ocrx_word' id='word_1_255' title='bbox 619 3576 789 3657; x_wconf 85' lang='lat' dir='ltr'>persolutis</span> <span class='ocrx_word' id='word_1_256' title='bbox 823 3576 967 3637; x_wconf 89' lang='lat' dir='ltr'>vendidit</span> <span class='ocrx_word' id='word_1_257' title='bbox 991 3587 1146 3656; x_wconf 87' lang='lat' dir='ltr'>perpetuo</span> <span class='ocrx_word' id='word_1_258' title='bbox 1171 3574 1270 3655; x_wconf 90' lang='lat' dir='ltr'>possi·</span> 
     </span>
     <span class='ocr_line' id='line_1_33' title="bbox 68 3682 1272 3764; baseline -0.005 -18"><span class='ocrx_word' id='word_1_259' title='bbox 68 3686 162 3762; x_wconf 76' lang='lat' dir='ltr'>idam,</span> <span class='ocrx_word' id='word_1_260' title='bbox 186 3685 272 3745; x_wconf 90' lang='lat' dir='ltr'>salva</span> <span class='ocrx_word' id='word_1_261' title='bbox 298 3685 360 3744; x_wconf 90' lang='lat' dir='ltr'>alia</span> <span class='ocrx_word' id='word_1_262' title='bbox 386 3685 539 3764; x_wconf 92' lang='lat' dir='ltr'>porcione</span> <span class='ocrx_word' id='word_1_263' title='bbox 572 3683 689 3742; x_wconf 93' lang='lat' dir='ltr'>vineali</span> <span class='ocrx_word' id='word_1_264' title='bbox 716 3682 859 3743; x_wconf 90' lang='lat' dir='ltr'>eiusdem</span> <span class='ocrx_word' id='word_1_265' title='bbox 893 3682 996 3759; x_wconf 87' lang='lat' dir='ltr'>vinee,</span> <span class='ocrx_word' id='word_1_266' title='bbox 1021 3699 1117 3761; x_wconf 90' lang='lat' dir='ltr'>quarn</span> <span class='ocrx_word' id='word_1_267' title='bbox 1142 3699 1159 3740; x_wconf 92' lang='lat' dir='ltr'>a</span> <span class='ocrx_word' id='word_1_268' title='bbox 1183 3693 1272 3761; x_wconf 92' lang='lat' dir='ltr'>parte</span> 
     </span>
     <span class='ocr_line' id='line_1_34' title="bbox 68 3785 1272 3870; baseline -0.004 -17"><span class='ocrx_word' id='word_1_269' title='bbox 68 3793 87 3853; x_wconf 87' lang='lat' dir='ltr'>ti</span> <span class='ocrx_word' id='word_1_270' title='bbox 113 3791 282 3852; x_wconf 89' lang='lat' dir='ltr'>Jacomelli</span> <span class='ocrx_word' id='word_1_271' title='bbox 317 3790 421 3869; x_wconf 81' lang='lat' dir='ltr'>jurati,</span> <span class='ocrx_word' id='word_1_272' title='bbox 455 3789 656 3870; x_wconf 81' lang='lat' dir='ltr'>Margaretha</span> <span class='ocrx_word' id='word_1_273' title='bbox 689 3789 797 3850; x_wconf 88' lang='lat' dir='ltr'>relicta</span> <span class='ocrx_word' id='word_1_274' title='bbox 822 3803 852 3849; x_wconf 94' lang='lat' dir='ltr'>et</span> <span class='ocrx_word' id='word_1_275' title='bbox 885 3787 1065 3870; x_wconf 88' lang='lat' dir='ltr'>Stephanus</span> <span class='ocrx_word' id='word_1_276' title='bbox 1088 3785 1173 3847; x_wconf 87' lang='lat' dir='ltr'>filius</span> <span class='ocrx_word' id='word_1_277' title='bbox 1197 3786 1272 3848; x_wconf 90' lang='lat' dir='ltr'>dicti</span> 
     </span>
     <span class='ocr_line' id='line_1_35' title="bbox 68 3893 1273 3980; baseline -0.004 -20"><span class='ocrx_word' id='word_1_278' title='bbox 68 3899 162 3980; x_wconf 76' lang='lat' dir='ltr'>egorii</span> <span class='ocrx_word' id='word_1_279' title='bbox 189 3899 248 3959; x_wconf 91' lang='lat' dir='ltr'>sub</span> <span class='ocrx_word' id='word_1_280' title='bbox 274 3898 371 3958; x_wconf 89' lang='lat' dir='ltr'>simili</span> <span class='ocrx_word' id='word_1_281' title='bbox 405 3917 502 3958; x_wconf 88' lang='lat' dir='ltr'>censu</span> <span class='ocrx_word' id='word_1_282' title='bbox 534 3910 645 3976; x_wconf 89' lang='lat' dir='ltr'>quarte</span> <span class='ocrx_word' id='word_1_283' title='bbox 678 3896 776 3977; x_wconf 87' lang='lat' dir='ltr'>partis</span> <span class='ocrx_word' id='word_1_284' title='bbox 800 3895 908 3956; x_wconf 89' lang='lat' dir='ltr'>cubuli</span> <span class='ocrx_word' id='word_1_285' title='bbox 933 3895 998 3954; x_wconf 93' lang='lat' dir='ltr'>vini</span> <span class='ocrx_word' id='word_1_286' title='bbox 1031 3893 1203 3954; x_wconf 90' lang='lat' dir='ltr'>literatorie</span> <span class='ocrx_word' id='word_1_287' title='bbox 1228 3893 1273 3955; x_wconf 89' lang='lat' dir='ltr'>di-</span> 
     </span>
     <span class='ocr_line' id='line_1_36' title="bbox 68 4004 388 4086; baseline -0.013 -18"><span class='ocrx_word' id='word_1_288' title='bbox 68 4020 188 4068; x_wconf 87' lang='lat' dir='ltr'>cuntur</span> <span class='ocrx_word' id='word_1_289' title='bbox 212 4004 388 4086; x_wconf 88' lang='lat' dir='ltr'>possidere.</span> 
     </span>
    </p>

    <p class='ocr_par' dir='ltr' id='par_1_6' title="bbox 68 4108 1274 4831">
     <span class='ocr_line' id='line_1_37' title="bbox 120 4108 1272 4191; baseline -0.002 -20"><span class='ocrx_word' id='word_1_290' title='bbox 120 4111 197 4172; x_wconf 92' lang='lat' dir='ltr'>ltem</span> <span class='ocrx_word' id='word_1_291' title='bbox 222 4111 413 4172; x_wconf 92' lang='lat' dir='ltr'>Valentinus</span> <span class='ocrx_word' id='word_1_292' title='bbox 438 4110 558 4191; x_wconf 89' lang='lat' dir='ltr'>juratus</span> <span class='ocrx_word' id='word_1_293' title='bbox 589 4108 673 4170; x_wconf 89' lang='lat' dir='ltr'>filius</span> <span class='ocrx_word' id='word_1_294' title='bbox 702 4108 776 4186; x_wconf 79' lang='lat' dir='ltr'>lvvlr,</span> <span class='ocrx_word' id='word_1_295' title='bbox 802 4109 942 4169; x_wconf 91' lang='lat' dir='ltr'>concivis</span> <span class='ocrx_word' id='word_1_296' title='bbox 966 4121 1084 4184; x_wconf 90' lang='lat' dir='ltr'>noster,</span> <span class='ocrx_word' id='word_1_297' title='bbox 1109 4108 1272 4188; x_wconf 89' lang='lat' dir='ltr'>quandam</span> 
     </span>
     <span class='ocr_line' id='line_1_38' title="bbox 68 4215 1273 4296; baseline -0.004 -17"><span class='ocrx_word' id='word_1_298' title='bbox 68 4238 139 4279; x_wconf 90' lang='lat' dir='ltr'>eam</span> <span class='ocrx_word' id='word_1_299' title='bbox 165 4217 422 4278; x_wconf 89' lang='lat' dir='ltr'>condicionalem</span> <span class='ocrx_word' id='word_1_300' title='bbox 442 4218 472 4276; x_wconf 89' lang='lat' dir='ltr'>in</span> <span class='ocrx_word' id='word_1_301' title='bbox 491 4217 655 4277; x_wconf 89' lang='lat' dir='ltr'>montibus</span> <span class='ocrx_word' id='word_1_302' title='bbox 681 4217 826 4276; x_wconf 90' lang='lat' dir='ltr'>eiusdem</span> <span class='ocrx_word' id='word_1_303' title='bbox 844 4215 980 4276; x_wconf 90' lang='lat' dir='ltr'>civitatis</span> <span class='ocrx_word' id='word_1_304' title='bbox 997 4234 1096 4296; x_wconf 90' lang='lat' dir='ltr'>prope</span> <span class='ocrx_word' id='word_1_305' title='bbox 1118 4215 1273 4276; x_wconf 89' lang='lat' dir='ltr'>terminos</span> 
     </span>
     <span class='ocr_line' id='line_1_39' title="bbox 91 4320 1272 4405; baseline -0.004 -20"><span class='ocrx_word' id='word_1_306' title='bbox 91 4338 191 4385; x_wconf 87' lang='lat' dir='ltr'>metas</span> <span class='ocrx_word' id='word_1_307' title='bbox 218 4325 317 4405; x_wconf 91' lang='lat' dir='ltr'>ipsius</span> <span class='ocrx_word' id='word_1_308' title='bbox 341 4324 488 4399; x_wconf 89' lang='lat' dir='ltr'>civitatis,</span> <span class='ocrx_word' id='word_1_309' title='bbox 515 4323 545 4383; x_wconf 92' lang='lat' dir='ltr'>in</span> <span class='ocrx_word' id='word_1_310' title='bbox 571 4323 731 4383; x_wconf 90' lang='lat' dir='ltr'>vicinitate</span> <span class='ocrx_word' id='word_1_311' title='bbox 750 4322 841 4382; x_wconf 89' lang='lat' dir='ltr'>vinee</span> <span class='ocrx_word' id='word_1_312' title='bbox 866 4324 906 4382; x_wconf 91' lang='lat' dir='ltr'>ab</span> <span class='ocrx_word' id='word_1_313' title='bbox 932 4341 993 4381; x_wconf 93' lang='lat' dir='ltr'>una</span> <span class='ocrx_word' id='word_1_314' title='bbox 1020 4335 1107 4402; x_wconf 90' lang='lat' dir='ltr'>parte</span> <span class='ocrx_word' id='word_1_315' title='bbox 1123 4320 1182 4381; x_wconf 93' lang='lat' dir='ltr'>viri</span> <span class='ocrx_word' id='word_1_316' title='bbox 1201 4339 1272 4402; x_wconf 93' lang='lat' dir='ltr'>pro·</span> 
     </span>
     <span class='ocr_line' id='line_1_40' title="bbox 68 4428 1271 4511; baseline -0.004 -19"><span class='ocrx_word' id='word_1_317' title='bbox 68 4433 77 4493; x_wconf 93' lang='lat' dir='ltr'>i</span> <span class='ocrx_word' id='word_1_318' title='bbox 103 4431 238 4492; x_wconf 90' lang='lat' dir='ltr'>Fabiani</span> <span class='ocrx_word' id='word_1_319' title='bbox 263 4431 451 4511; x_wconf 89' lang='lat' dir='ltr'>carpentarii</span> <span class='ocrx_word' id='word_1_320' title='bbox 475 4443 505 4489; x_wconf 91' lang='lat' dir='ltr'>et</span> <span class='ocrx_word' id='word_1_321' title='bbox 530 4444 617 4508; x_wconf 91' lang='lat' dir='ltr'>parte</span> <span class='ocrx_word' id='word_1_322' title='bbox 642 4431 681 4489; x_wconf 89' lang='lat' dir='ltr'>ab</span> <span class='ocrx_word' id='word_1_323' title='bbox 699 4429 797 4490; x_wconf 91' lang='lat' dir='ltr'>altera</span> <span class='ocrx_word' id='word_1_324' title='bbox 822 4448 912 4489; x_wconf 87' lang='lat' dir='ltr'>secus</span> <span class='ocrx_word' id='word_1_325' title='bbox 928 4428 1037 4488; x_wconf 86' lang='lat' dir='ltr'>vineas</span> <span class='ocrx_word' id='word_1_326' title='bbox 1062 4441 1168 4489; x_wconf 90' lang='lat' dir='ltr'>nostre</span> <span class='ocrx_word' id='word_1_327' title='bbox 1185 4446 1271 4488; x_wconf 91' lang='lat' dir='ltr'>com·</span> 
     </span>
     <span class='ocr_line' id='line_1_41' title="bbox 69 4533 1271 4616; baseline -0.003 -18"><span class='ocrx_word' id='word_1_328' title='bbox 69 4537 176 4599; x_wconf 88' lang='lat' dir='ltr'>nitatis</span> <span class='ocrx_word' id='word_1_329' title='bbox 200 4536 352 4609; x_wconf 89' lang='lat' dir='ltr'>habitam,</span> <span class='ocrx_word' id='word_1_330' title='bbox 378 4537 513 4616; x_wconf 90' lang='lat' dir='ltr'>desuper</span> <span class='ocrx_word' id='word_1_331' title='bbox 538 4557 555 4596; x_wconf 90' lang='lat' dir='ltr'>a</span> <span class='ocrx_word' id='word_1_332' title='bbox 580 4535 720 4616; x_wconf 89' lang='lat' dir='ltr'>quodam</span> <span class='ocrx_word' id='word_1_333' title='bbox 747 4534 876 4612; x_wconf 84' lang='lat' dir='ltr'>fossato,</span> <span class='ocrx_word' id='word_1_334' title='bbox 901 4533 981 4595; x_wconf 85' lang='lat' dir='ltr'>infra</span> <span class='ocrx_word' id='word_1_335' title='bbox 1007 4553 1108 4615; x_wconf 86' lang='lat' dir='ltr'>usque</span> <span class='ocrx_word' id='word_1_336' title='bbox 1132 4534 1271 4595; x_wconf 90' lang='lat' dir='ltr'>rivulum</span> 
     </span>
     <span class='ocr_line' id='line_1_42' title="bbox 70 4640 1274 4724; baseline -0.002 -20"><span class='ocrx_word' id='word_1_337' title='bbox 70 4644 182 4724; x_wconf 87' lang='lat' dir='ltr'>iquum</span> <span class='ocrx_word' id='word_1_338' title='bbox 207 4663 240 4704; x_wconf 90' lang='lat' dir='ltr'>se</span> <span class='ocrx_word' id='word_1_339' title='bbox 264 4644 501 4719; x_wconf 91' lang='lat' dir='ltr'>extendentem,</span> <span class='ocrx_word' id='word_1_340' title='bbox 526 4644 584 4702; x_wconf 90' lang='lat' dir='ltr'>sub</span> <span class='ocrx_word' id='word_1_341' title='bbox 609 4643 674 4702; x_wconf 90' lang='lat' dir='ltr'>suis</span> <span class='ocrx_word' id='word_1_342' title='bbox 690 4643 773 4703; x_wconf 91' lang='lat' dir='ltr'>veris</span> <span class='ocrx_word' id='word_1_343' title='bbox 797 4641 956 4723; x_wconf 86' lang='lat' dir='ltr'>prioribus</span> <span class='ocrx_word' id='word_1_344' title='bbox 977 4655 1008 4702; x_wconf 90' lang='lat' dir='ltr'>et</span> <span class='ocrx_word' id='word_1_345' title='bbox 1025 4640 1165 4721; x_wconf 91' lang='lat' dir='ltr'>antiquis</span> <span class='ocrx_word' id='word_1_346' title='bbox 1182 4640 1274 4701; x_wconf 87' lang='lat' dir='ltr'>metis</span> 
     </span>
     <span class='ocr_line' id='line_1_43' title="bbox 68 4746 1274 4831; baseline -0.002 -22"><span class='ocrx_word' id='word_1_347' title='bbox 68 4749 261 4811; x_wconf 88' lang='lat' dir='ltr'>condicione</span> <span class='ocrx_word' id='word_1_348' title='bbox 286 4765 316 4811; x_wconf 91' lang='lat' dir='ltr'>et</span> <span class='ocrx_word' id='word_1_349' title='bbox 341 4749 547 4831; x_wconf 88' lang='lat' dir='ltr'>pertinenciis</span> <span class='ocrx_word' id='word_1_350' title='bbox 572 4749 728 4810; x_wconf 89' lang='lat' dir='ltr'>universis</span> <span class='ocrx_word' id='word_1_351' title='bbox 752 4749 837 4810; x_wconf 91' lang='lat' dir='ltr'>Luce</span> <span class='ocrx_word' id='word_1_352' title='bbox 856 4746 921 4808; x_wconf 92' lang='lat' dir='ltr'>filio</span> <span class='ocrx_word' id='word_1_353' title='bbox 948 4747 1029 4809; x_wconf 88' lang='lat' dir='ltr'>Petri</span> <span class='ocrx_word' id='word_1_354' title='bbox 1055 4746 1094 4806; x_wconf 93' lang='lat' dir='ltr'>de</span> <span class='ocrx_word' id='word_1_355' title='bbox 1122 4747 1274 4807; x_wconf 79' lang='lat' dir='ltr'>Eiztricza</span> 
     </span>
    </p>
   </div>
   <div class='ocr_carea' id='block_1_4' title="bbox 0 0 1576 5356">
    <p class='ocr_par' dir='ltr' id='par_1_7' title="bbox 0 0 1576 5356">
     <span class='ocr_line' id='line_1_44' title="bbox 0 0 1576 5356; baseline 0 0"><span class='ocrx_word' id='word_1_356' title='bbox 0 0 1576 5356; x_wconf 95' lang='lat' dir='ltr'> </span> 
     </span>
    </p>
   </div>
  </div>
 </body>
</html>
