3142 5356
549 352 635 410 Μ
658 363 749 430 1397·
1240 372 1281 436 93

121 561 200 624 Item
225 562 367 626 Ericcius
397 560 487 625 faber
517 561 603 625 filius
635 564 759 625 Nemak
787 562 920 625 donavit
951 565 1114 646 quandam
1147 565 1281 628 domum

68 688 121 748 m,
144 688 243 731 unam
261 683 408 752 quartam
425 669 556 748 scilicet,
582 659 751 732 Elizabe'rh
769 668 833 734 lilie
858 685 889 732 et
905 670 1044 733 Johanni
1068 691 1188 753 genero
1205 673 1282 753 suis,

68 794 161 859 rpore
186 775 263 838 dicti
288 775 454 840 Johannis.

122 899 201 962 ltem
225 899 329 962 dictus
353 900 495 962 Briccius
530 898 618 962 faber
649 899 783 961 donavit
811 900 908 962 aliam
940 914 1087 982 quartam
1113 903 1278 966 cuiusdam

68 1026 134 1068 nus
156 1007 219 1069 alie
243 1004 310 1068 filie
328 1006 531 1088 Margaretha
553 1021 664 1068 vocata
690 1020 721 1068 et
738 1006 877 1069 Johenni
901 1028 1022 1088 genero
1039 1011 1115 1089 suis,
1138 1024 1282 1094 tempore

68 1115 92 1177 ri
121 1113 288 1178 Johannis.

122 1237 199 1299 Item
233 1236 409 1319 Gregorius
444 1237 578 1300 Sturcha
611 1252 642 1300 et
674 1237 842 1301 Elizabeth
874 1258 1006 1302 consors
1037 1260 1093 1302 sua
1118 1241 1280 1322 quandam

69 1363 143 1406 eam
162 1344 306 1426 ipsorum
326 1344 486 1427 Gregorio
504 1345 641 1406 condam
659 1344 763 1423 jurato
780 1359 890 1407 nostro
915 1346 1039 1408 concivi
1056 1364 1115 1429 pro
1139 1347 1281 1428 quodam

68 1451 205 1513 lendino
241 1451 387 1513 eiusdem
424 1450 572 1532 Gregorii
612 1451 877 1513 concambialiter
916 1451 1098 1533 dedissent,
1133 1467 1280 1536 tempore

68 1559 92 1621 ti
120 1557 287 1620 Johannis.

121 1664 200 1726 Item
237 1665 349 1727 Petrus
387 1663 575 1726 mechotreb
610 1664 756 1726 vendidit
791 1665 964 1747 quemdam
1001 1664 1138 1727 fundum
1174 1684 1280 1745 suum,

68 1790 115 1832 rm
140 1786 287 1852 quartam
312 1785 343 1833 et
370 1772 510 1833 mediam
543 1785 693 1850 octavam
713 1772 745 1833 in
780 1785 930 1854 postergo
954 1770 1046 1834 fundi
1070 1772 1130 1852 sui,
1156 1771 1277 1834 Mathei

68 1877 169 1957 uech,
192 1892 338 1961 tempore
365 1878 440 1940 dicti
466 1877 632 1940 Johannis.

122 2002 200 2064 ltem
225 2022 284 2065 nos
306 2016 373 2065 tota
391 2001 605 2065 communitas
630 2002 794 2064 recensitis
810 2015 841 2064 et
857 2001 1029 2064 reeordatis
1052 2001 1194 2064 serviciis
1212 2021 1279 2064 ma·

68 2109 103 2170 tri
130 2109 248 2171 Cosme
273 2109 437 2186 aurifabri,
456 2108 537 2170 hanc
561 2109 711 2170 duximus
733 2109 874 2189 graciam
892 2108 1074 2190 specialem,
1099 2107 1186 2190 quod
1212 2108 1279 2190 ipse

79 2216 222 2297 quadam
246 2236 303 2278 sua
327 2216 419 2277 vinea
445 2235 509 2277 non
531 2216 584 2276 det
600 2230 724 2278 sextum
748 2215 902 2277 cubulum
921 2229 1027 2277 nostre
1052 2215 1277 2277 communitati
1330 2246 1333 2251 ·

68 2321 210 2383 *veniens
234 2322 274 2384 de
291 2323 384 2384 vinea
408 2323 528 2383 scilicet
555 2342 654 2404 prope
675 2322 841 2384 ecclesiam
860 2320 944 2383 beati
970 2320 1102 2403 Georgii
1125 2320 1278 2385 habitam.

121 2427 199 2488 Item
225 2428 378 2490 Nicolaus
402 2426 487 2488 filius
504 2428 581 2488 Wlk
605 2427 751 2488 vendidit
775 2427 948 2509 quemdam
967 2426 1102 2488 fundum
1128 2446 1222 2488 suum
1246 2427 1277 2489 in

68 2555 85 2596 o
123 2535 352 2598 Theutonicali
387 2536 529 2597 habiturn
563 2536 734 2597 Valentino
767 2535 1000 2617 Zugenouich,
1026 2549 1170 2618 tempore
1200 2535 1275 2597 dicti

68 2642 182 2705 raonis.

120 2748 199 2810 ltem
223 2747 385 2810 Johaunes
409 2747 553 2828 Zagorch
578 2761 609 2809 et
626 2748 757 2809 domina
782 2747 937 2809 lannicha
962 2766 1092 2809 consors
1115 2765 1172 2808 sua
1190 2745 1291 2808 dedit-

68 2853 178 2915 rndam
202 2867 319 2916 terram
352 2854 495 2936 ipsorum
530 2854 693 2936 Stephano
725 2855 836 2916 sartori
870 2869 901 2916 et
933 2854 1034 2916 Elene
1058 2853 1196 2915 consorti
1221 2872 1277 2914 sue

68 2961 244 3042 »quolibet
267 2960 381 3041 viginti
406 2979 472 3022 uno
497 2959 566 3022 flor.
590 2961 670 3039 auri,
694 2975 840 3043 tempore
865 2960 941 3022 dicti
967 2959 1131 3023 Johannis.

119 3085 196 3147 ltem
222 3106 280 3148 nos
304 3086 519 3147 communitas
544 3086 576 3146 in
600 3099 709 3146 nostro
733 3085 876 3166 generali
902 3084 1037 3146 consilio
1062 3083 1275 3146 deliberando

68 3194 234 3255 omisimus
258 3193 410 3255 omnibus
435 3193 566 3253 introire
598 3193 783 3254 volentibus
807 3192 846 3254 ad
872 3206 1013 3254 nostram
1038 3191 1274 3273 possessionem

70 3300 234 3381 opulatam
253 3299 415 3360 Kobilzko
434 3312 590 3377 vocatam,
612 3299 791 3361 libertatern
810 3318 867 3380 per
882 3299 1026 3381 spacium
1044 3298 1155 3359 decem
1173 3317 1275 3359 anno-

68 3425 95 3485 n,
119 3420 264 3488 ternpore
290 3405 365 3467 dicti
391 3405 556 3467 Johannis.

118 3529 195 3592 ltem
221 3549 280 3591 nos
303 3530 518 3591 communitas
535 3530 642 3591 literas
659 3529 737 3591 alias
761 3543 885 3592 nostras
908 3529 1074 3590 Anthonio
1098 3528 1200 3608 jurato
1218 3505 1287 3589 de!

68 3654 136 3715 rus,
169 3637 244 3718 quia
276 3638 378 3719 prime
410 3637 500 3698 litere
525 3657 581 3698 sue
612 3650 702 3698 erant
733 3639 900 3699 combuste
933 3651 1077 3718 tempore
1111 3634 1195 3716 ignis
1228 3635 1289 3696 int

72 3742 128 3821 dii,
148 3757 292 3825 tempore
317 3743 392 3804 dicti
418 3743 583 3822 Johannis,
608 3743 690 3804 inter
706 3742 821 3805 domos
846 3743 995 3824 Gregorii
1013 3741 1129 3823 Angeli
1155 3755 1186 3802 et
1203 3741 1283 3824 My·-

68 3848 131 3912 elis
153 3850 293 3911 sartoris.

117 3955 195 4018 ltem
220 3974 279 4016 nos
295 3955 518 4017 communitas
541 3956 747 4017 vendidimus
764 3955 939 4038 quemdam
965 3954 1101 4016 fundum
1120 3953 1276 4017 Johannis

68 4060 208 4125 Gamaze
234 4064 316 4125 inter
341 4063 459 4124 fundos
485 4062 633 4144 Gregorii
666 4078 696 4124 et
721 4063 812 4125 Pauli
837 4063 894 4124 filii
922 4062 1048 4125 Mikech
1074 4062 1219 4124 habitum
1245 4078 1276 4125 et

68 4167 174 4230 indam
198 4170 325 4231 vineam
351 4171 433 4231 inter
459 4169 569 4231 vineas
601 4170 778 4232 liberorum
803 4170 960 4231 Anthonii
987 4170 1086 4232 Renis
1110 4184 1141 4231 et
1165 4169 1274 4251 Egidii

68 4275 123 4336 eka
147 4273 300 4354 habitam,
325 4288 470 4358 tempore
495 4275 570 4337 dicti
597 4276 762 4342 Johannis.

116 4399 194 4461 Item
226 4420 285 4462 nos
316 4401 532 4461 communitas
564 4401 770 4463 vendidimus
801 4401 977 4484 quemdam
1009 4400 1145 4463 fundum
1177 4402 1274 4464 simul

68 4506 206 4568 ndomo
241 4520 376 4585 murata,
407 4526 464 4589 pro
498 4508 597 4568 daciis
630 4508 754 4569 domini
787 4509 870 4590 regis
902 4523 932 4571 et
964 4509 1035 4570 aliis
1068 4508 1273 4570 serviciisab

71 4633 124 4676 em
147 4613 246 4676 domo
273 4615 442 4696 provenire
468 4614 671 4693 debentibus,
697 4615 826 4677 Thome
847 4616 975 4677 literato
1000 4613 1067 4676 filio
1092 4614 1166 4697 lsip,
1191 4615 1273 4677 inter

68 4740 124 4783 nos
149 4720 300 4804 Symonis
325 4720 492 4783 Pirentach
517 4736 547 4782 et
573 4721 701 4783 Martini
726 4723 829 4784 Zenar
847 4721 1000 4801 habitam,
1024 4736 1169 4803 tempore
1194 4720 1272 4783 dicti

68 4847 174 4892 annu.
