3142 5356
147 457 211 536 256
706 455 858 516 Addenda.

253 668 340 729 Idem
366 667 466 729 lassus
490 681 547 746 est,
572 666 660 748 quod
685 666 859 748 quamdam
885 686 1039 749 equacem
1066 667 1233 728 cuiusdam
1261 666 1413 750 Stephani

147 775 294 837 similiter
320 773 473 858 Hadrych
498 773 585 852 dicti,
610 773 751 836 devilia
776 773 951 858 ledrechye
976 773 1173 835 clandestine
1197 773 1343 835 abduxit.

254 899 341 961 ldem
367 897 467 961 lassus
492 913 548 978 est,
580 898 668 980 quod
702 898 876 978 quemdam
911 900 1027 960 bovem
1055 898 1137 959 Petri
1164 896 1413 979 Hrwsewechky

148 1025 221 1068 cum
246 1006 388 1087 quodam
415 1005 557 1087 Georgio
583 1003 791 1087 Chyhawych
811 1005 850 1065 de
872 1005 948 1066 villa
974 1003 1193 1088 Gregwrychy
1218 1002 1338 1067 furtive
1363 1004 1415 1064 de·

148 1112 319 1195 pellerunt.

255 1237 343 1298 Idem
368 1235 470 1298 fassus
495 1250 551 1315 cst,
577 1237 665 1318 quod
691 1256 763 1298 curn
789 1236 850 1297 alia
871 1236 1033 1314 comitiva,
1058 1235 1111 1317 qui
1138 1254 1224 1297 nunc
1248 1254 1360 1297 secum
1384 1235 1415 1296 iu

148 1344 284 1406 vinculis
298 1343 447 1421 existunt,
462 1343 628 1405 videlicet:
644 1343 751 1404 lwano
769 1340 962 1424 Resetarych
988 1342 1027 1403 de
1045 1343 1234 1425 Rosenycza
1248 1355 1280 1402 et
1294 1341 1417 1426 Kyrino

148 1449 485 1532 Jamowodenachyeh
512 1449 552 1511 de
576 1450 702 1527 eadem,
726 1449 806 1510 duas
830 1468 967 1529 equaees
991 1448 1158 1510 cuiusdam
1185 1447 1353 1532 Sobarych
1377 1446 1416 1508 de

148 1558 224 1618 villa
250 1557 385 1618 Jwrsine
411 1555 526 1618 lurtive
551 1557 766 1634 abduxerunt,
783 1570 880 1638 prout
904 1556 1008 1618 dictus
1033 1557 1174 1640 Kyrinus
1191 1571 1223 1617 et
1246 1555 1334 1617 lwan
1359 1553 1418 1616 soli

149 1665 342 1726 asserebant.

255 1787 333 1849 Item
368 1786 453 1848 idem
485 1786 604 1848 Mathia
630 1801 661 1848 et
685 1787 817 1848 Kirinus
848 1807 884 1848 ac
906 1787 990 1848 lwan
1017 1785 1210 1869 Resetarych
1245 1784 1320 1848 fassi
1345 1798 1419 1847 sunt

149 1894 318 1976 depellisse
343 1893 502 1975 quosdam
535 1893 617 1954 duos
648 1895 747 1955 boves
780 1891 896 1954 furtive
921 1893 1087 1954 cuiusdam
1122 1891 1243 1954 Mathie
1269 1892 1309 1953 de
1341 1890 1417 1952 villa

150 1997 297 2082 Oryllye.

254 2123 332 2185 Item
359 2125 521 2185 Fabianus
544 2124 689 2205 pulsator
713 2123 752 2184 de
782 2124 939 2206 Pozawya
973 2120 1074 2184 fassus
1098 2136 1145 2184 est
1169 2123 1200 2182 in
1226 2135 1362 2200 tortura,
1386 2141 1417 2182 se

149 2227 269 2291 furasse
294 2250 369 2292 coce
395 2230 532 2291 condam
558 2230 682 2291 domini
708 2229 871 2291 Dominici
898 2228 967 2290 flor.
994 2229 1042 2291 lll.

257 2355 343 2416 ldem
368 2354 517 2415 similiter
531 2352 632 2415 lassus
649 2369 705 2433 est,
730 2374 763 2415 se
785 2353 949 2415 humerale
967 2354 1021 2414 ubi
1040 2352 1198 2414 oblivioni
1223 2352 1416 2432 tradidisset,

152 2477 332 2543 exportasse
357 2462 397 2523 de
422 2460 567 2539 ecclesia,
593 2461 680 2542 quod
705 2461 765 2521 sibi
792 2461 944 2522 dominus
961 2460 1118 2542 plebanus
1143 2459 1285 2520 dedisset
1309 2459 1342 2520 in
1368 2479 1418 2520 ca·

149 2568 234 2650 pella
259 2571 427 2629 beatorum
452 2567 585 2628 Fabiani
613 2582 643 2628 et
668 2568 846 2628 Sebastiam
880 2567 1058 2643 martirum,
1092 2565 1132 2626 ad
1157 2563 1416 2626 conservandum

149 2675 188 2736 ad
215 2676 324 2735 cistam
350 2673 494 2736 ecclesie.

755 2832 809 2899 25.

258 2994 349 3055 Feria
374 3010 460 3055 sexta
484 2994 629 3076 proxima
649 3008 720 3054 ante
746 2993 860 3055 lestum
887 2996 977 3054 beate
997 2991 1117 3075 Sophie
1143 2994 1286 3074 virginis.
1314 2993 1420 3055 Causa

150 3100 232 3161 inter
258 3101 399 3160 lwanum
426 3099 547 3161 vazan
575 3115 604 3160 et
633 3099 733 3160 filium
768 3120 861 3161 suum
887 3101 1062 3178 Andream,
1086 3101 1126 3160 ab
1151 3119 1225 3179 una,
1258 3113 1290 3160 et
1317 3098 1421 3161 Geor·

149 3206 237 3285 glum
273 3206 424 3267 Kolarich
457 3209 497 3266 ah
530 3207 628 3267 altera
661 3207 822 3286 partibus,
855 3207 983 3266 racione
1009 3220 1039 3266 et
1071 3219 1216 3286 pretextu
1249 3205 1420 3266 cuiusdam

150 3313 377 3389 controversie,
410 3313 463 3391 ita,
496 3315 583 3393 quod
616 3312 757 3396 prelatus
783 3313 866 3374 iwan
901 3312 1014 3375 Guzan
1049 3313 1217 3394 proposuit
1250 3313 1419 3393 querelam

149 3438 237 3479 suam
256 3419 407 3479 adversus
433 3419 553 3480 dictum
573 3419 768 3500 Georgium:
787 3421 954 3501 quomodo
972 3420 1057 3480 idern
1078 3420 1238 3500 Georgius
1256 3417 1419 3500 prefatum

151 3525 312 3585 Andream
328 3524 429 3585 lilium
449 3525 562 3586 Guzan
581 3527 703 3586 invenit
727 3546 822 3608 super
839 3541 954 3586 terram
970 3526 1155 3607 quemdam,
1180 3525 1290 3606 ibique
1310 3527 1418 3587 eidem

150 3631 277 3691 Andree
303 3651 430 3691 currum
456 3632 615 3693 desecavit
649 3646 679 3692 et
704 3634 842 3692 eundem
869 3653 940 3692 cum
966 3633 1067 3692 securi
1102 3633 1273 3712 percussit;
1299 3653 1337 3692 ex
1364 3632 1420 3693 ad·

150 3757 241 3798 verso
266 3737 329 3817 jam
354 3738 457 3799 dictus
490 3737 650 3819 Georgius
682 3738 857 3820 respondit,
882 3738 970 3818 quod
1003 3737 1160 3818 prelatum
1194 3738 1360 3799 Andream
1387 3739 1420 3799 in

150 3857 231 3904 terra
256 3864 311 3904 sua
337 3844 464 3905 arrabili
483 3845 621 3906 eundem
648 3865 720 3905 cum
738 3864 832 3904 curru
858 3864 914 3925 per
939 3845 1073 3904 eandem
1099 3858 1214 3904 terram
1240 3845 1417 3906 arrabilern

150 3951 320 4011 ducentem
346 3951 528 4029 invenisset,
561 3952 616 4032 qui
648 3952 786 4031 graviter
810 3951 871 4011 hoc
904 3951 1041 4027 sustulit,
1065 3950 1174 4010 dicens
1198 3951 1245 4010 ei:
1279 3970 1338 4012 cur
1362 3971 1420 4034 per

151 4055 231 4117 hanc
256 4072 371 4117 terram
397 4057 487 4118 ducis
505 4078 643 4135 currum,
661 4073 766 4118 tamen
793 4060 901 4119 amoni
927 4073 957 4119 te
975 4058 1037 4135 jam
1053 4056 1118 4118 fere
1143 4057 1268 4118 duabus
1292 4058 1420 4120 vicibus

151 4163 238 4244 quod
264 4184 320 4244 per
345 4164 425 4224 hanc
449 4178 565 4225 terram
584 4166 738 4226 arabilem
765 4186 828 4226 non
859 4167 993 4226 deberes
1010 4184 1138 4226 currum
1163 4179 1256 4225 tuum
1281 4164 1418 4243 ducere;

150 4267 292 4350 prefatus
316 4289 392 4330 vero
418 4272 562 4331 Andreas
587 4271 670 4332 filius
704 4272 779 4332 dicti
807 4271 929 4333 Guzan
963 4291 1036 4331 mox
1069 4270 1187 4352 objecit
1211 4271 1240 4331 ei
1264 4285 1296 4332 et
1320 4272 1418 4333 dixit:

149 4390 183 4436 tu
208 4374 326 4436 alicubi
351 4375 486 4437 Croacie
512 4379 543 4438 in
570 4379 678 4438 matris
694 4392 748 4439 tue
774 4379 949 4439 meretricis
966 4379 1061 4438 vulva
1080 4377 1178 4455 luisti,
1204 4378 1338 4459 quando
1355 4399 1417 4460 ego

150 4482 219 4563 cepi
245 4503 317 4543 cum
343 4498 431 4564 patre
456 4504 529 4544 meo
555 4505 610 4564 per
648 4485 728 4545 hanc
760 4499 876 4545 terram
903 4485 1030 4547 ducere.
1064 4486 1122 4546 lllo
1147 4484 1289 4568 prefatus
1315 4484 1417 4547 Geor-

149 4589 221 4669 gius
245 4609 304 4671 pro
336 4589 606 4651 dehonesracione
639 4591 824 4652 huiusmodi
855 4611 982 4652 currum
1015 4612 1120 4654 secare
1154 4591 1284 4673 incepit,
1309 4592 1416 4654 statim

151 4695 255 4756 dictus
287 4696 432 4756 Andreas
465 4716 537 4756 cum
570 4697 701 4757 stimulo
734 4698 873 4758 eundem
907 4697 1085 4779 Georgium
1118 4698 1157 4759 ad
1190 4698 1313 4760 collum
1346 4719 1417 4782 per·

151 4802 266 4879 cussit;
291 4803 421 4864 tandem
447 4802 533 4864 idem
558 4803 704 4864 Andreas
729 4805 829 4865 eciam
849 4806 933 4887 cepit
957 4807 1091 4865 securim
1119 4820 1149 4866 et
1173 4804 1279 4867 voluit
1302 4825 1414 4889 percu·

150 4923 216 4970 tere
242 4929 315 4971 eum
340 4910 380 4971 ad
406 4924 510 4992 caput,
535 4925 566 4971 et
590 4910 679 4991 quasi
706 4911 831 4973 duabus
848 4912 971 4973 vicibus
996 4925 1183 4974 numeratus
1207 4925 1254 4973 est
1278 4911 1311 4974 in
1337 4931 1413 4974 eun-
