<?xml version="1.0" encoding="UTF-8"?>
<!DOCTYPE html PUBLIC "-//W3C//DTD XHTML 1.0 Transitional//EN"
    "http://www.w3.org/TR/xhtml1/DTD/xhtml1-transitional.dtd">
<html xmlns="http://www.w3.org/1999/xhtml" xml:lang="en" lang="en">
 <head>
  <title>
</title>
<meta http-equiv="Content-Type" content="text/html;charset=utf-8" />
  <meta name='ocr-system' content='tesseract 3.04.00' />
  <meta name='ocr-capabilities' content='ocr_page ocr_carea ocr_par ocr_line ocrx_word'/>
</head>
<body>
  <div class='ocr_page' id='page_1' title='image "./monumentahistor17laszgoog_0228.png"; bbox 0 0 3142 5356; ppageno 0'>
   <div class='ocr_carea' id='block_1_1' title="bbox 616 473 1094 1930">
    <p class='ocr_par' dir='ltr' id='par_1_1' title="bbox 616 473 1094 1930">
     <span class='ocr_line' id='line_1_1' title="bbox 616 473 1094 556; baseline 0.008 -21"><span class='ocrx_word' id='word_1_1' title='bbox 616 473 819 553; x_wconf 81' lang='lat' dir='ltr'><strong>Anno1508.</strong></span> <span class='ocrx_word' id='word_1_2' title='bbox 844 511 885 521; x_wconf 93' lang='lat'>—</span> <span class='ocrx_word' id='word_1_3' title='bbox 909 491 961 556; x_wconf 79' lang='lat'><strong>24.</strong></span> <span class='ocrx_word' id='word_1_4' title='bbox 984 479 1094 539; x_wconf 75' lang='lat' dir='ltr'><strong>martii.</strong></span> 
     </span>
     <span class='ocr_line' id='line_1_2' title="bbox 688 690 1033 754; baseline 0.003 -2"><span class='ocrx_word' id='word_1_5' title='bbox 688 690 851 752; x_wconf 82' lang='lat' dir='ltr'><strong>Fabianus</strong></span> <span class='ocrx_word' id='word_1_6' title='bbox 875 690 1033 754; x_wconf 84' lang='lat' dir='ltr'><strong>Odewen.</strong></span> 
     </span>
     <span class='ocr_line' id='line_1_3' title="bbox 688 796 992 880; baseline 0.007 -22"><span class='ocrx_word' id='word_1_7' title='bbox 688 797 826 859; x_wconf 90' lang='lat' dir='ltr'><strong>Mathias</strong></span> <span class='ocrx_word' id='word_1_8' title='bbox 849 796 992 880; x_wconf 81' lang='lat' dir='ltr'>pellifex.</span> 
     </span>
     <span class='ocr_line' id='line_1_4' title="bbox 685 903 957 966; baseline 0.004 -1"><span class='ocrx_word' id='word_1_9' title='bbox 685 903 832 966; x_wconf 83' lang='lat' dir='ltr'><strong>Thomas</strong></span> <span class='ocrx_word' id='word_1_10' title='bbox 859 919 957 966; x_wconf 89' lang='lat' dir='ltr'><strong>sutor.</strong></span> 
     </span>
     <span class='ocr_line' id='line_1_5' title="bbox 688 1009 1076 1092; baseline 0.003 -20"><span class='ocrx_word' id='word_1_11' title='bbox 688 1009 865 1092; x_wconf 81' lang='lat' dir='ltr'>Gregorius</span> <span class='ocrx_word' id='word_1_12' title='bbox 890 1010 1076 1092; x_wconf 82' lang='lat' dir='ltr'><strong>Gregwrek.</strong></span> 
     </span>
     <span class='ocr_line' id='line_1_6' title="bbox 688 1116 998 1202; baseline 0.003 -24"><span class='ocrx_word' id='word_1_13' title='bbox 688 1116 835 1179; x_wconf 84' lang='lat' dir='ltr'>Thomas</span> <span class='ocrx_word' id='word_1_14' title='bbox 859 1117 998 1202; x_wconf 87' lang='lat' dir='ltr'><strong>Rosycb.</strong></span> 
     </span>
     <span class='ocr_line' id='line_1_7' title="bbox 683 1223 979 1287; baseline 0.003 -1"><span class='ocrx_word' id='word_1_15' title='bbox 683 1223 829 1286; x_wconf 82' lang='lat' dir='ltr'><strong>Thomas</strong></span> <span class='ocrx_word' id='word_1_16' title='bbox 853 1224 979 1287; x_wconf 88' lang='lat' dir='ltr'><strong>Kerela.</strong></span> 
     </span>
     <span class='ocr_line' id='line_1_8' title="bbox 687 1330 1048 1394; baseline 0 -1"><span class='ocrx_word' id='word_1_17' title='bbox 687 1331 840 1393; x_wconf 90' lang='lat' dir='ltr'><strong>Nicolaus</strong></span> <span class='ocrx_word' id='word_1_18' title='bbox 865 1330 1048 1394; x_wconf 84' lang='lat' dir='ltr'><strong>Gwrakow.</strong></span> 
     </span>
     <span class='ocr_line' id='line_1_9' title="bbox 686 1437 990 1521; baseline 0.01 -22"><span class='ocrx_word' id='word_1_19' title='bbox 686 1437 839 1500; x_wconf 90' lang='lat' dir='ltr'><strong>Nicolaus</strong></span> <span class='ocrx_word' id='word_1_20' title='bbox 864 1438 990 1521; x_wconf 83' lang='lat' dir='ltr'><strong>Mykxa.</strong></span> 
     </span>
     <span class='ocr_line' id='line_1_10' title="bbox 685 1545 957 1607; baseline 0.004 -2"><span class='ocrx_word' id='word_1_21' title='bbox 685 1545 777 1606; x_wconf 91' lang='lat' dir='ltr'><strong>Vitus</strong></span> <span class='ocrx_word' id='word_1_22' title='bbox 801 1545 957 1607; x_wconf 87' lang='lat' dir='ltr'><strong>Kranecz.</strong></span> 
     </span>
     <span class='ocr_line' id='line_1_11' title="bbox 686 1649 1001 1715; baseline 0.01 -3"><span class='ocrx_word' id='word_1_23' title='bbox 686 1650 879 1714; x_wconf 87' lang='lat' dir='ltr'><strong>Benedictus</strong></span> <span class='ocrx_word' id='word_1_24' title='bbox 902 1649 1001 1715; x_wconf 82' lang='lat' dir='ltr'><strong>faber.</strong></span> 
     </span>
     <span class='ocr_line' id='line_1_12' title="bbox 686 1758 993 1822; baseline 0.003 -2"><span class='ocrx_word' id='word_1_25' title='bbox 686 1758 870 1820; x_wconf 86' lang='lat' dir='ltr'><strong>Anthonius</strong></span> <span class='ocrx_word' id='word_1_26' title='bbox 894 1771 993 1822; x_wconf 88' lang='lat' dir='ltr'><strong>sutor.</strong></span> 
     </span>
     <span class='ocr_line' id='line_1_13' title="bbox 687 1865 911 1930; baseline 0.013 -4"><span class='ocrx_word' id='word_1_27' title='bbox 687 1865 790 1927; x_wconf 89' lang='lat' dir='ltr'><strong>Lucas</strong></span> <span class='ocrx_word' id='word_1_28' title='bbox 812 1879 911 1930; x_wconf 88' lang='lat' dir='ltr'><strong>sutor.</strong></span> 
     </span>
    </p>
   </div>
   <div class='ocr_carea' id='block_1_2' title="bbox 289 2099 1417 2459">
    <p class='ocr_par' dir='ltr' id='par_1_2' title="bbox 289 2099 1417 2459">
     <span class='ocr_line' id='line_1_14' title="bbox 289 2099 1417 2193; baseline 0.004 -20"><span class='ocrx_word' id='word_1_29' title='bbox 289 2099 378 2174; x_wconf 83' lang='lat' dir='ltr'><strong>Feria</strong></span> <span class='ocrx_word' id='word_1_30' title='bbox 408 2105 515 2174; x_wconf 82' lang='lat' dir='ltr'><strong>tercia</strong></span> <span class='ocrx_word' id='word_1_31' title='bbox 542 2102 574 2174; x_wconf 93' lang='lat' dir='ltr'><strong>in</strong></span> <span class='ocrx_word' id='word_1_32' title='bbox 603 2103 688 2175; x_wconf 87' lang='lat' dir='ltr'><strong>iesto</strong></span> <span class='ocrx_word' id='word_1_33' title='bbox 719 2102 941 2193; x_wconf 75' lang='lat' dir='ltr'><strong>carnisprivii</strong></span> <span class='ocrx_word' id='word_1_34' title='bbox 969 2102 1124 2193; x_wconf 82' lang='lat' dir='ltr'><strong>proxima</strong></span> <span class='ocrx_word' id='word_1_35' title='bbox 1152 2103 1309 2177; x_wconf 86' lang='lat' dir='ltr'><strong>videlicet</strong></span> <span class='ocrx_word' id='word_1_36' title='bbox 1338 2113 1417 2177; x_wconf 86' lang='lat' dir='ltr'><strong>ante</strong></span> 
     </span>
     <span class='ocr_line' id='line_1_15' title="bbox 713 2229 988 2318; baseline -0.004 -18"><span class='ocrx_word' id='word_1_37' title='bbox 713 2229 865 2318; x_wconf 79' lang='lat' dir='ltr'><strong>Gregorii</strong></span> <span class='ocrx_word' id='word_1_38' title='bbox 893 2248 988 2318; x_wconf 87' lang='lat' dir='ltr'><strong>pape.</strong></span> 
     </span>
     <span class='ocr_line' id='line_1_16' title="bbox 756 2383 944 2459; baseline 0.021 -20"><span class='ocrx_word' id='word_1_39' title='bbox 756 2387 798 2459; x_wconf 82' lang='lat'><strong>(7.</strong></span> <span class='ocrx_word' id='word_1_40' title='bbox 822 2383 944 2459; x_wconf 73' lang='lat' dir='ltr'><strong>martis).</strong></span> 
     </span>
    </p>
   </div>
   <div class='ocr_carea' id='block_1_3' title="bbox 161 2523 1484 2907">
    <p class='ocr_par' dir='ltr' id='par_1_3' title="bbox 161 2523 1484 2907">
     <span class='ocr_line' id='line_1_17' title="bbox 323 2523 1484 2608; baseline -0.002 -20"><span class='ocrx_word' id='word_1_41' title='bbox 323 2525 584 2608; x_wconf 76' lang='lat' dir='ltr'><strong>circumspectus</strong></span> <span class='ocrx_word' id='word_1_42' title='bbox 609 2525 801 2586; x_wconf 89' lang='lat' dir='ltr'><strong>Dominicus</strong></span> <span class='ocrx_word' id='word_1_43' title='bbox 827 2523 1001 2606; x_wconf 85' lang='lat' dir='ltr'><strong>Perowych</strong></span> <span class='ocrx_word' id='word_1_44' title='bbox 1025 2524 1242 2606; x_wconf 89' lang='lat' dir='ltr'><strong>juramentum</strong></span> <span class='ocrx_word' id='word_1_45' title='bbox 1266 2524 1325 2585; x_wconf 89' lang='lat' dir='ltr'><strong>sibi</strong></span> <span class='ocrx_word' id='word_1_46' title='bbox 1358 2523 1484 2606; x_wconf 91' lang='lat' dir='ltr'><strong>adjudi-</strong></span> 
     </span>
     <span class='ocr_line' id='line_1_18' title="bbox 164 2623 1481 2713; baseline 0.002 -23"><span class='ocrx_word' id='word_1_47' title='bbox 164 2623 321 2693; x_wconf 72' lang='lat' dir='ltr'><strong>caturn</strong></span> <span class='ocrx_word' id='word_1_48' title='bbox 347 2647 458 2696; x_wconf 87' lang='lat' dir='ltr'><strong>contra</strong></span> <span class='ocrx_word' id='word_1_49' title='bbox 481 2645 668 2695; x_wconf 85' lang='lat' dir='ltr'><strong>executores</strong></span> <span class='ocrx_word' id='word_1_50' title='bbox 685 2630 823 2692; x_wconf 90' lang='lat' dir='ltr'><strong>condam</strong></span> <span class='ocrx_word' id='word_1_51' title='bbox 847 2630 912 2692; x_wconf 87' lang='lat' dir='ltr'><strong>filie</strong></span> <span class='ocrx_word' id='word_1_52' title='bbox 929 2629 1098 2713; x_wconf 82' lang='lat' dir='ltr'><strong>freniparis</strong></span> <span class='ocrx_word' id='word_1_53' title='bbox 1123 2631 1263 2708; x_wconf 86' lang='lat' dir='ltr'><strong>Petrum,</strong></span> <span class='ocrx_word' id='word_1_54' title='bbox 1289 2631 1481 2693; x_wconf 88' lang='lat' dir='ltr'><strong>Michaeiem</strong></span> 
     </span>
     <span class='ocr_line' id='line_1_19' title="bbox 165 2716 1482 2820; baseline 0 -22"><span class='ocrx_word' id='word_1_55' title='bbox 165 2716 366 2802; x_wconf 66' lang='lat' dir='ltr'><strong>Videlicet</strong></span> <span class='ocrx_word' id='word_1_56' title='bbox 389 2752 420 2800; x_wconf 90' lang='lat' dir='ltr'><strong>et</strong></span> <span class='ocrx_word' id='word_1_57' title='bbox 444 2738 653 2800; x_wconf 88' lang='lat' dir='ltr'><strong>Valentinum</strong></span> <span class='ocrx_word' id='word_1_58' title='bbox 677 2735 864 2820; x_wconf 87' lang='lat' dir='ltr'><strong>frenipares‚</strong></span> <span class='ocrx_word' id='word_1_59' title='bbox 878 2737 1028 2819; x_wconf 90' lang='lat' dir='ltr'><strong>deposuit</strong></span> <span class='ocrx_word' id='word_1_60' title='bbox 1045 2753 1141 2820; x_wconf 89' lang='lat' dir='ltr'><strong>prout</strong></span> <span class='ocrx_word' id='word_1_61' title='bbox 1165 2738 1287 2817; x_wconf 88' lang='lat' dir='ltr'><strong>debuit,</strong></span> <span class='ocrx_word' id='word_1_62' title='bbox 1313 2737 1387 2798; x_wconf 90' lang='lat' dir='ltr'><strong>ideo</strong></span> <span class='ocrx_word' id='word_1_63' title='bbox 1412 2736 1482 2798; x_wconf 92' lang='lat' dir='ltr'><strong>red·</strong></span> 
     </span>
     <span class='ocr_line' id='line_1_20' title="bbox 161 2813 678 2907; baseline 0.012 -8"><span class='ocrx_word' id='word_1_64' title='bbox 161 2813 358 2906; x_wconf 77' lang='lat' dir='ltr'><strong>didimus</strong></span> <span class='ocrx_word' id='word_1_65' title='bbox 382 2864 457 2907; x_wconf 89' lang='lat' dir='ltr'><strong>enm</strong></span> <span class='ocrx_word' id='word_1_66' title='bbox 482 2844 678 2907; x_wconf 90' lang='lat' dir='ltr'><strong>absolutum.</strong></span> 
     </span>
    </p>
   </div>
   <div class='ocr_carea' id='block_1_4' title="bbox 386 3065 1306 3297">
    <p class='ocr_par' dir='ltr' id='par_1_4' title="bbox 386 3065 1306 3297">
     <span class='ocr_line' id='line_1_21' title="bbox 386 3065 1306 3155; baseline -0.005 -17"><span class='ocrx_word' id='word_1_67' title='bbox 386 3065 483 3138; x_wconf 79' lang='lat' dir='ltr'><strong>Fetia</strong></span> <span class='ocrx_word' id='word_1_68' title='bbox 511 3065 609 3138; x_wconf 81' lang='lat' dir='ltr'><strong>sexta</strong></span> <span class='ocrx_word' id='word_1_69' title='bbox 638 3068 671 3137; x_wconf 93' lang='lat' dir='ltr'><strong>in</strong></span> <span class='ocrx_word' id='word_1_70' title='bbox 701 3067 850 3155; x_wconf 84' lang='lat' dir='ltr'><strong>profesto</strong></span> <span class='ocrx_word' id='word_1_71' title='bbox 881 3065 1162 3139; x_wconf 67' lang='lat' dir='ltr'><strong>annunciationis</strong></span> <span class='ocrx_word' id='word_1_72' title='bbox 1191 3065 1306 3137; x_wconf 81' lang='lat' dir='ltr'><strong>Maris.</strong></span> 
     </span>
     <span class='ocr_line' id='line_1_22' title="bbox 740 3220 953 3297; baseline 0.009 -20"><span class='ocrx_word' id='word_1_73' title='bbox 740 3221 807 3297; x_wconf 79' lang='lat'><em>(24.</em></span> <span class='ocrx_word' id='word_1_74' title='bbox 830 3220 953 3297; x_wconf 72' lang='lat' dir='ltr'><strong>martit).</strong></span> 
     </span>
    </p>
   </div>
   <div class='ocr_carea' id='block_1_5' title="bbox 100 3360 1488 5316">
    <p class='ocr_par' dir='ltr' id='par_1_5' title="bbox 100 3360 1488 5316">
     <span class='ocr_line' id='line_1_23' title="bbox 207 3360 1479 3449; baseline 0 -26"><span class='ocrx_word' id='word_1_75' title='bbox 207 3438 222 3449; x_wconf 25' lang='grc' dir='ltr'>ἱ</span> <span class='ocrx_word' id='word_1_76' title='bbox 320 3362 398 3425; x_wconf 90' lang='lat' dir='ltr'><strong>Item</strong></span> <span class='ocrx_word' id='word_1_77' title='bbox 426 3361 524 3442; x_wconf 86' lang='lat' dir='ltr'><strong>judex</strong></span> <span class='ocrx_word' id='word_1_78' title='bbox 548 3360 688 3424; x_wconf 89' lang='lat' dir='ltr'><strong>Michael</strong></span> <span class='ocrx_word' id='word_1_79' title='bbox 713 3361 892 3444; x_wconf 87' lang='lat' dir='ltr'><strong>Oprnsnicb</strong></span> <span class='ocrx_word' id='word_1_80' title='bbox 918 3360 959 3422; x_wconf 89' lang='lat' dir='ltr'><strong>ad</strong></span> <span class='ocrx_word' id='word_1_81' title='bbox 981 3361 1170 3423; x_wconf 89' lang='lat' dir='ltr'><strong>instanciam</strong></span> <span class='ocrx_word' id='word_1_82' title='bbox 1196 3361 1358 3422; x_wconf 88' lang='lat' dir='ltr'><strong>Dominici</strong></span> <span class='ocrx_word' id='word_1_83' title='bbox 1384 3362 1479 3423; x_wconf 88' lang='lat' dir='ltr'><strong>Pero·</strong></span> 
     </span>
     <span class='ocr_line' id='line_1_24' title="bbox 148 3435 872 3551; baseline 0.006 -25"><span class='ocrx_word' id='word_1_84' title='bbox 148 3435 299 3526; x_wconf 64' lang='lat' dir='ltr'><strong>W¹Qh</strong></span> <span class='ocrx_word' id='word_1_85' title='bbox 320 3469 426 3551; x_wconf 91' lang='lat' dir='ltr'><strong>primo</strong></span> <span class='ocrx_word' id='word_1_86' title='bbox 451 3469 565 3531; x_wconf 87' lang='lat' dir='ltr'><strong>citatus</strong></span> <span class='ocrx_word' id='word_1_87' title='bbox 589 3488 655 3530; x_wconf 93' lang='lat' dir='ltr'><strong>non</strong></span> <span class='ocrx_word' id='word_1_88' title='bbox 680 3469 872 3551; x_wconf 86' lang='lat' dir='ltr'><strong>comparuit.</strong></span> 
     </span>
     <span class='ocr_line' id='line_1_25' title="bbox 321 3573 1479 3656; baseline 0.002 -21"><span class='ocrx_word' id='word_1_89' title='bbox 321 3574 400 3637; x_wconf 86' lang='lat' dir='ltr'><strong>item</strong></span> <span class='ocrx_word' id='word_1_90' title='bbox 434 3575 548 3637; x_wconf 89' lang='lat' dir='ltr'><strong>Petrus</strong></span> <span class='ocrx_word' id='word_1_91' title='bbox 580 3573 721 3656; x_wconf 90' lang='lat' dir='ltr'><strong>frenipar</strong></span> <span class='ocrx_word' id='word_1_92' title='bbox 751 3574 791 3635; x_wconf 93' lang='lat' dir='ltr'><strong>ad</strong></span> <span class='ocrx_word' id='word_1_93' title='bbox 824 3574 1013 3636; x_wconf 88' lang='lat' dir='ltr'><strong>instanciam</strong></span> <span class='ocrx_word' id='word_1_94' title='bbox 1047 3574 1209 3637; x_wconf 90' lang='lat' dir='ltr'><strong>Dominici</strong></span> <span class='ocrx_word' id='word_1_95' title='bbox 1243 3575 1407 3637; x_wconf 89' lang='lat' dir='ltr'><strong>Perowich</strong></span> <span class='ocrx_word' id='word_1_96' title='bbox 1439 3576 1479 3637; x_wconf 92' lang='lat' dir='ltr'><strong>ad</strong></span> 
     </span>
     <span class='ocr_line' id='line_1_26' title="bbox 146 3642 922 3763; baseline 0.008 -25"><span class='ocrx_word' id='word_1_97' title='bbox 146 3642 354 3742; x_wconf 63' lang='lat' dir='ltr'><strong>1³¹&#39;iltiutn</strong></span> <span class='ocrx_word' id='word_1_98' title='bbox 379 3680 537 3763; x_wconf 86' lang='lat' dir='ltr'><strong>judicium</strong></span> <span class='ocrx_word' id='word_1_99' title='bbox 561 3680 755 3762; x_wconf 89' lang='lat' dir='ltr'><strong>respondere</strong></span> <span class='ocrx_word' id='word_1_100' title='bbox 780 3681 922 3744; x_wconf 88' lang='lat' dir='ltr'><strong>debebit.</strong></span> 
     </span>
     <span class='ocr_line' id='line_1_27' title="bbox 321 3785 1479 3869; baseline 0 -21"><span class='ocrx_word' id='word_1_101' title='bbox 321 3787 397 3848; x_wconf 87' lang='lat' dir='ltr'><strong>item</strong></span> <span class='ocrx_word' id='word_1_102' title='bbox 424 3786 588 3848; x_wconf 91' lang='lat' dir='ltr'><strong>Johannes</strong></span> <span class='ocrx_word' id='word_1_103' title='bbox 612 3785 752 3869; x_wconf 88' lang='lat' dir='ltr'><strong>frenipar</strong></span> <span class='ocrx_word' id='word_1_104' title='bbox 768 3801 922 3869; x_wconf 88' lang='lat' dir='ltr'><strong>tanquam</strong></span> <span class='ocrx_word' id='word_1_105' title='bbox 941 3807 1014 3848; x_wconf 89' lang='lat' dir='ltr'><strong>reus</strong></span> <span class='ocrx_word' id='word_1_106' title='bbox 1030 3786 1069 3848; x_wconf 89' lang='lat' dir='ltr'><strong>ad</strong></span> <span class='ocrx_word' id='word_1_107' title='bbox 1095 3788 1285 3849; x_wconf 87' lang='lat' dir='ltr'><strong>instanciam</strong></span> <span class='ocrx_word' id='word_1_108' title='bbox 1310 3788 1396 3849; x_wconf 90' lang='lat' dir='ltr'><strong>Luce</strong></span> <span class='ocrx_word' id='word_1_109' title='bbox 1428 3807 1479 3848; x_wconf 92' lang='lat' dir='ltr'><strong>su·</strong></span> 
     </span>
     <span class='ocr_line' id='line_1_28' title="bbox 150 3881 1480 4003; baseline 0.006 -56"><span class='ocrx_word' id='word_1_110' title='bbox 150 3952 172 4003; x_wconf 64' lang='lat' dir='ltr'>t</span> <span class='ocrx_word' id='word_1_111' title='bbox 215 3881 295 3951; x_wconf 74' lang='lat' dir='ltr'><strong>¹⁴is</strong></span> <span class='ocrx_word' id='word_1_112' title='bbox 316 3893 355 3955; x_wconf 89' lang='lat' dir='ltr'><strong>de</strong></span> <span class='ocrx_word' id='word_1_113' title='bbox 380 3893 452 3955; x_wconf 88' lang='lat' dir='ltr'><strong>vico</strong></span> <span class='ocrx_word' id='word_1_114' title='bbox 476 3907 621 3956; x_wconf 89' lang='lat' dir='ltr'><strong>sutorum</strong></span> <span class='ocrx_word' id='word_1_115' title='bbox 647 3894 760 3955; x_wconf 93' lang='lat' dir='ltr'><strong>citatus</strong></span> <span class='ocrx_word' id='word_1_116' title='bbox 792 3895 896 3956; x_wconf 81' lang='lat' dir='ltr'><strong>extitit</strong></span> <span class='ocrx_word' id='word_1_117' title='bbox 928 3894 979 3955; x_wconf 86' lang='lat' dir='ltr'><strong>die</strong></span> <span class='ocrx_word' id='word_1_118' title='bbox 1004 3894 1133 3973; x_wconf 88' lang='lat' dir='ltr'><strong>eodem,</strong></span> <span class='ocrx_word' id='word_1_119' title='bbox 1159 3895 1262 3956; x_wconf 88' lang='lat' dir='ltr'><strong>Lucas</strong></span> <span class='ocrx_word' id='word_1_120' title='bbox 1293 3908 1382 3955; x_wconf 89' lang='lat' dir='ltr'><strong>sutor</strong></span> <span class='ocrx_word' id='word_1_121' title='bbox 1405 3912 1480 3976; x_wconf 87' lang='lat' dir='ltr'><strong>pro·</strong></span> 
     </span>
     <span class='ocr_line' id='line_1_29' title="bbox 156 3968 1479 4112; baseline 0.002 -53"><span class='ocrx_word' id='word_1_122' title='bbox 156 3968 290 4112; x_wconf 45' lang='lat'><strong>3¹31</strong></span> <span class='ocrx_word' id='word_1_123' title='bbox 319 3999 472 4061; x_wconf 89' lang='lat' dir='ltr'><strong>adversus</strong></span> <span class='ocrx_word' id='word_1_124' title='bbox 503 3999 644 4061; x_wconf 90' lang='lat' dir='ltr'><strong>eundem</strong></span> <span class='ocrx_word' id='word_1_125' title='bbox 676 3999 870 4078; x_wconf 78' lang='lat' dir='ltr'><strong>iohannem,</strong></span> <span class='ocrx_word' id='word_1_126' title='bbox 904 4000 992 4082; x_wconf 93' lang='lat' dir='ltr'><strong>quod</strong></span> <span class='ocrx_word' id='word_1_127' title='bbox 1019 4001 1085 4082; x_wconf 91' lang='lat' dir='ltr'><strong>ipse</strong></span> <span class='ocrx_word' id='word_1_128' title='bbox 1118 4001 1249 4062; x_wconf 90' lang='lat' dir='ltr'><strong>veniens</strong></span> <span class='ocrx_word' id='word_1_129' title='bbox 1280 4000 1312 4061; x_wconf 93' lang='lat' dir='ltr'><strong>in</strong></span> <span class='ocrx_word' id='word_1_130' title='bbox 1344 4000 1479 4062; x_wconf 90' lang='lat' dir='ltr'><strong>domum</strong></span> 
     </span>
     <span class='ocr_line' id='line_1_30' title="bbox 186 4083 1477 4188; baseline 0.002 -22"><span class='ocrx_word' id='word_1_131' title='bbox 186 4083 357 4178; x_wconf 43' lang='lat' dir='ltr'><strong>inanem</strong></span> <span class='ocrx_word' id='word_1_132' title='bbox 384 4107 470 4167; x_wconf 90' lang='lat' dir='ltr'><strong>Luce</strong></span> <span class='ocrx_word' id='word_1_133' title='bbox 495 4106 803 4188; x_wconf 89' lang='lat' dir='ltr'><strong>apprehendensque</strong></span> <span class='ocrx_word' id='word_1_134' title='bbox 821 4107 983 4188; x_wconf 87' lang='lat' dir='ltr'><strong>quandam</strong></span> <span class='ocrx_word' id='word_1_135' title='bbox 1009 4121 1114 4169; x_wconf 90' lang='lat' dir='ltr'><strong>cutem</strong></span> <span class='ocrx_word' id='word_1_136' title='bbox 1139 4108 1272 4168; x_wconf 90' lang='lat' dir='ltr'><strong>asseruit</strong></span> <span class='ocrx_word' id='word_1_137' title='bbox 1296 4126 1363 4168; x_wconf 89' lang='lat' dir='ltr'><strong>esse</strong></span> <span class='ocrx_word' id='word_1_138' title='bbox 1387 4125 1477 4168; x_wconf 89' lang='lat' dir='ltr'><strong>suam</strong></span> 
     </span>
     <span class='ocr_line' id='line_1_31' title="bbox 160 4175 1478 4295; baseline 0.002 -23"><span class='ocrx_word' id='word_1_139' title='bbox 160 4175 440 4295; x_wconf 65' lang='lat' dir='ltr'><strong>⁸¹Ruemmque</strong></span> <span class='ocrx_word' id='word_1_140' title='bbox 463 4213 539 4275; x_wconf 93' lang='lat' dir='ltr'><strong>tulit</strong></span> <span class='ocrx_word' id='word_1_141' title='bbox 562 4233 600 4275; x_wconf 85' lang='lat' dir='ltr'><strong>ex</strong></span> <span class='ocrx_word' id='word_1_142' title='bbox 623 4234 660 4275; x_wconf 89' lang='lat' dir='ltr'><strong>en</strong></span> <span class='ocrx_word' id='word_1_143' title='bbox 684 4213 806 4295; x_wconf 88' lang='lat' dir='ltr'><strong>pechka</strong></span> <span class='ocrx_word' id='word_1_144' title='bbox 835 4213 968 4292; x_wconf 72' lang='lat' dir='ltr'><strong>dictum,</strong></span> <span class='ocrx_word' id='word_1_145' title='bbox 999 4213 1055 4276; x_wconf 88' lang='lat' dir='ltr'><strong>sed</strong></span> <span class='ocrx_word' id='word_1_146' title='bbox 1080 4212 1241 4295; x_wconf 90' lang='lat' dir='ltr'><strong>predictus</strong></span> <span class='ocrx_word' id='word_1_147' title='bbox 1275 4214 1378 4274; x_wconf 88' lang='lat' dir='ltr'><strong>Lucas</strong></span> <span class='ocrx_word' id='word_1_148' title='bbox 1403 4232 1478 4294; x_wconf 92' lang='lat' dir='ltr'><strong>pro-</strong></span> 
     </span>
     <span class='ocr_line' id='line_1_32' title="bbox 168 4277 1478 4402; baseline 0.003 -27"><span class='ocrx_word' id='word_1_149' title='bbox 168 4277 425 4400; x_wconf 52' lang='grc' dir='ltr'><strong>ἶῗθῐειεὶοῐιοιι]</strong></span> <span class='ocrx_word' id='word_1_150' title='bbox 451 4317 527 4382; x_wconf 83' lang='lat' dir='ltr'><strong>fecit</strong></span> <span class='ocrx_word' id='word_1_151' title='bbox 550 4340 646 4402; x_wconf 84' lang='lat' dir='ltr'><strong>super</strong></span> <span class='ocrx_word' id='word_1_152' title='bbox 670 4340 709 4382; x_wconf 91' lang='lat' dir='ltr'><strong>eo</strong></span> <span class='ocrx_word' id='word_1_153' title='bbox 730 4320 800 4397; x_wconf 91' lang='lat' dir='ltr'><strong>hac,</strong></span> <span class='ocrx_word' id='word_1_154' title='bbox 826 4335 989 4402; x_wconf 89' lang='lat' dir='ltr'><strong>postremo</strong></span> <span class='ocrx_word' id='word_1_155' title='bbox 1013 4338 1090 4381; x_wconf 91' lang='lat' dir='ltr'><strong>vero</strong></span> <span class='ocrx_word' id='word_1_156' title='bbox 1114 4319 1200 4381; x_wconf 89' lang='lat' dir='ltr'><strong>idem</strong></span> <span class='ocrx_word' id='word_1_157' title='bbox 1224 4318 1387 4380; x_wconf 87' lang='lat' dir='ltr'><strong>Johannes</strong></span> <span class='ocrx_word' id='word_1_158' title='bbox 1417 4317 1478 4380; x_wconf 85' lang='lat' dir='ltr'><strong>ire-</strong></span> 
     </span>
     <span class='ocr_line' id='line_1_33' title="bbox 173 4391 1478 4508; baseline 0.002 -25"><span class='ocrx_word' id='word_1_159' title='bbox 173 4391 309 4485; x_wconf 62' lang='lat' dir='ltr'><strong>¹¹¹1sar</strong></span> <span class='ocrx_word' id='word_1_160' title='bbox 331 4425 475 4508; x_wconf 81' lang='lat' dir='ltr'><strong>prefatus</strong></span> <span class='ocrx_word' id='word_1_161' title='bbox 499 4446 606 4488; x_wconf 88' lang='lat' dir='ltr'><strong>coram</strong></span> <span class='ocrx_word' id='word_1_162' title='bbox 632 4427 826 4508; x_wconf 88' lang='lat' dir='ltr'><strong>quibusdam</strong></span> <span class='ocrx_word' id='word_1_163' title='bbox 850 4426 960 4508; x_wconf 88' lang='lat' dir='ltr'><strong>juratis</strong></span> <span class='ocrx_word' id='word_1_164' title='bbox 977 4426 1112 4488; x_wconf 88' lang='lat' dir='ltr'><strong>exclusit</strong></span> <span class='ocrx_word' id='word_1_165' title='bbox 1135 4445 1167 4486; x_wconf 92' lang='lat' dir='ltr'><strong>se</strong></span> <span class='ocrx_word' id='word_1_166' title='bbox 1193 4446 1230 4488; x_wconf 86' lang='lat' dir='ltr'><strong>ex</strong></span> <span class='ocrx_word' id='word_1_167' title='bbox 1253 4425 1309 4487; x_wconf 89' lang='lat' dir='ltr'><strong>tali</strong></span> <span class='ocrx_word' id='word_1_168' title='bbox 1334 4438 1405 4486; x_wconf 91' lang='lat' dir='ltr'><strong>cute</strong></span> <span class='ocrx_word' id='word_1_169' title='bbox 1430 4425 1478 4486; x_wconf 93' lang='lat' dir='ltr'><strong>di-</strong></span> 
     </span>
     <span class='ocr_line' id='line_1_34' title="bbox 180 4503 1478 4615; baseline 0.002 -25"><span class='ocrx_word' id='word_1_170' title='bbox 180 4503 344 4595; x_wconf 60' lang='lat' dir='ltr'><strong>tet1sse</strong></span> <span class='ocrx_word' id='word_1_171' title='bbox 368 4533 565 4596; x_wconf 81' lang='lat' dir='ltr'><strong>existimasse</strong></span> <span class='ocrx_word' id='word_1_172' title='bbox 588 4553 678 4594; x_wconf 89' lang='lat' dir='ltr'><strong>suam</strong></span> <span class='ocrx_word' id='word_1_173' title='bbox 704 4552 777 4594; x_wconf 89' lang='lat' dir='ltr'><strong>cum</strong></span> <span class='ocrx_word' id='word_1_174' title='bbox 798 4553 863 4594; x_wconf 91' lang='lat' dir='ltr'><strong>non</strong></span> <span class='ocrx_word' id='word_1_175' title='bbox 887 4529 1011 4611; x_wconf 86' lang='lat' dir='ltr'><strong>fuisset,</strong></span> <span class='ocrx_word' id='word_1_176' title='bbox 1035 4552 1130 4615; x_wconf 91' lang='lat' dir='ltr'><strong>super</strong></span> <span class='ocrx_word' id='word_1_177' title='bbox 1155 4551 1221 4613; x_wconf 93' lang='lat' dir='ltr'><strong>quo</strong></span> <span class='ocrx_word' id='word_1_178' title='bbox 1246 4531 1349 4592; x_wconf 92' lang='lat' dir='ltr'><strong>dictus</strong></span> <span class='ocrx_word' id='word_1_179' title='bbox 1375 4531 1478 4593; x_wconf 86' lang='lat' dir='ltr'><strong>Lucas</strong></span> 
     </span>
     <span class='ocr_line' id='line_1_35' title="bbox 201 4619 1478 4722; baseline 0.002 -25"><span class='ocrx_word' id='word_1_180' title='bbox 201 4619 293 4697; x_wconf 60' lang='lat' dir='ltr'><strong>ecit</strong></span> <span class='ocrx_word' id='word_1_181' title='bbox 314 4638 430 4702; x_wconf 89' lang='lat' dir='ltr'><strong>iterum</strong></span> <span class='ocrx_word' id='word_1_182' title='bbox 462 4639 743 4722; x_wconf 86' lang='lat' dir='ltr'><strong>protestationem,</strong></span> <span class='ocrx_word' id='word_1_183' title='bbox 776 4639 864 4720; x_wconf 90' lang='lat' dir='ltr'><strong>qnod</strong></span> <span class='ocrx_word' id='word_1_184' title='bbox 893 4654 924 4700; x_wconf 90' lang='lat' dir='ltr'><strong>et</strong></span> <span class='ocrx_word' id='word_1_185' title='bbox 955 4659 1072 4721; x_wconf 83' lang='lat' dir='ltr'><strong>negare</strong></span> <span class='ocrx_word' id='word_1_186' title='bbox 1096 4639 1161 4700; x_wconf 89' lang='lat' dir='ltr'><strong>non</strong></span> <span class='ocrx_word' id='word_1_187' title='bbox 1193 4638 1294 4699; x_wconf 89' lang='lat' dir='ltr'><strong>valuit</strong></span> <span class='ocrx_word' id='word_1_188' title='bbox 1317 4637 1478 4719; x_wconf 90' lang='lat' dir='ltr'><strong>predictus</strong></span> 
     </span>
     <span class='ocr_line' id='line_1_36' title="bbox 199 4701 1478 4829; baseline 0 -25"><span class='ocrx_word' id='word_1_189' title='bbox 199 4701 377 4808; x_wconf 48' lang='lat' dir='ltr'><strong>³0*tannes</strong></span> <span class='ocrx_word' id='word_1_190' title='bbox 400 4743 551 4829; x_wconf 85' lang='lat' dir='ltr'><strong>frenipar,</strong></span> <span class='ocrx_word' id='word_1_191' title='bbox 574 4745 668 4828; x_wconf 83' lang='lat' dir='ltr'><strong>jurati</strong></span> <span class='ocrx_word' id='word_1_192' title='bbox 693 4745 929 4826; x_wconf 87' lang='lat' dir='ltr'><strong>adjudicarunt,</strong></span> <span class='ocrx_word' id='word_1_193' title='bbox 947 4745 1125 4828; x_wconf 89' lang='lat' dir='ltr'><strong>quodquia</strong></span> <span class='ocrx_word' id='word_1_194' title='bbox 1149 4743 1290 4827; x_wconf 84' lang='lat' dir='ltr'><strong>prefatus</strong></span> <span class='ocrx_word' id='word_1_195' title='bbox 1315 4743 1478 4805; x_wconf 89' lang='lat' dir='ltr'><strong>Johannes</strong></span> 
     </span>
     <span class='ocr_line' id='line_1_37' title="bbox 204 4823 1477 4936; baseline 0 -24"><span class='ocrx_word' id='word_1_196' title='bbox 204 4823 314 4911; x_wconf 57' lang='lat' dir='ltr'><strong>mem</strong></span> <span class='ocrx_word' id='word_1_197' title='bbox 334 4866 369 4914; x_wconf 94' lang='lat' dir='ltr'><strong>ut</strong></span> <span class='ocrx_word' id='word_1_198' title='bbox 392 4849 570 4936; x_wconf 83' lang='lat' dir='ltr'><strong>preferetur</strong></span> <span class='ocrx_word' id='word_1_199' title='bbox 592 4851 760 4914; x_wconf 84' lang='lat' dir='ltr'><strong>infamiam</strong></span> <span class='ocrx_word' id='word_1_200' title='bbox 777 4851 903 4915; x_wconf 84' lang='lat' dir='ltr'><strong>fecisset</strong></span> <span class='ocrx_word' id='word_1_201' title='bbox 926 4872 1022 4934; x_wconf 89' lang='lat' dir='ltr'><strong>super</strong></span> <span class='ocrx_word' id='word_1_202' title='bbox 1039 4853 1159 4913; x_wconf 91' lang='lat' dir='ltr'><strong>Lucam</strong></span> <span class='ocrx_word' id='word_1_203' title='bbox 1184 4870 1243 4911; x_wconf 89' lang='lat' dir='ltr'><strong>nec</strong></span> <span class='ocrx_word' id='word_1_204' title='bbox 1266 4851 1477 4932; x_wconf 88' lang='lat' dir='ltr'><strong>comprobare</strong></span> 
     </span>
     <span class='ocr_line' id='line_1_38' title="bbox 100 4944 1488 5316; baseline 0.002 -299"><span class='ocrx_word' id='word_1_205' title='bbox 100 5006 157 5316; x_wconf 43' lang='lat' dir='ltr'>x</span> <span class='ocrx_word' id='word_1_206' title='bbox 217 4944 380 5038; x_wconf 60' lang='lat' dir='ltr'><strong>ii’tuiaet,</strong></span> <span class='ocrx_word' id='word_1_207' title='bbox 402 4958 508 5022; x_wconf 84' lang='lat' dir='ltr'><strong>eidem</strong></span> <span class='ocrx_word' id='word_1_208' title='bbox 532 4959 619 5022; x_wconf 83' lang='lat' dir='ltr'><strong>Luce</strong></span> <span class='ocrx_word' id='word_1_209' title='bbox 642 4958 774 5021; x_wconf 89' lang='lat' dir='ltr'><strong>debebit</strong></span> <span class='ocrx_word' id='word_1_210' title='bbox 796 4973 950 5040; x_wconf 88' lang='lat' dir='ltr'><strong>tanquam</strong></span> <span class='ocrx_word' id='word_1_211' title='bbox 982 4959 1050 5020; x_wconf 89' lang='lat' dir='ltr'><strong>leso</strong></span> <span class='ocrx_word' id='word_1_212' title='bbox 1081 4957 1266 5042; x_wconf 79' lang='lat' dir='ltr'><strong>persolvere</strong></span> <span class='ocrx_word' id='word_1_213' title='bbox 1288 4955 1488 5041; x_wconf 60' lang='lat' dir='ltr'><strong>homagium</strong></span> 
     </span>
    </p>
   </div>
   <div class='ocr_carea' id='block_1_6' title="bbox 148 3846 208 3910">
    <p class='ocr_par' dir='ltr' id='par_1_6' title="bbox 148 3846 208 3910">
     <span class='ocr_line' id='line_1_39' title="bbox 148 3846 208 3910; baseline 0 0"><span class='ocrx_word' id='word_1_214' title='bbox 148 3846 208 3910; x_wconf 69' lang='lat' dir='ltr'><strong>to</strong></span> 
     </span>
    </p>
   </div>
   <div class='ocr_carea' id='block_1_7' title="bbox 0 0 1583 5356">
    <p class='ocr_par' dir='ltr' id='par_1_7' title="bbox 0 0 1583 5356">
     <span class='ocr_line' id='line_1_40' title="bbox 0 0 1583 5356; baseline 0 0"><span class='ocrx_word' id='word_1_215' title='bbox 0 0 1583 5356; x_wconf 95' lang='lat' dir='ltr'><strong> </strong></span> 
     </span>
    </p>
   </div>
  </div>
 </body>
</html>
