3142 5356
209 1377 337 1475 (Anno
365 1374 521 1463 Domini
548 1371 908 1463 dccccxxxviii
936 1375 976 1460 ot
1002 1370 1346 1469 dccccxxxix.)

147 1733 183 1808 ln
212 1733 354 1807 nomine
385 1730 539 1806 Domini.
569 1731 697 1807 Amen.
734 1732 837 1806 Anno
871 1729 1079 1805 Natiuitatis
1109 1730 1272 1805 eiusdem
1301 1730 1409 1804 mille-

149 1859 238 1931 simo
260 1855 615 1955 quadringentesimo
648 1856 831 1930 tricesimo
852 1866 996 1944 octavo,
1017 1853 1107 1928 feria
1127 1861 1234 1929 sexta
1254 1855 1414 1952 proxima

149 1989 236 2055 ante
265 1980 398 2055 festum
426 1981 524 2054 beati
554 1979 651 2054 Luce
682 1979 933 2077 ewangeliste,
968 1987 1133 2076 tempore
1149 1978 1331 2075 judicatus
1352 1973 1412 2051 uiri

149 2104 286 2202 providi
318 2112 355 2178 et
393 2104 642 2202 circumspecti
673 2102 797 2177 blarini
831 2101 959 2199 judicis
993 2103 1106 2176 nostri
1145 2103 1318 2191 moderni,
1356 2101 1410 2176 lilii

152 2227 291 2320 Klario,
320 2229 364 2301 de
393 2251 486 2302 anno
516 2226 660 2302 Domini
694 2227 883 2302 millesimo
921 2227 1281 2325 quadringentesimo
1310 2228 1410 2302 trice-

150 2352 241 2425 simo
272 2359 417 2437 octavo,
448 2374 596 2449 presens
623 2352 774 2424 katerna
803 2362 860 2424 est
880 2350 978 2424 lacta
1008 2360 1046 2424 et
1074 2351 1281 2448 conscripta
1309 2374 1412 2448 super

149 2475 412 2573 registracione
449 2486 486 2549 et
519 2475 800 2572 consignatione
839 2484 1016 2548 certarum
1054 2475 1237 2549 literarum
1277 2475 1410 2574 priuile-

149 2600 293 2698 gialium
315 2600 440 2672 civium
466 2607 504 2672 et
534 2598 775 2672 habitatorum
805 2598 960 2672 civitatis
988 2608 1179 2695 prenotate
1210 2598 1409 2672 inlranomi·

151 2732 315 2798 natorum
359 2746 467 2821 super
504 2721 797 2820 possessionibus
844 2723 877 2793 in
912 2722 1039 2795 eadem
1078 2722 1224 2795 civitate
1264 2733 1302 2796 et
1339 2722 1410 2796 eius

467 2845 650 2920 territorio
682 2845 823 2935 habitis,
853 2845 1109 2919 confectarum.

679 3070 738 3135 (17.
763 3060 905 3122 octobris).

262 3199 337 3258 ltem
363 3199 493 3258 domina
521 3199 697 3280 Elyzabeth
730 3200 839 3260 relicta
872 3200 1008 3260 condam
1035 3200 1197 3261 Valentini
1232 3200 1411 3260 stacionarii

151 3324 235 3364 nuuc
279 3325 409 3364 consors
442 3306 596 3384 legittima
630 3306 771 3386 magistri
804 3305 958 3366 Johannis
990 3306 1126 3387 lapicide
1162 3307 1289 3388 pridem
1325 3306 1413 3386 jurati

152 3411 358 3490 concisisque
384 3411 493 3487 nostri,
520 3410 550 3469 io
577 3431 711 3491 persona
733 3412 875 3472 eiusdem
902 3412 1056 3472 lobannis
1073 3412 1211 3493 lapicide
1237 3412 1363 3472 domini
1387 3425 1414 3471 et

152 3517 256 3577 mariti
289 3517 336 3576 sui
371 3517 518 3596 legittimi
551 3537 585 3576 ac
619 3517 649 3576 io
683 3538 819 3598 persona
848 3519 981 3598 Agnetis
1013 3532 1044 3578 et
1068 3517 1242 3578 Katherine
1278 3517 1413 3579 filiarum

150 3622 293 3682 eiusdem
320 3623 461 3701 magistri
486 3622 641 3682 iohannis
665 3623 814 3704 lapicida,
839 3644 876 3682 cx
900 3625 991 3701 scitu,
1016 3624 1181 3684 voluntate
1208 3639 1239 3684 et
1266 3625 1414 3685 commis·

151 3728 240 3788 sione
266 3727 439 3788 literatorie
466 3727 564 3808 ipsius
589 3728 730 3807 magistri
757 3728 911 3789 lobannis
934 3729 1082 3811 lapicide,
1108 3749 1166 3811 pro
1191 3731 1414 3811 persolutione

152 3850 310 3896 certorum
336 3835 518 3897 debitorum
544 3836 686 3895 eiusdem
712 3837 853 3916 magistri
881 3836 1036 3897 ‚iohannis
1060 3837 1211 3918 lapicide‚
1230 3856 1287 3919 per
1311 3838 1415 3919 plures

151 3941 323 4002 creditores
337 3942 436 4022 ipsius
453 3941 576 4019 justicia
594 3942 754 4003 mediante
774 3943 911 4021 astricta,
929 3943 1089 4023 quandam
1109 3942 1242 4003 domum
1259 3959 1414 4004 muratam

149 4046 261 4130 prelati
295 4049 436 4130 magistri
470 4048 625 4108 lohannis
658 4048 808 4129 lapicide‚
840 4049 935 4109 simul
969 4069 1041 4110 cum
1067 4047 1169 4109 fundo
1194 4064 1224 4110 et
1248 4048 1415 4124 hedificiis,

150 4157 285 4238 aliisque
311 4158 431 4218 cunctis
463 4157 527 4217 suis
560 4156 751 4217 utilitatibus
783 4171 813 4216 et
850 4157 1055 4238 pertinenciis
1086 4157 1243 4216 universis
1269 4157 1300 4217 in
1334 4157 1414 4218 dicta

151 4264 278 4326 civitate
304 4265 384 4324 inter
409 4264 541 4324 domum
578 4277 608 4322 et
640 4260 776 4322 fundum
810 4262 940 4344 Mathye
965 4263 1105 4340 sartoris,
1137 4261 1241 4341 jurati,
1275 4263 1415 4324 concivis

151 4371 249 4432 nostri
287 4370 343 4431 filii
369 4370 533 4451 Stephani,
559 4382 589 4430 et
615 4370 695 4429 inter
720 4369 786 4428 vias
810 4389 866 4428 seu
901 4369 1022 4449 plateas
1046 4388 1236 4429 communes
1260 4368 1414 4444 habitam,

149 4497 249 4560 prope
274 4477 442 4557 portellam
469 4476 605 4537 civitatis
629 4474 770 4556 predicte
796 4491 1004 4556 campestrem
1032 4477 1136 4552 sitam,
1162 4495 1255 4536 muro
1280 4475 1414 4536 civitatis

149 4586 293 4646 eiusdem
318 4585 536 4661 adherentem,
562 4597 699 4665 quatuor
722 4582 752 4642 in
772 4596 840 4643 toto
865 4583 968 4642 corias
992 4583 1031 4643 ad
1050 4601 1142 4642 usum
1163 4582 1263 4663 ipsius
1280 4581 1415 4642 civitatis

149 4693 179 4753 in
200 4713 231 4752 sc
250 4692 480 4768 continentem,
498 4690 567 4751 viro
585 4688 721 4771 provido
747 4704 777 4748 et
794 4689 1025 4769 circumspecto
1045 4688 1170 4749 Marino
1187 4686 1285 4767 judici
1305 4701 1413 4748 nostro

150 4798 306 4860 moderno
342 4797 409 4860 filio
447 4797 557 4858 Klario
589 4816 625 4858 ac
657 4815 712 4879 per
746 4814 817 4856 cum
844 4797 908 4856 suis
941 4795 1111 4855 heredibus
1145 4813 1204 4877 pro
1229 4795 1412 4877 octuaginta
