3142 5356
151 471 209 533 168
548 476 633 530 Anno
656 484 744 547 1507.
771 504 811 513 -
838 466 886 528 18.
903 471 996 544 junii.

148 581 362 588 —-..
615 580 620 585 .
634 579 764 585 ———
781 579 799 584 ..
817 576 1058 583 -..--———.
1068 575 1237 581 -———

1241 516 1461 579 -ds

104 732 112 741 .
148 684 215 747 fieri
232 700 335 747 totum
353 685 524 767 spoliatum
543 699 574 746 et
590 685 630 745 ab
647 683 768 745 eisdem
786 683 973 745 hominibus
994 681 1085 742 castri
1104 678 1230 740 Medwe
1248 698 1299 739 res
1315 674 1389 760 ipsi:
1451 670 1461 681 ’

148 794 314 874 recepisse,
338 807 413 875 puta
440 793 470 853 in
498 811 560 853 una
585 811 690 868 vacca,
714 791 746 851 in
773 810 872 873 porco
896 806 926 850 et
950 788 1022 850 aliis
1046 786 1138 848 certis
1162 787 1260 847 rebus
1284 745 1461 867 queqi)

148 897 277 961 fuerunt
301 900 333 960 in
356 899 455 960 domo
479 919 546 975 sua,
570 898 662 978 jurati
694 896 929 977 adjudicarunt,
954 894 1042 977 quod
1073 912 1244 975 quousque
1270 855 1461 975 prefati&¹

149 1005 332 1068 Anthonius
357 1007 484 1088 Merynz
509 1007 590 1066 circa
615 1025 663 1065 res
684 1025 756 1066 suas
788 1005 907 1085 quibus
931 1004 998 1085 ipse
1022 1020 1078 1084 per
1102 999 1242 1083 prefatos
1265 975 1461 1062 homine&

149 1132 206 1173 seu
230 1112 369 1191 judicem
394 1111 485 1173 castri
511 1111 637 1172 Medwe
662 1131 727 1171 non
760 1109 951 1192 pervenerit,
984 1122 1100 1169 extunc
1132 1126 1191 1167 nos
1215 1107 1342 1169 nullum
1363 1105 1405 1185 ju-
1425 1086 1461 1143 5

151 1217 271 1278 dicium
295 1237 351 1278 seu
375 1216 629 1280 satisfaccionem
655 1217 696 1280 da
720 1217 790 1298 ipso
808 1216 974 1298 potuimus
998 1214 1112 1291 facere,
1136 1233 1174 1274 ex
1199 1232 1265 1294 quo
1290 1214 1322 1275 in
1347 1201 1461 1275 orn‘¹

151 1323 246 1385 nibus
269 1326 364 1385 rebus
387 1325 453 1385 suis
476 1338 522 1385 est
545 1325 697 1405 privatus.

249 1559 345 1632 Feria
374 1571 471 1632 sexta
501 1560 653 1650 proxima
681 1570 759 1650 post
787 1562 909 1633 festum
938 1562 1027 1632 beati
1058 1557 1127 1631 Viti
1156 1561 1325 1630 martiris.

686 1711 752 1793 (18.
768 1713 879 1793 sitnia).

259 1855 370 1917 Petrus
394 1854 533 1916 carnifex
558 1856 598 1916 ad
623 1856 811 1917 instanciam
831 1855 950 1916 Matbie
981 1853 1149 1936 freniparis
1173 1853 1279 1934 primo
1305 1853 1417 1913 citatus

154 1981 219 2022 non
245 1962 433 2036 comparuit.

261 2068 382 2129 Eodem
409 2069 460 2129 die
486 2069 638 2128 Nicolaus
656 2068 914 2150 Kirntbeschyalr
931 2067 971 2128 ad
996 2066 1185 2127 instanciam
1203 2065 1327 2127 Mathie
1353 2064 1418 2128 Go-

156 2193 279 2255 sponne
304 2175 408 2255 primo
433 2175 546 2236 citatus
570 2193 633 2234 non
660 2175 850 2255 comparuit.

262 2279 385 2342 Eodem
410 2280 461 2340 die
487 2301 579 2340 causa
605 2281 686 2341 inter
708 2281 886 2341 Fabianum
905 2279 1127 2363 Duymowycb
1152 2293 1184 2341 et
1207 2279 1419 2341 Valentinum

157 2384 334 2446 carnificem
369 2387 497 2448 racione
529 2387 693 2448 cuiusdam
720 2388 806 2468 equi,
832 2407 928 2467 quem
953 2387 1039 2448 idem
1071 2386 1262 2447 Valentinus
1294 2385 1419 2468 prefato

158 2490 301 2552 Fabiano
325 2493 364 2552 ad
390 2512 504 2574 pascua
522 2493 706 2568 tradiderat,
732 2495 784 2554 ubi
803 2493 888 2554 idem
908 2494 1069 2554 Fabianus
1085 2511 1179 2554 suum
1202 2511 1327 2572 equum
1344 2512 1418 2553 cum

157 2616 241 2677 equo
255 2596 330 2659 dicti
342 2598 496 2660 carnificis
509 2599 670 2659 Valentini
686 2599 814 2659 insimul
829 2602 1039 2681 pascebantur
1049 2600 1103 2660 ubi
1117 2619 1185 2660 sors
1194 2598 1294 2677 dedit,
1306 2600 1420 2660 ambos

157 2703 238 2764 duos
261 2718 328 2765 tum
346 2704 420 2766 dicti
438 2705 599 2767 Valentini
617 2721 684 2765 tum
697 2707 798 2766 eciam
816 2707 915 2788 ipsius
925 2707 1058 2767 Fabiani
1076 2705 1162 2767 fures
1178 2706 1416 2783 subtraxerunt,

157 2809 249 2889 jurati
274 2810 507 2890 adjudicarunt,
532 2812 619 2892 quod
645 2832 682 2872 ex
710 2832 776 2894 quo
794 2813 934 2894 prefatus
958 2813 1120 2874 Fabianus
1144 2832 1202 2895 pro
1226 2813 1314 2874 dicto
1334 2832 1419 2894 equo

157 2917 297 2998 seipsum
323 2937 386 2978 non
412 2919 567 2999 obligavit
590 2938 648 3000 pro
674 2917 847 2996 furticinio,
872 2919 927 2979 sed
949 2919 988 2980 ad
1014 2920 1209 3002 peticionem
1234 2919 1336 3000 ipsius
1358 2919 1419 2980 Va·

158 3021 270 3084 lentini
295 3024 379 3105 cepit
411 3024 532 3085 dictum
556 3045 674 3105 equum
700 3026 739 3085 ad
770 3027 977 3106 pascendum,
1002 3026 1076 3087 ideo
1100 3029 1168 3087 lum
1193 3019 1337 3107 prefatu's
1360 3025 1421 3086 Va·

158 3128 299 3190 lentinus
323 3128 462 3191 carnifex
480 3145 546 3190 tum
574 3132 674 3191 eciam
700 3132 803 3193 dictus
821 3133 982 3193 Fabianus
1002 3151 1096 3213 super
1114 3131 1257 3212 dampno
1281 3130 1422 3193 debeant

160 3253 305 3310 manere,
331 3235 470 3318 prefatus
495 3257 569 3298 vero
596 3238 784 3299 Valentinus
819 3258 883 3300 non
908 3253 1076 3299 contentus
1099 3238 1155 3298 sed
1180 3238 1356 3320 appellavit
1382 3236 1421 3298 ad

160 3342 301 3403 seniores
325 3343 455 3423 judices.

355 3578 449 3651 Feria
478 3591 576 3652 sexta
606 3586 638 3651 in
668 3583 753 3653 festo
783 3584 878 3653 beate
906 3581 1046 3669 lgneus
1073 3579 1224 3668 virginis.

750 3737 825 3806 (sic).

173 3884 176 3890 ’
267 3873 372 3934 Causa
397 3873 477 3933 inter
503 3873 693 3934 Micbaelem
719 3873 926 3953 aurifabrum,
953 3893 1150 3955 uxoremque
1175 3874 1253 3950 eius,
1278 3893 1315 3935 ac
1334 3874 1425 3935 Hans

160 3979 308 4041 similiter
332 3976 527 4040 aurifabrum
546 3981 673 4040 racione
698 3996 853 4041 certarum
879 4001 984 4042 rerum
1002 4000 1058 4063 per
1074 3999 1206 4042 uxorem
1229 3999 1320 4041 suam
1339 3979 1425 4042 fura·

161 4100 266 4146 tarum
291 4100 321 4146 et
345 4105 400 4167 per
426 4087 564 4146 eundem
583 4086 673 4146 Hans
696 4087 884 4165 levaturum,
902 4088 1074 4167 uxorisque
1091 4107 1147 4147 sue
1173 4087 1204 4147 in
1228 4085 1329 4147 domo
1347 4086 1424 4147 dicti

163 4192 329 4254 Michaelis
353 4192 528 4268 verberate,
552 4193 605 4252 ubi
640 4192 743 4253 dictus
775 4194 863 4254 Hans
895 4209 961 4254 tum
995 4194 1238 4275 percepcionem
1265 4192 1425 4255 dictarum

162 4318 269 4360 rerum
293 4297 467 4358 furatarum
500 4311 633 4378 tumque
658 4299 774 4359 dictam
809 4301 1047 4380 percussionem
1079 4300 1217 4379 negavit,
1250 4299 1304 4359 ubi
1330 4298 1425 4377 jurati

161 4406 394 4485 adjudicarunt,
418 4404 506 4484 quod
524 4405 608 4465 idem
634 4405 723 4466 Hans
746 4403 824 4467 feria
841 4419 926 4466 sexta
952 4426 1014 4487 que
1039 4407 1097 4466 erit
1122 4406 1153 4468 in
1177 4405 1423 4486 carnisprivium

163 4510 491 4572 metterciusdecimus
514 4511 574 4572 sibi
599 4512 758 4572 similibus
790 4513 820 4572 in
846 4513 937 4573 altari
970 4527 1076 4574 sancte
1102 4512 1216 4574 Crucis
1240 4511 1344 4590 jurare
1368 4511 1425 4573 de·

163 4619 250 4680 bebit
274 4618 362 4699 quod
387 4618 491 4679 nullas
516 4638 566 4678 res
590 4619 629 4679 ab
655 4618 767 4680 eadem
793 4620 927 4681 muliere
944 4620 1063 4682 levavit
1086 4634 1116 4680 et
1141 4639 1246 4700 neque
1270 4619 1427 4700 percepit,

162 4724 343 4806 juramento
367 4726 474 4805 itaque
499 4724 646 4807 deposito
671 4745 703 4785 se
728 4745 744 4785 a
770 4726 861 4786 dictis
883 4728 977 4787 rebus
1002 4725 1112 4786 furatis
1137 4724 1342 4806 expurgabit;
1368 4726 1426 4787 ubi

163 4832 267 4893 dictus
291 4852 366 4893 vero
393 4831 481 4891 Hans
505 4844 536 4891 et
560 4832 820 4893 verberacionem
837 4852 893 4893 seu
914 4832 1152 4914 percussionem
1171 4831 1254 4893 dicte
1278 4829 1428 4894 mulieris

163 4939 263 5000 eciam
288 4939 426 5018 negavit,
440 4936 500 4998 hoc
518 4937 618 4998 eciam
636 4937 729 5017 jurati
747 4938 980 5018 adjudicarunt,
998 4938 1086 5020 quod
1104 4937 1190 4999 idem
1204 4937 1295 4998 Hans
1307 4936 1427 5000 eodem
