3156 5364
555 495 640 550 Anno
663 506 756 570 1499.
782 527 822 536 -
846 505 874 570 7.
891 496 985 569 junii.
1340 513 1395 575 125

144 596 408 604 ——.——.—.—
425 599 478 604 ..--
511 598 554 603 ——-
584 599 628 603 —-
650 599 695 603 -—·
720 599 909 604 ——--—-..-
943 601 1397 608 ---—--—.---—-—.-——-..

280 709 377 783 Feria
408 716 514 784 tercia
544 725 622 782 aute
660 713 780 783 iestum
810 711 899 783 beati
928 712 1061 802 Georgii
1090 714 1254 786 martiris.

652 861 719 943 (23.
743 863 874 944 aprilis).

235 1004 342 1066 Causa
374 1004 456 1065 iuter
488 1005 632 1065 Marcum
666 1005 827 1066 literatum
861 1019 892 1068 et
924 1025 1049 1067 sorores
1086 1006 1231 1067 eiusdem
1264 1006 1397 1069 heredes

135 1112 269 1173 condam
297 1109 472 1174 Verischne
505 1125 536 1172 et
560 1111 695 1172 Elenam
729 1131 862 1172 uxorem
896 1111 1028 1192 Georgii
1062 1112 1218 1174 carnificis
1250 1113 1397 1176 moderni

132 1218 235 1300 jurati,
261 1219 375 1280 citacio
400 1219 514 1301 prima.

236 1323 397 1406 Georgius
422 1325 639 1407 carpentarius
656 1324 695 1386 ad
720 1325 861 1406 primum
886 1323 1041 1406 judicium
1067 1341 1176 1387 contra
1202 1325 1396 1407 Gregorium

132 1446 270 1494 sutorem
295 1431 492 1513 respondere
515 1432 687 1494 tenebitur.

235 1537 371 1620 Gyurko
395 1538 539 1600 literatus
564 1552 674 1599 contra
691 1539 809 1600 Lucam
836 1539 1044 1620 clipeatorem
1070 1540 1175 1622 primo
1200 1540 1313 1602 citatus
1331 1560 1396 1602 non

131 1645 321 1727 comparuit.

235 1751 374 1813 Causam
394 1751 476 1812 inter
493 1750 657 1812 Thomam
685 1765 827 1812 sutorem
845 1750 996 1831 juratum,
1013 1767 1048 1813 ut
1070 1767 1222 1830 actorem,
1239 1767 1270 1814 et
1295 1753 1396 1816 Geor-

134 1858 220 1938 gium
253 1872 395 1918 sutorem
421 1858 461 1916 de
493 1857 564 1917 vico
597 1861 741 1918 sutorum
775 1857 904 1918 racione
930 1858 1080 1940 vituperii
1113 1873 1143 1920 et
1169 1858 1310 1937 infamia,
1342 1860 1395 1921 ubi

134 1965 198 2045 ipse
224 1963 384 2045 Georgius
409 1963 487 2024 dixit
517 1962 642 2045 prefato
667 1964 795 2025 Tlsome
820 1963 942 2043 jurato:
978 1980 1012 2025 tu
1037 1984 1102 2025 non
1135 1986 1167 2025 es
1192 1966 1307 2046 dignus
1339 1965 1395 2027 ho-

134 2091 241 2131 norem
276 2070 434 2148 judicatus
465 2071 511 2131 tui
538 2069 629 2146 ferre,
652 2085 746 2151 prout
779 2072 810 2130 in
843 2070 964 2151 judicio
988 2070 1075 2132 solus
1108 2091 1171 2132 non
1198 2073 1336 2153 negavit,
1365 2087 1395 2133 et

132 2178 217 2258 quod
242 2196 298 2259 per
323 2190 418 2237 testes
442 2190 488 2237 est
505 2177 687 2257 probatum,
705 2176 798 2256 jurati
827 2176 1093 2256 adjudicaverunt
1117 2176 1202 2256 juxta
1226 2177 1395 2258 privilegia

134 2299 162 2343 et
186 2284 349 2344 libertates
373 2282 519 2358 civitatis,
543 2283 629 2362 quod
646 2282 713 2363 ipse
736 2280 895 2362 Georgius
911 2297 1021 2343 contra
1046 2281 1205 2364 prelatum
1231 2282 1393 2344 Thomam

133 2390 295 2450 convictus
319 2402 365 2449 est
390 2389 420 2448 in
447 2388 586 2468 birsagio
611 2387 721 2448 decem
745 2407 928 2469 perisarum,
961 2389 1016 2448 sed
1042 2409 1078 2449 ex
1104 2409 1169 2470 quo
1195 2404 1241 2450 est
1263 2388 1394 2468 juratus,

130 2498 294 2558 convictus
328 2495 431 2556 estin
464 2495 575 2576 duplo,
607 2494 647 2555 ad
679 2514 867 2556 communes
898 2514 974 2555 vero
1007 2515 1160 2577 expensas
1192 2495 1223 2556 in
1250 2495 1395 2556 ducentis

131 2603 277 2666 denariis.

274 2801 371 2875 Feria
400 2812 498 2876 sexta
527 2805 604 2894 post
631 2805 754 2876 festum
783 2806 872 2876 beati
903 2803 1006 2876 Marci
1036 2804 1259 2893 ewangeliste.

647 2961 712 3029 (26.
736 2961 867 3032 aprilis).

234 3098 267 3159 ln
293 3117 387 3159 causa
413 3097 495 3158 inter
520 3099 663 3159 Marcum
699 3098 859 3158 literatum
894 3097 994 3158 fillum
1030 3098 1167 3158 condam
1193 3099 1394 3180 Margarethe

131 3204 301 3266 Verischue
327 3219 358 3265 et
390 3222 515 3265 sorores
541 3224 613 3264 suas
646 3218 754 3264 contra
789 3223 919 3264 uxorem
946 3203 1078 3284 Georgii
1112 3204 1268 3265 carnificis
1294 3205 1393 3265 Elena

132 3326 273 3372 vocatam
299 3324 398 3387 mota,
423 3310 509 3370 idem
536 3311 661 3371 Marcus
685 3311 906 3371 testimonium
929 3311 960 3371 in
986 3311 1051 3390 ipsa
1078 3330 1170 3371 causa
1196 3312 1235 3372 ad
1254 3313 1392 3392 primum

133 3416 283 3495 judicium
309 3416 487 3498 producere
512 3416 653 3478 debebit.

234 3524 268 3585 ln
293 3543 387 3584 causa
413 3524 495 3584 inter
520 3524 674 3584 Mathiam
702 3523 814 3584 Sibralr
833 3538 864 3584 et
887 3523 1085 3605 symeonem,
1110 3522 1224 3583 citacio
1241 3523 1392 3585 secunda.

234 3630 266 3690 ln
293 3649 387 3690 causa
412 3630 494 3690 iuter
512 3630 687 3691 Matrinum
709 3648 819 3710 sporar
837 3643 867 3690 et
885 3629 1079 3710 Gregorium
1105 3644 1247 3689 sutorem
1266 3628 1304 3688 de
1323 3629 1394 3689 vico

133 3750 284 3814 sutorum,
310 3736 423 3797 sitacio
448 3737 562 3817 prima.

234 3933 328 4007 Feria
357 3936 456 4007 sexta
495 3935 648 4025 proxima
686 3936 764 4024 post
791 3936 932 4007 octavas
963 3934 1120 4025 Corporis
1150 3934 1286 4007 Christi.

677 4096 720 4167 (7.
736 4089 846 4165 junia).

234 4213 267 4275 ln
292 4234 385 4276 causa
410 4215 493 4277 inter
525 4214 706 4276 iohannem
739 4215 917 4276 institorem
951 4227 981 4273 et
1011 4214 1166 4290 Marcum,
1199 4214 1239 4273 ab
1263 4231 1338 4289 una,
1363 4224 1394 4272 et

134 4318 268 4404 Helyam
293 4321 444 4400 juratum,
472 4321 512 4382 ad
537 4323 677 4404 primum
700 4320 855 4400 judicium
880 4336 985 4402 partes
1016 4333 1111 4381 testes
1135 4319 1313 4401 producere
1339 4317 1393 4379 de·

132 4427 250 4489 bebunt
274 4440 304 4490 et
329 4428 396 4510 ipse
422 4428 543 4510 Helyas
569 4428 764 4509 respondere
789 4427 959 4489 tenebitur.

234 4532 311 4594 Item
337 4534 445 4595 relicta
471 4534 640 4596 Elizabeth
667 4549 767 4594 mater
788 4534 951 4594 Valentini
977 4533 1132 4594 carnificis
1157 4533 1243 4609 juxta
1268 4529 1393 4611 adjudi-

131 4640 291 4702 cationem
316 4640 494 4721 juratorum
520 4655 629 4703 contra
655 4642 776 4701 Lucam
808 4655 949 4700 sutorem
974 4659 1129 4720 generum
1155 4657 1249 4698 suum
1275 4639 1307 4697 in
1332 4651 1393 4699 ter-

131 4747 216 4807 mino
240 4746 360 4828 prefixo
384 4766 417 4809 se
442 4749 630 4829 expurgavit
656 4762 750 4828 prout
774 4746 992 4826 adjudicatum
1018 4766 1112 4827 supra
1139 4746 1331 4806 continetur.

232 4852 339 4917 Causa
364 4854 446 4916 inter
470 4854 609 4916 Michael
638 4852 830 4934 ireniparem
864 4867 894 4913 et
919 4853 1077 4913 iacobum
1109 4853 1263 4928 Kranecz‚
1287 4849 1393 4930 primo

129 4960 241 5023 citatus
264 4981 330 5023 non
354 4961 547 5042 comparuit.
