3142 5356
658 697 820 758 Nicolaus.

658 804 793 866 lwsnus.

660 911 823 974 Clemens.

659 1018 833 1081 Emericus.

657 1123 843 1205 Gregorius.

659 1230 806 1294 Michael.

656 1336 811 1400 Thomas.

659 1443 776 1506 llartol.

658 1549 794 1631 Gregur.

658 1657 817 1718 Nicolaus.

659 1762 844 1843 Gregorius.

659 1869 820 1930 Nicolaus.

656 1976 796 2037 Mathko.

658 2082 813 2143 Thomas.

330 2245 423 2324 leria
453 2259 549 2324 sexta
578 2249 729 2341 proxima
758 2257 836 2322 ante
865 2251 1065 2320 dominicam
1095 2245 1199 2319 Oculi.

657 2384 702 2459 (8.
727 2385 852 2460 martir),

237 2509 375 2571 lacobus
399 2511 477 2571 alias
501 2509 595 2590 judex
627 2524 736 2571 contra
764 2509 946 2570 Emericum
979 2507 1126 2569 similiter
1149 2506 1228 2567 alias
1252 2505 1395 2586 judicem

131 2612 243 2674 citatus
269 2628 315 2674 est
339 2615 455 2695 primo,
480 2636 544 2677 non
571 2616 750 2697 comparuit
775 2616 805 2676 in
832 2615 934 2696 prims
959 2615 1126 2676 citacione.

236 2718 312 2780 Item
338 2740 432 2781 causa
450 2721 530 2783 inter
552 2722 758 2783 Dominicum
779 2720 953 2803 Perowych
979 2735 1010 2783 et
1035 2721 1190 2782 Jacobum
1210 2718 1396 2801 Bekethych

131 2825 260 2887 racione
286 2825 491 2888 inhihicionis
508 2828 669 2907 lignorum
696 2828 726 2888 in
746 2828 823 2888 silva
850 2828 993 2889 eiusdem
1019 2826 1200 2888 Domlronis
1217 2845 1273 2908 per
1290 2825 1398 2906 ipsum

131 2931 287 2992 Jacobum
312 2934 474 3011 exsecutis,
500 2954 562 3014 que
588 2935 673 3014 ligna
691 2936 751 2995 sub
777 2934 974 2995 inhibitione
1000 2931 1141 3015 prefatus
1158 2933 1297 2993 lacobus
1323 2927 1401 2993 fecit

131 3050 163 3099 et
187 3040 365 3120 exportavit
389 3059 454 3120 quo
487 3061 541 3101 sue
567 3041 686 3122 placuit
718 3042 887 3118 voluntati,
920 3042 950 3101 in
977 3061 1040 3122 qua
1072 3058 1165 3100 causa
1190 3038 1230 3098 ad
1255 3037 1399 3120 primum

130 3141 284 3223 judicium
307 3161 401 3206 testes
426 3161 529 3226 partes
553 3149 646 3208 ambe
671 3147 848 3228 producere
875 3147 1048 3208 habebunt.

237 3251 398 3312 Johannes
424 3253 542 3314 Barber
567 3267 597 3314 et
623 3253 759 3314 Mathias
790 3253 962 3334 adoptivus
994 3251 1078 3313 lilius
1102 3249 1240 3312 condam
1267 3250 1399 3339 Merkli-

133 3356 223 3418 nicze
247 3358 384 3438 quilibet
407 3358 447 3418 ad
472 3359 611 3439 primum
634 3358 787 3439 judicium
813 3373 909 3420 testes
926 3358 1102 3440 producere
1128 3356 1259 3417 habebit
1283 3356 1315 3416 in
1341 3376 1398 3418 ne-

131 3463 225 3543 gocio
251 3483 373 3524 eorum.

236 3568 340 3630 Causa
376 3570 456 3631 inter
488 3569 641 3631 Mathiam
674 3571 793 3651 Dragin
826 3587 853 3632 et
890 3571 1103 3631 laurencium
1137 3570 1229 3652 Spaci
1263 3569 1397 3632 racione

131 3675 346 3755 quorumdam
372 3676 470 3736 boum
496 3696 552 3756 per
584 3678 717 3738 comites
746 3679 785 3738 de
819 3678 979 3738 Mokricza
1005 3696 1061 3757 per
1092 3676 1157 3736 vim
1183 3689 1214 3737 et
1246 3676 1398 3757 potencia

131 3780 291 3841 mediante
318 3782 424 3841 invia
460 3783 587 3863 publica
620 3799 775 3865 receptos,
811 3783 903 3861 jurati
936 3782 1211 3858 adjudicaverunt,
1244 3781 1332 3862 quorl
1359 3802 1398 3844 ex

131 3905 196 3967 quo
223 3886 289 3967 ipse
316 3887 510 3947 laurencius
536 3889 627 3969 Spaci
663 3889 693 3949 in
719 3889 864 3951 thelonio
897 3890 1056 3969 signetum
1090 3887 1201 3949 habuit
1231 3887 1271 3948 ad
1297 3889 1399 3949 boves

130 4008 194 4052 tam
220 4012 294 4053 suos
319 4013 415 4074 quam
442 3993 541 4074 ipsius
575 3995 693 4055 Mathie
720 3996 840 4076 Dragin
873 4011 904 4056 ct
928 3996 1070 4077 plenarie
1102 3994 1283 4056 thelonium
1308 3995 1398 4056 exol-

131 4112 229 4175 verat,
254 4098 395 4179 prelatus
422 4100 616 4160 laurencius
634 4102 764 4163 eosdem
790 4103 850 4163 sibi
869 4103 1017 4163 exolvere
1035 4121 1099 4161 non
1125 4114 1250 4162 tenetur
1273 4119 1310 4161 ex
1329 4119 1399 4182 quo

130 4205 278 4284 potencia
304 4205 464 4265 mediante
482 4207 599 4287 recepti
624 4221 708 4282 sunt,
733 4207 787 4267 sed
815 4210 853 4268 ab
872 4208 1079 4289 impeticione
1104 4207 1247 4267 eiusdem
1275 4206 1398 4268 Mathis

133 4310 252 4390 Dragin
278 4310 359 4371 liber
383 4312 459 4387 erit;
485 4312 626 4393 prelatus
644 4312 780 4374 Mathias
806 4314 924 4394 Dragin
943 4333 1006 4375 non
1026 4327 1197 4375 contentus
1221 4312 1400 4394 appellavit

132 4415 171 4476 ad
196 4417 347 4478 seniores.

279 4583 371 4656 Feria
401 4597 525 4674 quarta
554 4599 626 4676 post
659 4589 777 4659 testum
817 4592 904 4660 beati
937 4589 1029 4660 Pauli
1060 4590 1236 4660 Heremite.

522 4721 587 4797 (16.
605 4724 757 4798 satietatis,
788 4744 857 4784 tritri.
891 4726 1000 4801 1494.)

238 4843 342 4904 Causa
369 4842 453 4904 Galli
481 4845 657 4927 Kwdelych
684 4862 791 4906 contra
816 4847 1024 4908 Valentinum
1049 4862 1191 4908 sutorem
1217 4861 1247 4909 et
1273 4846 1395 4909 Lucam

24 5004 57 5023 ,
131 4950 303 5043 Rybarych
330 4950 544 5021 illustrissimo
569 4952 705 5041 principi
730 4968 760 5016 et
792 4953 926 5016 domino
951 4969 1070 5034 nostro,
1095 4954 1229 5017 domino
1254 4953 1395 5017 iohanni
