3156 5364
597 495 683 551 Anno
706 506 786 568 1522
821 527 861 536 -
885 489 915 553 6.
932 495 1026 569 junii.
1380 511 1442 573 217

159 716 270 767 tanea
303 705 404 787 ipsius
429 703 581 787 Gasparis
604 724 667 785 qua
691 723 724 765 sc
749 705 947 786 obligaverat
971 705 1087 765 habere
1113 704 1152 766 de
1178 706 1272 765 rebus
1304 705 1441 765 condam

157 812 294 874 Aluisii
320 813 352 873 in
377 811 487 873 valore
513 824 641 873 centum
666 825 697 873 et
715 811 827 891 viginti
845 809 951 891 (flor),
975 810 1068 890 jurati
1087 811 1191 870 taliter
1208 810 1443 890 adjudicarunt,

159 935 212 981 ut
245 932 418 981 annotatus
450 917 573 1000 Gaspar
605 917 709 980 dictos
741 930 868 979 centum
902 932 932 977 et
960 917 1072 996 viginti
1107 916 1175 978 flor.
1201 917 1325 979 doctori
1357 917 1442 999 juxta

154 1042 267 1087 suam
293 1024 535 1105 obligacionem
558 1023 743 1106 persolvere
768 1023 901 1098 debeat;
937 1042 1033 1105 super
1057 1042 1122 1103 quo
1156 1021 1296 1104 prefatus
1320 1022 1443 1104 Gaspar

152 1146 241 1192 non
265 1139 437 1192 contentus
461 1148 590 1191 causam
615 1129 717 1210 ipsam
744 1147 817 1189 curn
841 1146 899 1189 suo
917 1147 1068 1209 processu
1093 1128 1133 1188 ad
1158 1126 1313 1207 judicium
1338 1128 1442 1190 senio·

151 1251 246 1298 rum
272 1234 458 1319 appellavit.

217 1494 365 1563 Sabbato
393 1483 545 1580 proximo
574 1491 650 1578 post
679 1490 801 1559 festum
831 1481 1056 1560 sacratissimi
1086 1486 1209 1558 Christi
1239 1487 1399 1577 corporis.

718 1667 782 1735 (20.
799 1664 906 1738 sunit).

284 1820 391 1884 Causa
417 1840 479 1902 que
497 1821 680 1882 vertebatur
697 1820 779 1881 inter
796 1820 996 1880 Jeronimurn
1022 1820 1188 1882 doctorem
1205 1841 1242 1881 ac
1268 1820 1442 1902 Gasparem

171 1927 330 2007 Pastoris,
355 1947 418 2008 que
443 1928 530 2010 prius
555 1947 610 2009 per
627 1928 747 2009 juratos
768 1927 869 1988 revisa
894 1941 925 1988 et
950 1927 989 1988 de
1007 1926 1081 1988 hinc
1107 1927 1147 1988 ad
1164 1929 1306 1988 seniores
1323 1927 1443 2006 judices

166 2036 353 2118 appellata,
371 2036 513 2098 seniores
536 2054 613 2096 vero
630 2034 752 2116 judices
769 2032 923 2115 prefatam
942 2053 1069 2094 causam
1095 2053 1192 2115 penes
1216 2034 1441 2114 obligatoriam

164 2142 254 2204 dicti
281 2141 434 2224 Gasparis
458 2155 553 2224 prout
578 2139 771 2222 periuratos
795 2139 967 2219 judicatam
990 2140 1048 2221 ipsi
1067 2140 1209 2200 seniores
1234 2137 1442 2199 confirmave-

167 2263 251 2310 runt
277 2249 331 2327 ita,
356 2247 443 2329 quod
470 2246 629 2330 prefatum
665 2246 809 2307 debiturn
835 2245 920 2324 juxta
953 2245 1218 2307 consvetudinem
1245 2246 1379 2306 civitatis
1403 2245 1443 2306 ad

166 2355 494 2436 decimumquintum
519 2354 604 2415 diem
622 2354 805 2435 persolvere
823 2353 947 2430 debeat,
970 2372 1035 2434 quo
1059 2352 1176 2429 soluto,
1199 2351 1313 2414 doctor
1336 2352 1441 2412 eidem

166 2463 285 2524 omnia
311 2461 381 2542 jura
406 2475 435 2522 et
460 2461 671 2522 instrumenta
696 2459 859 2521 extradare
884 2459 1007 2520 debeat.

335 2713 432 2787 Feria
460 2723 560 2788 sexta
588 2718 740 2804 proxima
769 2722 847 2785 ante
880 2714 1003 2785 festum
1034 2716 1282 2786 Penthecostcn.

718 2865 765 2946 (ό.
782 2866 891 2944 junii).

284 3029 318 3091 ln
343 3049 437 3091 causa
463 3029 544 3090 inter
561 3028 770 3089 Katherinam
791 3026 889 3088 filiam
910 3025 1048 3088 condam
1073 3026 1229 3088 Iohannis
1246 3026 1442 3109 Zrebrarych

178 3152 208 3198 et
234 3135 399 3198 Matheum
425 3135 592 3218 Matheycz
618 3135 750 3212 dictum,
783 3133 950 3215 quomodo
974 3133 1126 3194 videlicet
1150 3133 1254 3194 dictus
1279 3133 1442 3194 Johannes

179 3241 392 3323 Zrerbrarych
417 3241 496 3302 olim
529 3241 793 3302 testamentaliter
824 3240 960 3320 legasset
991 3240 1131 3301 mediam
1164 3254 1287 3321 partem
1319 3259 1442 3321 posses-

178 3349 278 3410 sionis
303 3346 367 3408 filie
391 3367 446 3408 sue
472 3347 657 3424 Katherine,
683 3360 806 3427 partem
831 3366 908 3407 vero
927 3347 1016 3407 uxori
1043 3347 1095 3424 ita,
1121 3347 1209 3427 quod
1226 3346 1251 3406 si
1277 3365 1356 3406 uxor
1372 3366 1442 3428 pre-

180 3469 369 3530 moreretur‚
384 3473 455 3534 pars
479 3454 625 3515 etaltera
650 3453 714 3513 filie
732 3452 917 3513 succederet
941 3466 972 3512 et
988 3472 1005 3514 e
1022 3472 1195 3528 converso;
1221 3465 1349 3513 mortuo
1367 3471 1443 3533 crgo

180 3560 327 3622 Johanne
354 3579 432 3620 uxor
456 3560 600 3620 eiusdem
627 3558 756 3619 Matheo
783 3558 950 3640 Matheycz
967 3559 1053 3620 dicto
1078 3573 1238 3640 nupserat,
1263 3559 1355 3620 acin
1381 3559 1442 3622 fine

180 3666 243 3728 vite
269 3685 325 3727 sue
349 3680 471 3747 partem
497 3666 585 3726 illam
610 3665 822 3746 possessionis
843 3665 902 3724 sibi
930 3684 947 3724 a
971 3664 1087 3725 marito
1111 3664 1375 3727 testamentaliter
1398 3665 1442 3726 le-

179 3787 285 3853 gatam
303 3791 339 3833 ac
355 3792 388 3832 se
405 3772 645 3852 contingentem
666 3769 794 3830 Matheo
814 3769 979 3853 Matheycz
996 3769 1193 3851 lega(vc)rat,
1218 3771 1442 3852 cuiusquidem

180 3879 283 3939 tocius
307 3878 518 3960 possessionis
543 3877 649 3938 media
675 3897 746 3957 pars
778 3877 809 3936 in
839 3877 901 3936 vita
934 3876 1037 3936 adhuc
1063 3876 1218 3937 Johannis
1243 3877 1440 3959 Zrebrarych

180 4004 235 4067 per
259 3984 399 4047 eundem
424 4003 482 4066 pro
507 3984 742 4065 quinquaginta
767 3981 836 4045 flor.
856 3983 1070 4063 impignorata
1095 3981 1209 4061 luerat,
1233 4002 1330 4063 quam
1355 3997 1442 4044 ante·

182 4089 264 4153 latua
288 4090 456 4173 Matheycz
483 4110 541 4172 pro
566 4091 632 4150 suis
656 4105 690 4151 ut
715 4089 937 4170 comprobavit
959 4089 1103 4169 pecuniis
1127 4090 1297 4150 redimerat
1321 4110 1357 4150 ac
1381 4090 1442 4151 alia

181 4200 280 4260 eciam
306 4197 414 4258 debita
439 4197 515 4258 dicti
541 4195 697 4257 Johannis
713 4195 929 4276 persolverat;
958 4210 1084 4256 mortua
1103 4210 1209 4256 autem
1235 4210 1334 4256 matre
1359 4197 1443 4258 dicta

180 4304 356 4368 Katherina
381 4304 549 4385 proposuit
572 4317 673 4363 totam
698 4303 932 4384 possessionem
958 4303 1054 4362 adse
1080 4323 1096 4362 a
1121 4317 1208 4383 parre
1232 4302 1300 4383 jure
1318 4303 1442 4364 heredi·

179 4413 261 4474 tario
285 4410 324 4471 de
351 4410 517 4471 voluntate
542 4429 577 4470 ac
600 4410 863 4470 testamentaliter
887 4408 1025 4489 legatam
1037 4429 1075 4469 se
1101 4408 1253 4470 rehabere
1278 4410 1370 4488 velle,
1395 4411 1442 4489 ju-

179 4519 236 4581 rati
262 4517 368 4579 taliter
392 4516 627 4595 adjudicarunt,
653 4531 686 4576 ut
718 4530 866 4576 annotata
902 4514 1075 4576 Katherina
1109 4515 1181 4576 illos
1206 4517 1442 4596 quinquaginta

178 4626 249 4689 flor.
273 4644 331 4707 pro
357 4625 474 4706 quibus
500 4623 646 4684 Mattheus
670 4637 790 4703 partem
817 4623 1026 4704 possessionis
1045 4623 1257 4702 impignorare
1272 4622 1443 4683 redimerat

177 4747 211 4796 et
234 4732 297 4793 alia
315 4731 416 4792 eciam
442 4730 560 4806 debita,
585 4749 696 4809 queso
715 4728 848 4807 juridice
872 4728 1061 4809 persolvisse
1079 4729 1290 4808 comprobare
1308 4740 1442 4808 poterat,

179 4839 288 4902 eidem
312 4837 473 4919 persolvat
490 4851 520 4896 et
537 4849 635 4896 totam
654 4836 887 4916 possessionem
907 4835 1076 4908 rehabeat;
1093 4854 1187 4915 super
1212 4854 1277 4914 quo
1297 4834 1442 4895 Matheus

176 4964 246 5011 non
271 4956 441 5009 contentus
466 4961 595 5006 causam
620 4942 659 5005 ad
685 4941 805 5023 judices
830 4941 972 5004 seniores
995 4941 1177 5025 appellavit.
