<?xml version="1.0" encoding="UTF-8"?>
<!DOCTYPE html PUBLIC "-//W3C//DTD XHTML 1.0 Transitional//EN"
    "http://www.w3.org/TR/xhtml1/DTD/xhtml1-transitional.dtd">
<html xmlns="http://www.w3.org/1999/xhtml" xml:lang="en" lang="en">
 <head>
  <title>
</title>
<meta http-equiv="Content-Type" content="text/html;charset=utf-8" />
  <meta name='ocr-system' content='tesseract 3.04.00' />
  <meta name='ocr-capabilities' content='ocr_page ocr_carea ocr_par ocr_line ocrx_word'/>
</head>
<body>
  <div class='ocr_page' id='page_1' title='image "./monumentahistor17laszgoog_0050.png"; bbox 0 0 3142 5356; ppageno 0'>
   <div class='ocr_carea' id='block_1_1' title="bbox 566 483 1434 572">
    <p class='ocr_par' dir='ltr' id='par_1_1' title="bbox 566 483 1434 572">
     <span class='ocr_line' id='line_1_1' title="bbox 566 483 1434 572; baseline 0.012 -30"><span class='ocrx_word' id='word_1_1' title='bbox 566 487 653 543; x_wconf 83' lang='lat' dir='ltr'>Anno</span> <span class='ocrx_word' id='word_1_2' title='bbox 676 483 770 564; x_wconf 73' lang='lat'><em>1481.</em></span> <span class='ocrx_word' id='word_1_3' title='bbox 796 522 838 530; x_wconf 96' lang='lat'>—</span> <span class='ocrx_word' id='word_1_4' title='bbox 855 502 912 564; x_wconf 77' lang='lat'>30.</span> <span class='ocrx_word' id='word_1_5' title='bbox 936 491 1045 550; x_wconf 79' lang='lat' dir='ltr'>martii.</span> <span class='ocrx_word' id='word_1_6' title='bbox 1418 511 1434 572; x_wconf 91' lang='lat'>3</span> 
     </span>
    </p>
   </div>
   <div class='ocr_carea' id='block_1_2' title="bbox 159 697 1439 2377">
    <p class='ocr_par' dir='ltr' id='par_1_2' title="bbox 159 697 1439 2377">
     <span class='ocr_line' id='line_1_2' title="bbox 277 697 1439 782; baseline 0.006 -23"><span class='ocrx_word' id='word_1_7' title='bbox 277 697 363 771; x_wconf 83' lang='lat' dir='ltr'><strong>Quia</strong></span> <span class='ocrx_word' id='word_1_8' title='bbox 387 699 612 761; x_wconf 88' lang='lat' dir='ltr'>serenissimus</span> <span class='ocrx_word' id='word_1_9' title='bbox 636 699 785 782; x_wconf 89' lang='lat' dir='ltr'>princeps</span> <span class='ocrx_word' id='word_1_10' title='bbox 809 714 841 762; x_wconf 89' lang='lat' dir='ltr'>et</span> <span class='ocrx_word' id='word_1_11' title='bbox 860 700 1024 778; x_wconf 85' lang='lat' dir='ltr'>dominus,</span> <span class='ocrx_word' id='word_1_12' title='bbox 1050 701 1202 763; x_wconf 91' lang='lat' dir='ltr'>dominus</span> <span class='ocrx_word' id='word_1_13' title='bbox 1225 703 1362 765; x_wconf 89' lang='lat' dir='ltr'>Mathias</span> <span class='ocrx_word' id='word_1_14' title='bbox 1386 703 1439 766; x_wconf 92' lang='lat' dir='ltr'>dei</span> 
     </span>
     <span class='ocr_line' id='line_1_3' title="bbox 161 803 1435 891; baseline 0.007 -27"><span class='ocrx_word' id='word_1_15' title='bbox 161 803 275 884; x_wconf 81' lang='lat' dir='ltr'>gracia</span> <span class='ocrx_word' id='word_1_16' title='bbox 300 804 479 886; x_wconf 88' lang='lat' dir='ltr'>Hungarie,</span> <span class='ocrx_word' id='word_1_17' title='bbox 505 805 660 867; x_wconf 89' lang='lat' dir='ltr'>Bohemie</span> <span class='ocrx_word' id='word_1_18' title='bbox 686 818 745 868; x_wconf 88' lang='lat' dir='ltr'>etc.</span> <span class='ocrx_word' id='word_1_19' title='bbox 771 825 835 884; x_wconf 82' lang='lat' dir='ltr'>rex,</span> <span class='ocrx_word' id='word_1_20' title='bbox 864 806 1015 867; x_wconf 90' lang='lat' dir='ltr'>dominus</span> <span class='ocrx_word' id='word_1_21' title='bbox 1047 820 1154 868; x_wconf 88' lang='lat' dir='ltr'>noster</span> <span class='ocrx_word' id='word_1_22' title='bbox 1178 809 1341 889; x_wconf 88' lang='lat' dir='ltr'>naturalis,</span> <span class='ocrx_word' id='word_1_23' title='bbox 1365 830 1435 891; x_wconf 89' lang='lat' dir='ltr'>gra·</span> 
     </span>
     <span class='ocr_line' id='line_1_4' title="bbox 162 911 1437 994; baseline 0.006 -23"><span class='ocrx_word' id='word_1_24' title='bbox 162 911 377 989; x_wconf 87' lang='lat' dir='ltr'>ciosissimus,</span> <span class='ocrx_word' id='word_1_25' title='bbox 404 912 497 974; x_wconf 89' lang='lat' dir='ltr'>Petro</span> <span class='ocrx_word' id='word_1_26' title='bbox 529 912 670 994; x_wconf 90' lang='lat' dir='ltr'>sellipari</span> <span class='ocrx_word' id='word_1_27' title='bbox 703 912 814 974; x_wconf 90' lang='lat' dir='ltr'>Koncz</span> <span class='ocrx_word' id='word_1_28' title='bbox 846 913 943 991; x_wconf 91' lang='lat' dir='ltr'>dicto,</span> <span class='ocrx_word' id='word_1_29' title='bbox 968 913 1122 976; x_wconf 90' lang='lat' dir='ltr'>delictum</span> <span class='ocrx_word' id='word_1_30' title='bbox 1155 928 1186 975; x_wconf 90' lang='lat' dir='ltr'>et</span> <span class='ocrx_word' id='word_1_31' title='bbox 1209 913 1376 978; x_wconf 82' lang='lat' dir='ltr'>infamiam</span> <span class='ocrx_word' id='word_1_32' title='bbox 1402 937 1437 979; x_wconf 91' lang='lat' dir='ltr'>ac</span> 
     </span>
     <span class='ocr_line' id='line_1_5' title="bbox 163 1017 1436 1105; baseline 0.005 -26"><span class='ocrx_word' id='word_1_33' title='bbox 163 1017 297 1100; x_wconf 91' lang='lat' dir='ltr'>culpam</span> <span class='ocrx_word' id='word_1_34' title='bbox 326 1019 456 1080; x_wconf 85' lang='lat' dir='ltr'>racione</span> <span class='ocrx_word' id='word_1_35' title='bbox 481 1019 649 1080; x_wconf 88' lang='lat' dir='ltr'>cuiusdam</span> <span class='ocrx_word' id='word_1_36' title='bbox 673 1018 798 1100; x_wconf 90' lang='lat' dir='ltr'>plombi</span> <span class='ocrx_word' id='word_1_37' title='bbox 823 1019 862 1080; x_wconf 90' lang='lat' dir='ltr'>de</span> <span class='ocrx_word' id='word_1_38' title='bbox 888 1019 1002 1081; x_wconf 86' lang='lat' dir='ltr'>fistulis</span> <span class='ocrx_word' id='word_1_39' title='bbox 1019 1021 1131 1101; x_wconf 88' lang='lat' dir='ltr'>organi</span> <span class='ocrx_word' id='word_1_40' title='bbox 1156 1021 1188 1081; x_wconf 95' lang='lat' dir='ltr'>in</span> <span class='ocrx_word' id='word_1_41' title='bbox 1213 1037 1320 1084; x_wconf 91' lang='lat' dir='ltr'>nostra</span> <span class='ocrx_word' id='word_1_42' title='bbox 1344 1043 1436 1105; x_wconf 90' lang='lat' dir='ltr'>paro·</span> 
     </span>
     <span class='ocr_line' id='line_1_6' title="bbox 163 1124 1437 1211; baseline 0.006 -27"><span class='ocrx_word' id='word_1_43' title='bbox 163 1124 264 1186; x_wconf 89' lang='lat' dir='ltr'>chiali</span> <span class='ocrx_word' id='word_1_44' title='bbox 295 1125 429 1187; x_wconf 89' lang='lat' dir='ltr'>ecclesia</span> <span class='ocrx_word' id='word_1_45' title='bbox 458 1125 559 1187; x_wconf 89' lang='lat' dir='ltr'>sancti</span> <span class='ocrx_word' id='word_1_46' title='bbox 584 1125 684 1186; x_wconf 88' lang='lat' dir='ltr'>Marci</span> <span class='ocrx_word' id='word_1_47' title='bbox 717 1125 923 1207; x_wconf 81' lang='lat' dir='ltr'>ewangeliste</span> <span class='ocrx_word' id='word_1_48' title='bbox 954 1124 1066 1187; x_wconf 86' lang='lat' dir='ltr'>furatis</span> <span class='ocrx_word' id='word_1_49' title='bbox 1097 1145 1195 1188; x_wconf 88' lang='lat' dir='ltr'>manu</span> <span class='ocrx_word' id='word_1_50' title='bbox 1227 1129 1381 1211; x_wconf 87' lang='lat' dir='ltr'>sacrilega</span> <span class='ocrx_word' id='word_1_51' title='bbox 1406 1143 1437 1193; x_wconf 92' lang='lat' dir='ltr'>et</span> 
     </span>
     <span class='ocr_line' id='line_1_7' title="bbox 162 1230 1436 1315; baseline 0.005 -25"><span class='ocrx_word' id='word_1_52' title='bbox 162 1230 299 1292; x_wconf 87' lang='lat' dir='ltr'>tandem</span> <span class='ocrx_word' id='word_1_53' title='bbox 324 1231 458 1312; x_wconf 90' lang='lat' dir='ltr'>eliquati</span> <span class='ocrx_word' id='word_1_54' title='bbox 484 1245 580 1313; x_wconf 90' lang='lat' dir='ltr'>atque</span> <span class='ocrx_word' id='word_1_55' title='bbox 604 1251 660 1314; x_wconf 91' lang='lat' dir='ltr'>per</span> <span class='ocrx_word' id='word_1_56' title='bbox 693 1230 796 1312; x_wconf 91' lang='lat' dir='ltr'>ipsum</span> <span class='ocrx_word' id='word_1_57' title='bbox 823 1231 954 1293; x_wconf 88' lang='lat' dir='ltr'>Petrum</span> <span class='ocrx_word' id='word_1_58' title='bbox 979 1251 995 1291; x_wconf 88' lang='lat' dir='ltr'>a</span> <span class='ocrx_word' id='word_1_59' title='bbox 1020 1231 1163 1312; x_wconf 91' lang='lat' dir='ltr'>quodam</span> <span class='ocrx_word' id='word_1_60' title='bbox 1195 1237 1264 1295; x_wconf 86' lang='lat' dir='ltr'>lure</span> <span class='ocrx_word' id='word_1_61' title='bbox 1289 1235 1344 1315; x_wconf 92' lang='lat' dir='ltr'>qui</span> <span class='ocrx_word' id='word_1_62' title='bbox 1369 1254 1436 1297; x_wconf 87' lang='lat' dir='ltr'>sus·</span> 
     </span>
     <span class='ocr_line' id='line_1_8' title="bbox 162 1335 1435 1421; baseline 0.005 -25"><span class='ocrx_word' id='word_1_63' title='bbox 162 1356 286 1418; x_wconf 89' lang='lat' dir='ltr'>pensus</span> <span class='ocrx_word' id='word_1_64' title='bbox 311 1351 367 1416; x_wconf 86' lang='lat' dir='ltr'>est,</span> <span class='ocrx_word' id='word_1_65' title='bbox 393 1339 504 1421; x_wconf 88' lang='lat' dir='ltr'>empti,</span> <span class='ocrx_word' id='word_1_66' title='bbox 530 1357 593 1419; x_wconf 92' lang='lat' dir='ltr'>que</span> <span class='ocrx_word' id='word_1_67' title='bbox 614 1335 756 1398; x_wconf 78' lang='lat' dir='ltr'>facinora</span> <span class='ocrx_word' id='word_1_68' title='bbox 781 1338 882 1398; x_wconf 91' lang='lat' dir='ltr'>eciam</span> <span class='ocrx_word' id='word_1_69' title='bbox 907 1337 995 1418; x_wconf 91' lang='lat' dir='ltr'>prius</span> <span class='ocrx_word' id='word_1_70' title='bbox 1011 1352 1120 1400; x_wconf 87' lang='lat' dir='ltr'>nostra</span> <span class='ocrx_word' id='word_1_71' title='bbox 1143 1340 1358 1401; x_wconf 89' lang='lat' dir='ltr'>communitas</span> <span class='ocrx_word' id='word_1_72' title='bbox 1374 1341 1435 1403; x_wconf 82' lang='lat' dir='ltr'>sibi</span> 
     </span>
     <span class='ocr_line' id='line_1_9' title="bbox 163 1443 1435 1529; baseline 0.005 -26"><span class='ocrx_word' id='word_1_73' title='bbox 163 1443 345 1505; x_wconf 83' lang='lat' dir='ltr'>indulserat</span> <span class='ocrx_word' id='word_1_74' title='bbox 369 1444 468 1506; x_wconf 91' lang='lat' dir='ltr'>velud</span> <span class='ocrx_word' id='word_1_75' title='bbox 486 1445 546 1506; x_wconf 93' lang='lat' dir='ltr'>hoc</span> <span class='ocrx_word' id='word_1_76' title='bbox 570 1445 762 1506; x_wconf 89' lang='lat' dir='ltr'>kathernum</span> <span class='ocrx_word' id='word_1_77' title='bbox 780 1458 924 1505; x_wconf 89' lang='lat' dir='ltr'>nostrum</span> <span class='ocrx_word' id='word_1_78' title='bbox 942 1464 1036 1526; x_wconf 89' lang='lat' dir='ltr'>supra</span> <span class='ocrx_word' id='word_1_79' title='bbox 1053 1445 1170 1507; x_wconf 89' lang='lat' dir='ltr'>clarius</span> <span class='ocrx_word' id='word_1_80' title='bbox 1194 1447 1348 1526; x_wconf 88' lang='lat' dir='ltr'>continet,</span> <span class='ocrx_word' id='word_1_81' title='bbox 1364 1467 1435 1529; x_wconf 91' lang='lat' dir='ltr'>spe·</span> 
     </span>
     <span class='ocr_line' id='line_1_10' title="bbox 163 1549 1433 1632; baseline 0.005 -23"><span class='ocrx_word' id='word_1_82' title='bbox 163 1549 282 1610; x_wconf 89' lang='lat' dir='ltr'>cialem</span> <span class='ocrx_word' id='word_1_83' title='bbox 307 1550 449 1631; x_wconf 82' lang='lat' dir='ltr'>graciam</span> <span class='ocrx_word' id='word_1_84' title='bbox 474 1549 549 1614; x_wconf 88' lang='lat' dir='ltr'>fecit</span> <span class='ocrx_word' id='word_1_85' title='bbox 573 1564 604 1611; x_wconf 90' lang='lat' dir='ltr'>et</span> <span class='ocrx_word' id='word_1_86' title='bbox 627 1550 789 1612; x_wconf 88' lang='lat' dir='ltr'>indultum</span> <span class='ocrx_word' id='word_1_87' title='bbox 811 1564 906 1632; x_wconf 90' lang='lat' dir='ltr'>prout</span> <span class='ocrx_word' id='word_1_88' title='bbox 922 1549 984 1611; x_wconf 88' lang='lat' dir='ltr'>hoc</span> <span class='ocrx_word' id='word_1_89' title='bbox 1008 1551 1041 1611; x_wconf 93' lang='lat' dir='ltr'>in</span> <span class='ocrx_word' id='word_1_90' title='bbox 1058 1551 1158 1613; x_wconf 89' lang='lat' dir='ltr'>literis</span> <span class='ocrx_word' id='word_1_91' title='bbox 1183 1552 1328 1613; x_wconf 88' lang='lat' dir='ltr'>eiusdem</span> <span class='ocrx_word' id='word_1_92' title='bbox 1350 1572 1433 1615; x_wconf 89' lang='lat' dir='ltr'>sere·</span> 
     </span>
     <span class='ocr_line' id='line_1_11' title="bbox 162 1656 1434 1739; baseline 0.004 -22"><span class='ocrx_word' id='word_1_93' title='bbox 162 1657 290 1719; x_wconf 87' lang='lat' dir='ltr'>nissimi</span> <span class='ocrx_word' id='word_1_94' title='bbox 316 1656 441 1718; x_wconf 93' lang='lat' dir='ltr'>domini</span> <span class='ocrx_word' id='word_1_95' title='bbox 466 1658 550 1739; x_wconf 90' lang='lat' dir='ltr'>regis</span> <span class='ocrx_word' id='word_1_96' title='bbox 582 1657 702 1720; x_wconf 89' lang='lat' dir='ltr'>Mathie</span> <span class='ocrx_word' id='word_1_97' title='bbox 734 1671 793 1720; x_wconf 90' lang='lat' dir='ltr'>etc.</span> <span class='ocrx_word' id='word_1_98' title='bbox 826 1657 933 1718; x_wconf 90' lang='lat' dir='ltr'>eidem</span> <span class='ocrx_word' id='word_1_99' title='bbox 958 1657 1053 1720; x_wconf 88' lang='lat' dir='ltr'>Petro</span> <span class='ocrx_word' id='word_1_100' title='bbox 1085 1659 1247 1720; x_wconf 88' lang='lat' dir='ltr'>concessis</span> <span class='ocrx_word' id='word_1_101' title='bbox 1272 1672 1303 1720; x_wconf 91' lang='lat' dir='ltr'>et</span> <span class='ocrx_word' id='word_1_102' title='bbox 1326 1679 1434 1722; x_wconf 90' lang='lat' dir='ltr'>coram</span> 
     </span>
     <span class='ocr_line' id='line_1_12' title="bbox 162 1763 1433 1846; baseline 0.003 -22"><span class='ocrx_word' id='word_1_103' title='bbox 162 1763 261 1824; x_wconf 89' lang='lat' dir='ltr'>nobis</span> <span class='ocrx_word' id='word_1_104' title='bbox 277 1763 442 1844; x_wconf 90' lang='lat' dir='ltr'>productis</span> <span class='ocrx_word' id='word_1_105' title='bbox 459 1764 543 1826; x_wconf 89' lang='lat' dir='ltr'>clare</span> <span class='ocrx_word' id='word_1_106' title='bbox 560 1764 752 1842; x_wconf 88' lang='lat' dir='ltr'>continetur,</span> <span class='ocrx_word' id='word_1_107' title='bbox 770 1764 844 1825; x_wconf 89' lang='lat' dir='ltr'>ideo</span> <span class='ocrx_word' id='word_1_108' title='bbox 861 1783 920 1825; x_wconf 88' lang='lat' dir='ltr'>nos</span> <span class='ocrx_word' id='word_1_109' title='bbox 940 1765 1155 1826; x_wconf 89' lang='lat' dir='ltr'>communitas</span> <span class='ocrx_word' id='word_1_110' title='bbox 1170 1785 1227 1846; x_wconf 90' lang='lat' dir='ltr'>per</span> <span class='ocrx_word' id='word_1_111' title='bbox 1244 1765 1433 1828; x_wconf 87' lang='lat' dir='ltr'>mandatum</span> 
     </span>
     <span class='ocr_line' id='line_1_13' title="bbox 162 1869 1433 1953; baseline 0.003 -22"><span class='ocrx_word' id='word_1_112' title='bbox 162 1869 280 1952; x_wconf 89' lang='lat' dir='ltr'>prefati</span> <span class='ocrx_word' id='word_1_113' title='bbox 298 1871 492 1932; x_wconf 87' lang='lat' dir='ltr'>serenissimi</span> <span class='ocrx_word' id='word_1_114' title='bbox 511 1871 636 1932; x_wconf 92' lang='lat' dir='ltr'>domini</span> <span class='ocrx_word' id='word_1_115' title='bbox 654 1871 754 1933; x_wconf 90' lang='lat' dir='ltr'>nostri</span> <span class='ocrx_word' id='word_1_116' title='bbox 772 1871 854 1952; x_wconf 90' lang='lat' dir='ltr'>regis</span> <span class='ocrx_word' id='word_1_117' title='bbox 870 1885 1048 1953; x_wconf 89' lang='lat' dir='ltr'>pretactum</span> <span class='ocrx_word' id='word_1_118' title='bbox 1065 1871 1231 1950; x_wconf 91' lang='lat' dir='ltr'>delictum,</span> <span class='ocrx_word' id='word_1_119' title='bbox 1255 1871 1433 1953; x_wconf 80' lang='lat' dir='ltr'>infamiam,</span> 
     </span>
     <span class='ocr_line' id='line_1_14' title="bbox 161 1977 1432 2061; baseline 0.003 -24"><span class='ocrx_word' id='word_1_120' title='bbox 161 1977 296 2058; x_wconf 88' lang='lat' dir='ltr'>culpam</span> <span class='ocrx_word' id='word_1_121' title='bbox 319 1977 498 2059; x_wconf 86' lang='lat' dir='ltr'>supradicti</span> <span class='ocrx_word' id='word_1_122' title='bbox 524 1978 608 2039; x_wconf 86' lang='lat' dir='ltr'>Petri</span> <span class='ocrx_word' id='word_1_123' title='bbox 625 1977 783 2060; x_wconf 91' lang='lat' dir='ltr'>selliparis</span> <span class='ocrx_word' id='word_1_124' title='bbox 799 1977 990 2039; x_wconf 88' lang='lat' dir='ltr'>obedienter</span> <span class='ocrx_word' id='word_1_125' title='bbox 1006 1977 1152 2039; x_wconf 88' lang='lat' dir='ltr'>delemus</span> <span class='ocrx_word' id='word_1_126' title='bbox 1168 1997 1225 2059; x_wconf 92' lang='lat' dir='ltr'>per</span> <span class='ocrx_word' id='word_1_127' title='bbox 1242 1977 1300 2040; x_wconf 87' lang='lat' dir='ltr'>hec</span> <span class='ocrx_word' id='word_1_128' title='bbox 1317 1980 1432 2061; x_wconf 90' lang='lat' dir='ltr'>scripta</span> 
     </span>
     <span class='ocr_line' id='line_1_15' title="bbox 161 2083 1432 2165; baseline 0.002 -22"><span class='ocrx_word' id='word_1_129' title='bbox 161 2097 196 2150; x_wconf 85' lang='lat' dir='ltr'>et</span> <span class='ocrx_word' id='word_1_130' title='bbox 220 2083 360 2144; x_wconf 90' lang='lat' dir='ltr'>eundem</span> <span class='ocrx_word' id='word_1_131' title='bbox 388 2084 516 2146; x_wconf 90' lang='lat' dir='ltr'>Petrum</span> <span class='ocrx_word' id='word_1_132' title='bbox 543 2084 574 2144; x_wconf 95' lang='lat' dir='ltr'>in</span> <span class='ocrx_word' id='word_1_133' title='bbox 592 2084 795 2145; x_wconf 89' lang='lat' dir='ltr'>consorcium</span> <span class='ocrx_word' id='word_1_134' title='bbox 813 2097 958 2146; x_wconf 91' lang='lat' dir='ltr'>nostrum</span> <span class='ocrx_word' id='word_1_135' title='bbox 976 2084 1211 2165; x_wconf 90' lang='lat' dir='ltr'>consiliumque</span> <span class='ocrx_word' id='word_1_136' title='bbox 1236 2099 1267 2145; x_wconf 93' lang='lat' dir='ltr'>et</span> <span class='ocrx_word' id='word_1_137' title='bbox 1291 2084 1432 2146; x_wconf 89' lang='lat' dir='ltr'>honores</span> 
     </span>
     <span class='ocr_line' id='line_1_16' title="bbox 160 2189 1432 2273; baseline 0.002 -23"><span class='ocrx_word' id='word_1_138' title='bbox 160 2202 379 2270; x_wconf 88' lang='lat' dir='ltr'>acceptamus,</span> <span class='ocrx_word' id='word_1_139' title='bbox 403 2209 463 2272; x_wconf 91' lang='lat' dir='ltr'>pro</span> <span class='ocrx_word' id='word_1_140' title='bbox 481 2189 616 2252; x_wconf 92' lang='lat' dir='ltr'>honesto</span> <span class='ocrx_word' id='word_1_141' title='bbox 633 2209 669 2252; x_wconf 93' lang='lat' dir='ltr'>ac</span> <span class='ocrx_word' id='word_1_142' title='bbox 685 2190 823 2273; x_wconf 94' lang='lat' dir='ltr'>provido</span> <span class='ocrx_word' id='word_1_143' title='bbox 851 2190 920 2251; x_wconf 91' lang='lat' dir='ltr'>viro</span> <span class='ocrx_word' id='word_1_144' title='bbox 941 2203 1037 2272; x_wconf 93' lang='lat' dir='ltr'>prout</span> <span class='ocrx_word' id='word_1_145' title='bbox 1053 2190 1140 2271; x_wconf 89' lang='lat' dir='ltr'>regia</span> <span class='ocrx_word' id='word_1_146' title='bbox 1159 2190 1308 2252; x_wconf 87' lang='lat' dir='ltr'>Maiestas</span> <span class='ocrx_word' id='word_1_147' title='bbox 1326 2192 1432 2253; x_wconf 89' lang='lat' dir='ltr'>eidem</span> 
     </span>
     <span class='ocr_line' id='line_1_17' title="bbox 159 2294 418 2377; baseline 0.004 -21"><span class='ocrx_word' id='word_1_148' title='bbox 159 2295 306 2377; x_wconf 91' lang='lat' dir='ltr'>graciam</span> <span class='ocrx_word' id='word_1_149' title='bbox 332 2294 418 2357; x_wconf 85' lang='lat' dir='ltr'>lecit.</span> 
     </span>
    </p>
   </div>
   <div class='ocr_carea' id='block_1_3' title="bbox 272 2567 1322 2818">
    <p class='ocr_par' dir='ltr' id='par_1_3' title="bbox 272 2567 1322 2818">
     <span class='ocr_line' id='line_1_18' title="bbox 272 2567 1322 2659; baseline -0.001 -18"><span class='ocrx_word' id='word_1_150' title='bbox 272 2567 369 2641; x_wconf 85' lang='lat' dir='ltr'>Feria</span> <span class='ocrx_word' id='word_1_151' title='bbox 398 2577 496 2641; x_wconf 85' lang='lat' dir='ltr'>sexta</span> <span class='ocrx_word' id='word_1_152' title='bbox 524 2568 678 2658; x_wconf 85' lang='lat' dir='ltr'>proxima</span> <span class='ocrx_word' id='word_1_153' title='bbox 707 2578 783 2659; x_wconf 85' lang='lat' dir='ltr'>post</span> <span class='ocrx_word' id='word_1_154' title='bbox 816 2568 1014 2641; x_wconf 89' lang='lat' dir='ltr'>dominicam</span> <span class='ocrx_word' id='word_1_155' title='bbox 1043 2567 1137 2642; x_wconf 86' lang='lat' dir='ltr'>Oculi</span> <span class='ocrx_word' id='word_1_156' title='bbox 1167 2574 1230 2641; x_wconf 87' lang='lat' dir='ltr'>mei</span> <span class='ocrx_word' id='word_1_157' title='bbox 1260 2578 1322 2643; x_wconf 85' lang='lat' dir='ltr'>etc.</span> 
     </span>
     <span class='ocr_line' id='line_1_19' title="bbox 696 2741 911 2818; baseline 0.019 -20"><span class='ocrx_word' id='word_1_158' title='bbox 696 2741 759 2818; x_wconf 77' lang='lat'>(30.</span> <span class='ocrx_word' id='word_1_159' title='bbox 785 2743 911 2814; x_wconf 73' lang='lat' dir='ltr'>martri‘).</span> 
     </span>
    </p>
   </div>
   <div class='ocr_carea' id='block_1_4' title="bbox 155 2900 1429 3412">
    <p class='ocr_par' dir='ltr' id='par_1_4' title="bbox 155 2900 1429 3412">
     <span class='ocr_line' id='line_1_20' title="bbox 272 2900 1428 2983; baseline 0.003 -21"><span class='ocrx_word' id='word_1_160' title='bbox 272 2901 377 2963; x_wconf 88' lang='lat' dir='ltr'>Causa</span> <span class='ocrx_word' id='word_1_161' title='bbox 413 2921 477 2983; x_wconf 90' lang='lat' dir='ltr'>que</span> <span class='ocrx_word' id='word_1_162' title='bbox 512 2902 695 2963; x_wconf 87' lang='lat' dir='ltr'>vertebatur</span> <span class='ocrx_word' id='word_1_163' title='bbox 727 2901 809 2962; x_wconf 90' lang='lat' dir='ltr'>inter</span> <span class='ocrx_word' id='word_1_164' title='bbox 839 2900 1007 2962; x_wconf 86' lang='lat' dir='ltr'>honestam</span> <span class='ocrx_word' id='word_1_165' title='bbox 1043 2901 1186 2982; x_wconf 89' lang='lat' dir='ltr'>puellam</span> <span class='ocrx_word' id='word_1_166' title='bbox 1220 2900 1428 2965; x_wconf 87' lang='lat' dir='ltr'>Katberinam</span> 
     </span>
     <span class='ocr_line' id='line_1_21' title="bbox 160 3007 1429 3093; baseline 0 -22"><span class='ocrx_word' id='word_1_167' title='bbox 160 3009 263 3072; x_wconf 90' lang='lat' dir='ltr'>filiam</span> <span class='ocrx_word' id='word_1_168' title='bbox 297 3009 504 3093; x_wconf 89' lang='lat' dir='ltr'>Stephanych</span> <span class='ocrx_word' id='word_1_169' title='bbox 530 3022 561 3070; x_wconf 91' lang='lat' dir='ltr'>et</span> <span class='ocrx_word' id='word_1_170' title='bbox 593 3007 790 3070; x_wconf 90' lang='lat' dir='ltr'>Gwrkonem</span> <span class='ocrx_word' id='word_1_171' title='bbox 824 3022 1033 3069; x_wconf 87' lang='lat' dir='ltr'>mercatorem</span> <span class='ocrx_word' id='word_1_172' title='bbox 1063 3008 1102 3069; x_wconf 90' lang='lat' dir='ltr'>de</span> <span class='ocrx_word' id='word_1_173' title='bbox 1135 3009 1277 3089; x_wconf 87' lang='lat' dir='ltr'>Ragusio</span> <span class='ocrx_word' id='word_1_174' title='bbox 1302 3010 1429 3072; x_wconf 91' lang='lat' dir='ltr'>racione</span> 
     </span>
     <span class='ocr_line' id='line_1_22' title="bbox 157 3113 1429 3198; baseline 0 -21"><span class='ocrx_word' id='word_1_175' title='bbox 157 3116 379 3198; x_wconf 90' lang='lat' dir='ltr'>quorumdam</span> <span class='ocrx_word' id='word_1_176' title='bbox 412 3114 585 3176; x_wconf 91' lang='lat' dir='ltr'>duodecim</span> <span class='ocrx_word' id='word_1_177' title='bbox 618 3114 826 3192; x_wconf 89' lang='lat' dir='ltr'>florenorum,</span> <span class='ocrx_word' id='word_1_178' title='bbox 859 3133 941 3195; x_wconf 92' lang='lat' dir='ltr'>quos</span> <span class='ocrx_word' id='word_1_179' title='bbox 969 3113 1092 3196; x_wconf 86' lang='lat' dir='ltr'>prelata</span> <span class='ocrx_word' id='word_1_180' title='bbox 1124 3113 1297 3175; x_wconf 86' lang='lat' dir='ltr'>Katherina</span> <span class='ocrx_word' id='word_1_181' title='bbox 1322 3116 1429 3197; x_wconf 92' lang='lat' dir='ltr'>puella</span> 
     </span>
     <span class='ocr_line' id='line_1_23' title="bbox 158 3220 1428 3304; baseline -0.001 -19"><span class='ocrx_word' id='word_1_182' title='bbox 158 3236 361 3285; x_wconf 85' lang='lat' dir='ltr'>concesserat</span> <span class='ocrx_word' id='word_1_183' title='bbox 384 3221 537 3304; x_wconf 81' lang='lat' dir='ltr'>jamdicto</span> <span class='ocrx_word' id='word_1_184' title='bbox 563 3221 730 3299; x_wconf 90' lang='lat' dir='ltr'>Gwrkoni,</span> <span class='ocrx_word' id='word_1_185' title='bbox 754 3240 810 3302; x_wconf 91' lang='lat' dir='ltr'>per</span> <span class='ocrx_word' id='word_1_186' title='bbox 835 3223 938 3281; x_wconf 91' lang='lat' dir='ltr'>bonos</span> <span class='ocrx_word' id='word_1_187' title='bbox 969 3232 1000 3281; x_wconf 90' lang='lat' dir='ltr'>et</span> <span class='ocrx_word' id='word_1_188' title='bbox 1024 3220 1175 3282; x_wconf 91' lang='lat' dir='ltr'>honestos</span> <span class='ocrx_word' id='word_1_189' title='bbox 1199 3223 1285 3284; x_wconf 92' lang='lat' dir='ltr'>viros</span> <span class='ocrx_word' id='word_1_190' title='bbox 1309 3235 1355 3283; x_wconf 92' lang='lat' dir='ltr'>est</span> <span class='ocrx_word' id='word_1_191' title='bbox 1378 3242 1428 3284; x_wconf 91' lang='lat' dir='ltr'>so·</span> 
     </span>
     <span class='ocr_line' id='line_1_24' title="bbox 155 3327 770 3412; baseline -0.005 -21"><span class='ocrx_word' id='word_1_192' title='bbox 155 3331 238 3412; x_wconf 90' lang='lat' dir='ltr'>pita,</span> <span class='ocrx_word' id='word_1_193' title='bbox 262 3329 369 3391; x_wconf 90' lang='lat' dir='ltr'>decisa</span> <span class='ocrx_word' id='word_1_194' title='bbox 393 3342 425 3390; x_wconf 90' lang='lat' dir='ltr'>et</span> <span class='ocrx_word' id='word_1_195' title='bbox 448 3327 586 3389; x_wconf 84' lang='lat' dir='ltr'>finaliter</span> <span class='ocrx_word' id='word_1_196' title='bbox 609 3327 770 3389; x_wconf 86' lang='lat' dir='ltr'>conclusa.</span> 
     </span>
    </p>
   </div>
   <div class='ocr_carea' id='block_1_5' title="bbox 140 3451 1429 4920">
    <p class='ocr_par' dir='ltr' id='par_1_5' title="bbox 140 3451 1429 4920">
     <span class='ocr_line' id='line_1_25' title="bbox 266 3451 1428 3536; baseline -0.001 -20"><span class='ocrx_word' id='word_1_197' title='bbox 266 3453 373 3517; x_wconf 85' lang='lat' dir='ltr'>Causa</span> <span class='ocrx_word' id='word_1_198' title='bbox 405 3473 470 3535; x_wconf 92' lang='lat' dir='ltr'>que</span> <span class='ocrx_word' id='word_1_199' title='bbox 503 3454 585 3515; x_wconf 91' lang='lat' dir='ltr'>inter</span> <span class='ocrx_word' id='word_1_200' title='bbox 615 3452 787 3536; x_wconf 91' lang='lat' dir='ltr'>providum</span> <span class='ocrx_word' id='word_1_201' title='bbox 826 3451 1008 3512; x_wconf 89' lang='lat' dir='ltr'>Dionisium</span> <span class='ocrx_word' id='word_1_202' title='bbox 1040 3465 1193 3513; x_wconf 89' lang='lat' dir='ltr'>sartorem</span> <span class='ocrx_word' id='word_1_203' title='bbox 1227 3474 1264 3514; x_wconf 93' lang='lat' dir='ltr'>ac</span> <span class='ocrx_word' id='word_1_204' title='bbox 1297 3453 1428 3515; x_wconf 89' lang='lat' dir='ltr'>Gallum</span> 
     </span>
     <span class='ocr_line' id='line_1_26' title="bbox 158 3558 1429 3641; baseline -0.002 -18"><span class='ocrx_word' id='word_1_205' title='bbox 158 3561 319 3623; x_wconf 87' lang='lat' dir='ltr'>Kudelicz</span> <span class='ocrx_word' id='word_1_206' title='bbox 337 3562 520 3622; x_wconf 86' lang='lat' dir='ltr'>vertebatur</span> <span class='ocrx_word' id='word_1_207' title='bbox 537 3561 665 3621; x_wconf 92' lang='lat' dir='ltr'>racione</span> <span class='ocrx_word' id='word_1_208' title='bbox 690 3558 857 3620; x_wconf 90' lang='lat' dir='ltr'>cuiusdam</span> <span class='ocrx_word' id='word_1_209' title='bbox 876 3558 949 3635; x_wconf 88' lang='lat' dir='ltr'>litis,</span> <span class='ocrx_word' id='word_1_210' title='bbox 974 3578 1071 3639; x_wconf 91' lang='lat' dir='ltr'>quam</span> <span class='ocrx_word' id='word_1_211' title='bbox 1089 3558 1192 3619; x_wconf 90' lang='lat' dir='ltr'>dictus</span> <span class='ocrx_word' id='word_1_212' title='bbox 1206 3558 1318 3622; x_wconf 90' lang='lat' dir='ltr'>Gallus</span> <span class='ocrx_word' id='word_1_213' title='bbox 1334 3580 1429 3641; x_wconf 89' lang='lat' dir='ltr'>super</span> 
     </span>
     <span class='ocr_line' id='line_1_27' title="bbox 156 3664 1427 3750; baseline -0.001 -22"><span class='ocrx_word' id='word_1_214' title='bbox 156 3666 321 3750; x_wconf 86' lang='lat' dir='ltr'>prelatum</span> <span class='ocrx_word' id='word_1_215' title='bbox 356 3666 541 3728; x_wconf 84' lang='lat' dir='ltr'>Dionisium</span> <span class='ocrx_word' id='word_1_216' title='bbox 573 3679 726 3727; x_wconf 88' lang='lat' dir='ltr'>sartorem</span> <span class='ocrx_word' id='word_1_217' title='bbox 759 3676 904 3725; x_wconf 87' lang='lat' dir='ltr'>moverat</span> <span class='ocrx_word' id='word_1_218' title='bbox 935 3664 989 3725; x_wconf 90' lang='lat' dir='ltr'>tali</span> <span class='ocrx_word' id='word_1_219' title='bbox 1023 3665 1139 3742; x_wconf 93' lang='lat' dir='ltr'>modo,</span> <span class='ocrx_word' id='word_1_220' title='bbox 1171 3665 1259 3746; x_wconf 89' lang='lat' dir='ltr'>quod</span> <span class='ocrx_word' id='word_1_221' title='bbox 1296 3667 1427 3746; x_wconf 91' lang='lat' dir='ltr'>quando</span> 
     </span>
     <span class='ocr_line' id='line_1_28' title="bbox 154 3769 1428 3855; baseline -0.002 -20"><span class='ocrx_word' id='word_1_222' title='bbox 154 3788 306 3855; x_wconf 87' lang='lat' dir='ltr'>tempore</span> <span class='ocrx_word' id='word_1_223' title='bbox 328 3772 488 3854; x_wconf 89' lang='lat' dir='ltr'>judicatus</span> <span class='ocrx_word' id='word_1_224' title='bbox 511 3771 733 3854; x_wconf 89' lang='lat' dir='ltr'>circumspecti</span> <span class='ocrx_word' id='word_1_225' title='bbox 751 3770 905 3831; x_wconf 91' lang='lat' dir='ltr'>Johannis</span> <span class='ocrx_word' id='word_1_226' title='bbox 923 3770 1122 3831; x_wconf 87' lang='lat' dir='ltr'>Soldinaricz</span> <span class='ocrx_word' id='word_1_227' title='bbox 1146 3769 1267 3850; x_wconf 88' lang='lat' dir='ltr'>juratus</span> <span class='ocrx_word' id='word_1_228' title='bbox 1291 3772 1428 3832; x_wconf 89' lang='lat' dir='ltr'>existens</span> 
     </span>
     <span class='ocr_line' id='line_1_29' title="bbox 154 3875 1425 3960; baseline -0.003 -19"><span class='ocrx_word' id='word_1_229' title='bbox 154 3880 245 3942; x_wconf 87' lang='lat' dir='ltr'>idem</span> <span class='ocrx_word' id='word_1_230' title='bbox 271 3879 448 3957; x_wconf 86' lang='lat' dir='ltr'>Dionisius,</span> <span class='ocrx_word' id='word_1_231' title='bbox 472 3878 614 3960; x_wconf 91' lang='lat' dir='ltr'>quodam</span> <span class='ocrx_word' id='word_1_232' title='bbox 646 3877 862 3958; x_wconf 88' lang='lat' dir='ltr'>juramentum</span> <span class='ocrx_word' id='word_1_233' title='bbox 894 3876 954 3958; x_wconf 92' lang='lat' dir='ltr'>ipsi</span> <span class='ocrx_word' id='word_1_234' title='bbox 980 3875 1077 3937; x_wconf 90' lang='lat' dir='ltr'>Gallo</span> <span class='ocrx_word' id='word_1_235' title='bbox 1108 3876 1337 3957; x_wconf 92' lang='lat' dir='ltr'>deponendum</span> <span class='ocrx_word' id='word_1_236' title='bbox 1370 3877 1425 3937; x_wconf 93' lang='lat' dir='ltr'>ad-</span> 
     </span>
     <span class='ocr_line' id='line_1_30' title="bbox 155 3981 1425 4068; baseline -0.004 -21"><span class='ocrx_word' id='word_1_237' title='bbox 155 3985 337 4068; x_wconf 84' lang='lat' dir='ltr'>judicatum</span> <span class='ocrx_word' id='word_1_238' title='bbox 364 3983 479 4063; x_wconf 88' lang='lat' dir='ltr'>luerat,</span> <span class='ocrx_word' id='word_1_239' title='bbox 502 3997 578 4046; x_wconf 91' lang='lat' dir='ltr'>tunc</span> <span class='ocrx_word' id='word_1_240' title='bbox 594 3982 735 4066; x_wconf 87' lang='lat' dir='ltr'>prelatus</span> <span class='ocrx_word' id='word_1_241' title='bbox 752 3982 917 4045; x_wconf 89' lang='lat' dir='ltr'>Dionisius</span> <span class='ocrx_word' id='word_1_242' title='bbox 933 3996 1029 4063; x_wconf 89' lang='lat' dir='ltr'>prout</span> <span class='ocrx_word' id='word_1_243' title='bbox 1043 3981 1155 4043; x_wconf 89' lang='lat' dir='ltr'>Gallus</span> <span class='ocrx_word' id='word_1_244' title='bbox 1172 3983 1341 4062; x_wconf 89' lang='lat' dir='ltr'>asserebat,</span> <span class='ocrx_word' id='word_1_245' title='bbox 1359 4002 1425 4042; x_wconf 94' lang='lat' dir='ltr'>non</span> 
     </span>
     <span class='ocr_line' id='line_1_31' title="bbox 155 4088 1427 4174; baseline -0.005 -20"><span class='ocrx_word' id='word_1_246' title='bbox 155 4094 202 4155; x_wconf 84' lang='lat' dir='ltr'>ita</span> <span class='ocrx_word' id='word_1_247' title='bbox 227 4106 323 4174; x_wconf 88' lang='lat' dir='ltr'>prout</span> <span class='ocrx_word' id='word_1_248' title='bbox 348 4089 569 4171; x_wconf 83' lang='lat' dir='ltr'>adjudicatum</span> <span class='ocrx_word' id='word_1_249' title='bbox 593 4089 697 4151; x_wconf 90' lang='lat' dir='ltr'>luerat</span> <span class='ocrx_word' id='word_1_250' title='bbox 720 4089 775 4150; x_wconf 93' lang='lat' dir='ltr'>sed</span> <span class='ocrx_word' id='word_1_251' title='bbox 807 4089 871 4149; x_wconf 90' lang='lat' dir='ltr'>alio</span> <span class='ocrx_word' id='word_1_252' title='bbox 897 4088 995 4149; x_wconf 92' lang='lat' dir='ltr'>modo</span> <span class='ocrx_word' id='word_1_253' title='bbox 1020 4089 1236 4168; x_wconf 84' lang='lat' dir='ltr'>juramentum</span> <span class='ocrx_word' id='word_1_254' title='bbox 1263 4088 1427 4149; x_wconf 90' lang='lat' dir='ltr'>Dionisius</span> 
     </span>
     <span class='ocr_line' id='line_1_32' title="bbox 155 4195 1426 4280; baseline -0.005 -20"><span class='ocrx_word' id='word_1_255' title='bbox 155 4198 288 4261; x_wconf 90' lang='lat' dir='ltr'>interim</span> <span class='ocrx_word' id='word_1_256' title='bbox 312 4210 454 4280; x_wconf 88' lang='lat' dir='ltr'>prestare</span> <span class='ocrx_word' id='word_1_257' title='bbox 478 4197 642 4275; x_wconf 89' lang='lat' dir='ltr'>voluisset,</span> <span class='ocrx_word' id='word_1_258' title='bbox 674 4196 729 4257; x_wconf 90' lang='lat' dir='ltr'>sed</span> <span class='ocrx_word' id='word_1_259' title='bbox 758 4195 832 4277; x_wconf 86' lang='lat' dir='ltr'>quia</span> <span class='ocrx_word' id='word_1_260' title='bbox 868 4195 1110 4275; x_wconf 88' lang='lat' dir='ltr'>prenominatus</span> <span class='ocrx_word' id='word_1_261' title='bbox 1136 4195 1299 4255; x_wconf 88' lang='lat' dir='ltr'>Dionisius</span> <span class='ocrx_word' id='word_1_262' title='bbox 1324 4208 1426 4256; x_wconf 90' lang='lat' dir='ltr'>sartor</span> 
     </span>
     <span class='ocr_line' id='line_1_33' title="bbox 155 4300 1426 4387; baseline -0.005 -20"><span class='ocrx_word' id='word_1_263' title='bbox 155 4305 325 4387; x_wconf 89' lang='lat' dir='ltr'>fidedigno</span> <span class='ocrx_word' id='word_1_264' title='bbox 349 4305 537 4367; x_wconf 84' lang='lat' dir='ltr'>testimonio</span> <span class='ocrx_word' id='word_1_265' title='bbox 569 4305 746 4387; x_wconf 91' lang='lat' dir='ltr'>proborum</span> <span class='ocrx_word' id='word_1_266' title='bbox 778 4302 920 4363; x_wconf 91' lang='lat' dir='ltr'>virorum</span> <span class='ocrx_word' id='word_1_267' title='bbox 949 4321 984 4361; x_wconf 90' lang='lat' dir='ltr'>ac</span> <span class='ocrx_word' id='word_1_268' title='bbox 1016 4321 1072 4382; x_wconf 90' lang='lat' dir='ltr'>per</span> <span class='ocrx_word' id='word_1_269' title='bbox 1096 4300 1312 4382; x_wconf 88' lang='lat' dir='ltr'>juramentum</span> <span class='ocrx_word' id='word_1_270' title='bbox 1338 4300 1426 4381; x_wconf 90' lang='lat' dir='ltr'>quod</span> 
     </span>
     <span class='ocr_line' id='line_1_34' title="bbox 155 4406 1426 4497; baseline -0.006 -23"><span class='ocrx_word' id='word_1_271' title='bbox 155 4415 227 4497; x_wconf 81' lang='lat' dir='ltr'>ipse</span> <span class='ocrx_word' id='word_1_272' title='bbox 251 4411 419 4474; x_wconf 87' lang='lat' dir='ltr'>Dionisius</span> <span class='ocrx_word' id='word_1_273' title='bbox 443 4411 603 4494; x_wconf 89' lang='lat' dir='ltr'>deposuit,</span> <span class='ocrx_word' id='word_1_274' title='bbox 620 4408 842 4491; x_wconf 89' lang='lat' dir='ltr'>comprobavit</span> <span class='ocrx_word' id='word_1_275' title='bbox 863 4407 952 4489; x_wconf 89' lang='lat' dir='ltr'>quod</span> <span class='ocrx_word' id='word_1_276' title='bbox 970 4407 1055 4468; x_wconf 93' lang='lat' dir='ltr'>idem</span> <span class='ocrx_word' id='word_1_277' title='bbox 1082 4406 1247 4466; x_wconf 88' lang='lat' dir='ltr'>Dionisius</span> <span class='ocrx_word' id='word_1_278' title='bbox 1271 4426 1336 4466; x_wconf 93' lang='lat' dir='ltr'>non</span> <span class='ocrx_word' id='word_1_279' title='bbox 1361 4406 1426 4467; x_wconf 92' lang='lat' dir='ltr'>alio</span> 
     </span>
     <span class='ocr_line' id='line_1_35' title="bbox 155 4510 1428 4599; baseline -0.007 -19"><span class='ocrx_word' id='word_1_280' title='bbox 155 4518 259 4581; x_wconf 90' lang='lat' dir='ltr'>modo</span> <span class='ocrx_word' id='word_1_281' title='bbox 283 4517 340 4580; x_wconf 88' lang='lat' dir='ltr'>sed</span> <span class='ocrx_word' id='word_1_282' title='bbox 364 4530 462 4599; x_wconf 92' lang='lat' dir='ltr'>prout</span> <span class='ocrx_word' id='word_1_283' title='bbox 485 4516 704 4599; x_wconf 85' lang='lat' dir='ltr'>adjudicatum</span> <span class='ocrx_word' id='word_1_284' title='bbox 729 4514 790 4577; x_wconf 84' lang='lat' dir='ltr'>fuit</span> <span class='ocrx_word' id='word_1_285' title='bbox 814 4515 874 4596; x_wconf 90' lang='lat' dir='ltr'>ipsi</span> <span class='ocrx_word' id='word_1_286' title='bbox 897 4513 1004 4591; x_wconf 88' lang='lat' dir='ltr'>Gallo,</span> <span class='ocrx_word' id='word_1_287' title='bbox 1029 4513 1071 4573; x_wconf 91' lang='lat' dir='ltr'>ita</span> <span class='ocrx_word' id='word_1_288' title='bbox 1096 4510 1237 4594; x_wconf 88' lang='lat' dir='ltr'>prelatus</span> <span class='ocrx_word' id='word_1_289' title='bbox 1263 4512 1428 4572; x_wconf 90' lang='lat' dir='ltr'>Dionisius</span> 
     </span>
     <span class='ocr_line' id='line_1_36' title="bbox 140 4617 1425 4707; baseline -0.008 -20"><span class='ocrx_word' id='word_1_290' title='bbox 140 4624 221 4688; x_wconf 88' lang='lat' dir='ltr'>-tale</span> <span class='ocrx_word' id='word_1_291' title='bbox 244 4624 463 4707; x_wconf 90' lang='lat' dir='ltr'>juramentum</span> <span class='ocrx_word' id='word_1_292' title='bbox 487 4624 692 4706; x_wconf 90' lang='lat' dir='ltr'>proponebat</span> <span class='ocrx_word' id='word_1_293' title='bbox 716 4636 747 4683; x_wconf 91' lang='lat' dir='ltr'>et</span> <span class='ocrx_word' id='word_1_294' title='bbox 767 4633 988 4703; x_wconf 89' lang='lat' dir='ltr'>proposuerat,</span> <span class='ocrx_word' id='word_1_295' title='bbox 1012 4619 1085 4681; x_wconf 89' lang='lat' dir='ltr'>ideo</span> <span class='ocrx_word' id='word_1_296' title='bbox 1103 4618 1196 4699; x_wconf 84' lang='lat' dir='ltr'>jurati</span> <span class='ocrx_word' id='word_1_297' title='bbox 1221 4617 1425 4697; x_wconf 85' lang='lat' dir='ltr'>adjudicave-</span> 
     </span>
     <span class='ocr_line' id='line_1_37' title="bbox 154 4723 1426 4812; baseline -0.009 -18"><span class='ocrx_word' id='word_1_298' title='bbox 154 4743 245 4811; x_wconf 90' lang='lat' dir='ltr'>runt,</span> <span class='ocrx_word' id='word_1_299' title='bbox 270 4729 360 4812; x_wconf 92' lang='lat' dir='ltr'>quod</span> <span class='ocrx_word' id='word_1_300' title='bbox 386 4729 501 4793; x_wconf 88' lang='lat' dir='ltr'>Gallus</span> <span class='ocrx_word' id='word_1_301' title='bbox 525 4731 557 4792; x_wconf 90' lang='lat' dir='ltr'>in</span> <span class='ocrx_word' id='word_1_302' title='bbox 581 4729 643 4791; x_wconf 93' lang='lat' dir='ltr'>hoc</span> <span class='ocrx_word' id='word_1_303' title='bbox 664 4748 738 4790; x_wconf 88' lang='lat' dir='ltr'>casu</span> <span class='ocrx_word' id='word_1_304' title='bbox 770 4740 880 4789; x_wconf 90' lang='lat' dir='ltr'>contra</span> <span class='ocrx_word' id='word_1_305' title='bbox 905 4725 1087 4787; x_wconf 86' lang='lat' dir='ltr'>Dionisium</span> <span class='ocrx_word' id='word_1_306' title='bbox 1120 4739 1273 4784; x_wconf 84' lang='lat' dir='ltr'>sartorem</span> <span class='ocrx_word' id='word_1_307' title='bbox 1306 4723 1426 4784; x_wconf 88' lang='lat' dir='ltr'>calum-</span> 
     </span>
     <span class='ocr_line' id='line_1_38' title="bbox 153 4828 1427 4920; baseline -0.009 -19"><span class='ocrx_word' id='word_1_308' title='bbox 153 4839 248 4902; x_wconf 77' lang='lat' dir='ltr'>niose</span> <span class='ocrx_word' id='word_1_309' title='bbox 272 4838 339 4920; x_wconf 87' lang='lat' dir='ltr'>egit</span> <span class='ocrx_word' id='word_1_310' title='bbox 355 4851 386 4900; x_wconf 88' lang='lat' dir='ltr'>et</span> <span class='ocrx_word' id='word_1_311' title='bbox 409 4837 442 4899; x_wconf 94' lang='lat' dir='ltr'>in</span> <span class='ocrx_word' id='word_1_312' title='bbox 459 4837 623 4900; x_wconf 86' lang='lat' dir='ltr'>calumnia</span> <span class='ocrx_word' id='word_1_313' title='bbox 640 4836 807 4898; x_wconf 84' lang='lat' dir='ltr'>convictus</span> <span class='ocrx_word' id='word_1_314' title='bbox 831 4847 895 4910; x_wconf 73' lang='lat' dir='ltr'>est,</span> <span class='ocrx_word' id='word_1_315' title='bbox 912 4833 952 4894; x_wconf 93' lang='lat' dir='ltr'>de</span> <span class='ocrx_word' id='word_1_316' title='bbox 970 4851 1033 4913; x_wconf 93' lang='lat' dir='ltr'>qua</span> <span class='ocrx_word' id='word_1_317' title='bbox 1053 4830 1297 4911; x_wconf 86' lang='lat' dir='ltr'>adjudicacione</span> <span class='ocrx_word' id='word_1_318' title='bbox 1313 4828 1427 4891; x_wconf 89' lang='lat' dir='ltr'>Gallus</span> 
     </span>
    </p>
   </div>
   <div class='ocr_carea' id='block_1_6' title="bbox 152 4939 1003 5024">
    <p class='ocr_par' dir='ltr' id='par_1_6' title="bbox 152 4939 1003 5024">
     <span class='ocr_line' id='line_1_39' title="bbox 152 4939 1003 5024; baseline -0.009 -16"><span class='ocrx_word' id='word_1_319' title='bbox 152 4962 223 5008; x_wconf 90' lang='lat' dir='ltr'>non</span> <span class='ocrx_word' id='word_1_320' title='bbox 247 4955 418 5008; x_wconf 85' lang='lat' dir='ltr'>contentus</span> <span class='ocrx_word' id='word_1_321' title='bbox 441 4942 481 5006; x_wconf 91' lang='lat' dir='ltr'>ad</span> <span class='ocrx_word' id='word_1_322' title='bbox 506 4942 650 5006; x_wconf 80' lang='lat' dir='ltr'>seniores</span> <span class='ocrx_word' id='word_1_323' title='bbox 673 4940 796 5024; x_wconf 88' lang='lat' dir='ltr'>judices</span> <span class='ocrx_word' id='word_1_324' title='bbox 820 4939 1003 5022; x_wconf 90' lang='lat' dir='ltr'>appellavit.</span> 
     </span>
    </p>
   </div>
   <div class='ocr_carea' id='block_1_7' title="bbox 0 0 1576 5356">
    <p class='ocr_par' dir='ltr' id='par_1_7' title="bbox 0 0 1576 5356">
     <span class='ocr_line' id='line_1_40' title="bbox 0 0 1576 5356; baseline 0 2"><span class='ocrx_word' id='word_1_325' title='bbox 0 0 1576 5356; x_wconf 95' lang='lat' dir='ltr'> </span> 
     </span>
    </p>
   </div>
  </div>
 </body>
</html>
