<?xml version="1.0" encoding="UTF-8"?>
<!DOCTYPE html PUBLIC "-//W3C//DTD XHTML 1.0 Transitional//EN"
    "http://www.w3.org/TR/xhtml1/DTD/xhtml1-transitional.dtd">
<html xmlns="http://www.w3.org/1999/xhtml" xml:lang="en" lang="en">
 <head>
  <title>
</title>
<meta http-equiv="Content-Type" content="text/html;charset=utf-8" />
  <meta name='ocr-system' content='tesseract 3.04.00' />
  <meta name='ocr-capabilities' content='ocr_page ocr_carea ocr_par ocr_line ocrx_word'/>
</head>
<body>
  <div class='ocr_page' id='page_1' title='image "./monumentahistor17laszgoog_0554.png"; bbox 0 0 3142 5356; ppageno 0'>
   <div class='ocr_carea' id='block_1_1' title="bbox 121 555 1400 2231">
    <p class='ocr_par' dir='ltr' id='par_1_1' title="bbox 121 555 1400 2231">
     <span class='ocr_line' id='line_1_1' title="bbox 121 555 1399 637; baseline -0.002 -19"><span class='ocrx_word' id='word_1_1' title='bbox 121 557 211 619; x_wconf 91' lang='lat' dir='ltr'>dicti</span> <span class='ocrx_word' id='word_1_2' title='bbox 237 555 410 635; x_wconf 86' lang='lat' dir='ltr'>Valentini,</span> <span class='ocrx_word' id='word_1_3' title='bbox 436 556 467 617; x_wconf 91' lang='lat' dir='ltr'>in</span> <span class='ocrx_word' id='word_1_4' title='bbox 492 571 601 617; x_wconf 90' lang='lat' dir='ltr'>tenera</span> <span class='ocrx_word' id='word_1_5' title='bbox 626 570 707 617; x_wconf 91' lang='lat' dir='ltr'>etate</span> <span class='ocrx_word' id='word_1_6' title='bbox 737 556 992 634; x_wconf 84' lang='lat' dir='ltr'>constitutarum,</span> <span class='ocrx_word' id='word_1_7' title='bbox 1017 555 1171 637; x_wconf 88' lang='lat' dir='ltr'>personis,</span> <span class='ocrx_word' id='word_1_8' title='bbox 1196 575 1292 616; x_wconf 89' lang='lat' dir='ltr'>omne</span> <span class='ocrx_word' id='word_1_9' title='bbox 1317 574 1399 616; x_wconf 87' lang='lat' dir='ltr'>onus</span> 
     </span>
     <span class='ocr_line' id='line_1_2' title="bbox 122 661 1399 744; baseline -0.002 -20"><span class='ocrx_word' id='word_1_10' title='bbox 122 677 162 724; x_wconf 88' lang='lat' dir='ltr'>et</span> <span class='ocrx_word' id='word_1_11' title='bbox 186 682 362 744; x_wconf 85' lang='lat' dir='ltr'>gravamen</span> <span class='ocrx_word' id='word_1_12' title='bbox 395 661 583 724; x_wconf 91' lang='lat' dir='ltr'>earumdem</span> <span class='ocrx_word' id='word_1_13' title='bbox 617 662 649 722; x_wconf 91' lang='lat' dir='ltr'>in</span> <span class='ocrx_word' id='word_1_14' title='bbox 680 682 713 723; x_wconf 87' lang='lat' dir='ltr'>se</span> <span class='ocrx_word' id='word_1_15' title='bbox 745 676 857 743; x_wconf 92' lang='lat' dir='ltr'>sponte</span> <span class='ocrx_word' id='word_1_16' title='bbox 891 662 1102 739; x_wconf 90' lang='lat' dir='ltr'>assumendo,</span> <span class='ocrx_word' id='word_1_17' title='bbox 1134 661 1159 722; x_wconf 92' lang='lat' dir='ltr'>si</span> <span class='ocrx_word' id='word_1_18' title='bbox 1192 680 1399 742; x_wconf 88' lang='lat' dir='ltr'>quocumque</span> 
     </span>
     <span class='ocr_line' id='line_1_3' title="bbox 123 768 1399 852; baseline -0.002 -22"><span class='ocrx_word' id='word_1_19' title='bbox 123 769 289 851; x_wconf 89' lang='lat' dir='ltr'>temporis</span> <span class='ocrx_word' id='word_1_20' title='bbox 314 769 344 830; x_wconf 91' lang='lat' dir='ltr'>in</span> <span class='ocrx_word' id='word_1_21' title='bbox 377 789 528 852; x_wconf 91' lang='lat' dir='ltr'>processu</span> <span class='ocrx_word' id='word_1_22' title='bbox 558 769 590 830; x_wconf 92' lang='lat' dir='ltr'>in</span> <span class='ocrx_word' id='word_1_23' title='bbox 625 768 738 830; x_wconf 90' lang='lat' dir='ltr'>eadem</span> <span class='ocrx_word' id='word_1_24' title='bbox 770 768 962 830; x_wconf 90' lang='lat' dir='ltr'>vendicione</span> <span class='ocrx_word' id='word_1_25' title='bbox 996 769 1161 849; x_wconf 82' lang='lat' dir='ltr'>persistere</span> <span class='ocrx_word' id='word_1_26' title='bbox 1193 769 1328 846; x_wconf 91' lang='lat' dir='ltr'>nollent,</span> <span class='ocrx_word' id='word_1_27' title='bbox 1359 770 1399 829; x_wconf 87' lang='lat' dir='ltr'>ab</span> 
     </span>
     <span class='ocr_line' id='line_1_4' title="bbox 125 874 1400 957; baseline -0.002 -20"><span class='ocrx_word' id='word_1_28' title='bbox 125 896 198 937; x_wconf 92' lang='lat' dir='ltr'>una</span> <span class='ocrx_word' id='word_1_29' title='bbox 223 890 323 957; x_wconf 91' lang='lat' dir='ltr'>parte,</span> <span class='ocrx_word' id='word_1_30' title='bbox 348 876 387 936; x_wconf 91' lang='lat' dir='ltr'>ab</span> <span class='ocrx_word' id='word_1_31' title='bbox 412 875 510 936; x_wconf 89' lang='lat' dir='ltr'>altera</span> <span class='ocrx_word' id='word_1_32' title='bbox 535 893 613 935; x_wconf 89' lang='lat' dir='ltr'>vero</span> <span class='ocrx_word' id='word_1_33' title='bbox 638 874 792 936; x_wconf 90' lang='lat' dir='ltr'>discretus</span> <span class='ocrx_word' id='word_1_34' title='bbox 816 875 863 934; x_wconf 92' lang='lat' dir='ltr'>vir</span> <span class='ocrx_word' id='word_1_35' title='bbox 885 875 1036 935; x_wconf 90' lang='lat' dir='ltr'>dominus</span> <span class='ocrx_word' id='word_1_36' title='bbox 1061 874 1228 936; x_wconf 88' lang='lat' dir='ltr'>Ladislaus</span> <span class='ocrx_word' id='word_1_37' title='bbox 1246 874 1400 955; x_wconf 84' lang='lat' dir='ltr'>presbiter</span> 
     </span>
     <span class='ocr_line' id='line_1_5' title="bbox 124 978 1399 1065; baseline -0.001 -23"><span class='ocrx_word' id='word_1_38' title='bbox 124 982 291 1065; x_wconf 87' lang='lat' dir='ltr'>plebanus</span> <span class='ocrx_word' id='word_1_39' title='bbox 316 981 354 1042; x_wconf 90' lang='lat' dir='ltr'>dc</span> <span class='ocrx_word' id='word_1_40' title='bbox 379 982 537 1059; x_wconf 89' lang='lat' dir='ltr'>Zanabor,</span> <span class='ocrx_word' id='word_1_41' title='bbox 572 982 734 1062; x_wconf 91' lang='lat' dir='ltr'>quandam</span> <span class='ocrx_word' id='word_1_42' title='bbox 773 980 905 1042; x_wconf 92' lang='lat' dir='ltr'>domum</span> <span class='ocrx_word' id='word_1_43' title='bbox 931 978 1044 1062; x_wconf 85' lang='lat' dir='ltr'>prelati</span> <span class='ocrx_word' id='word_1_44' title='bbox 1077 981 1213 1043; x_wconf 90' lang='lat' dir='ltr'>condam</span> <span class='ocrx_word' id='word_1_45' title='bbox 1237 981 1399 1042; x_wconf 91' lang='lat' dir='ltr'>Valentini</span> 
     </span>
     <span class='ocr_line' id='line_1_6' title="bbox 129 1085 1400 1149; baseline -0.001 0"><span class='ocrx_word' id='word_1_46' title='bbox 129 1089 166 1149; x_wconf 93' lang='lat' dir='ltr'>in</span> <span class='ocrx_word' id='word_1_47' title='bbox 193 1087 277 1148; x_wconf 92' lang='lat' dir='ltr'>dicta</span> <span class='ocrx_word' id='word_1_48' title='bbox 301 1087 428 1149; x_wconf 92' lang='lat' dir='ltr'>civitate</span> <span class='ocrx_word' id='word_1_49' title='bbox 453 1087 535 1148; x_wconf 91' lang='lat' dir='ltr'>inter</span> <span class='ocrx_word' id='word_1_50' title='bbox 560 1086 676 1147; x_wconf 90' lang='lat' dir='ltr'>domos</span> <span class='ocrx_word' id='word_1_51' title='bbox 700 1101 730 1148; x_wconf 96' lang='lat' dir='ltr'>et</span> <span class='ocrx_word' id='word_1_52' title='bbox 755 1085 873 1147; x_wconf 82' lang='lat' dir='ltr'>fundos</span> <span class='ocrx_word' id='word_1_53' title='bbox 901 1087 1076 1148; x_wconf 90' lang='lat' dir='ltr'>liberorum</span> <span class='ocrx_word' id='word_1_54' title='bbox 1101 1107 1157 1147; x_wconf 91' lang='lat' dir='ltr'>seu</span> <span class='ocrx_word' id='word_1_55' title='bbox 1181 1106 1400 1148; x_wconf 86' lang='lat' dir='ltr'>successorum</span> 
     </span>
     <span class='ocr_line' id='line_1_7' title="bbox 127 1192 1396 1275; baseline -0.001 -20"><span class='ocrx_word' id='word_1_56' title='bbox 127 1194 271 1255; x_wconf 90' lang='lat' dir='ltr'>condam</span> <span class='ocrx_word' id='word_1_57' title='bbox 297 1192 430 1274; x_wconf 83' lang='lat' dir='ltr'>Georgii</span> <span class='ocrx_word' id='word_1_58' title='bbox 455 1192 628 1255; x_wconf 85' lang='lat' dir='ltr'>Pechatnik</span> <span class='ocrx_word' id='word_1_59' title='bbox 654 1207 685 1255; x_wconf 92' lang='lat' dir='ltr'>et</span> <span class='ocrx_word' id='word_1_60' title='bbox 709 1193 776 1254; x_wconf 88' lang='lat' dir='ltr'>luri</span> <span class='ocrx_word' id='word_1_61' title='bbox 802 1192 983 1254; x_wconf 88' lang='lat' dir='ltr'>Corintiani</span> <span class='ocrx_word' id='word_1_62' title='bbox 1011 1195 1050 1254; x_wconf 93' lang='lat' dir='ltr'>ab</span> <span class='ocrx_word' id='word_1_63' title='bbox 1076 1214 1138 1254; x_wconf 88' lang='lat' dir='ltr'>una</span> <span class='ocrx_word' id='word_1_64' title='bbox 1164 1207 1263 1275; x_wconf 90' lang='lat' dir='ltr'>parte,</span> <span class='ocrx_word' id='word_1_65' title='bbox 1287 1195 1327 1254; x_wconf 91' lang='lat' dir='ltr'>ab</span> <span class='ocrx_word' id='word_1_66' title='bbox 1352 1194 1396 1254; x_wconf 91' lang='lat' dir='ltr'>al·</span> 
     </span>
     <span class='ocr_line' id='line_1_8' title="bbox 129 1298 1398 1380; baseline -0.001 -20"><span class='ocrx_word' id='word_1_67' title='bbox 129 1314 205 1361; x_wconf 92' lang='lat' dir='ltr'>tero</span> <span class='ocrx_word' id='word_1_68' title='bbox 229 1319 304 1360; x_wconf 91' lang='lat' dir='ltr'>vero</span> <span class='ocrx_word' id='word_1_69' title='bbox 328 1299 504 1360; x_wconf 93' lang='lat' dir='ltr'>liberorum</span> <span class='ocrx_word' id='word_1_70' title='bbox 530 1299 677 1359; x_wconf 90' lang='lat' dir='ltr'>similiter</span> <span class='ocrx_word' id='word_1_71' title='bbox 701 1312 731 1360; x_wconf 91' lang='lat' dir='ltr'>et</span> <span class='ocrx_word' id='word_1_72' title='bbox 751 1318 970 1360; x_wconf 87' lang='lat' dir='ltr'>successorum</span> <span class='ocrx_word' id='word_1_73' title='bbox 990 1299 1126 1360; x_wconf 89' lang='lat' dir='ltr'>condam</span> <span class='ocrx_word' id='word_1_74' title='bbox 1152 1299 1258 1361; x_wconf 90' lang='lat' dir='ltr'>Choni</span> <span class='ocrx_word' id='word_1_75' title='bbox 1283 1298 1398 1380; x_wconf 88' lang='lat' dir='ltr'>judicis</span> 
     </span>
     <span class='ocr_line' id='line_1_9' title="bbox 129 1404 1398 1487; baseline -0.002 -20"><span class='ocrx_word' id='word_1_76' title='bbox 129 1419 165 1467; x_wconf 92' lang='lat' dir='ltr'>et</span> <span class='ocrx_word' id='word_1_77' title='bbox 183 1405 337 1466; x_wconf 85' lang='lat' dir='ltr'>lohannis</span> <span class='ocrx_word' id='word_1_78' title='bbox 361 1405 440 1466; x_wconf 87' lang='lat' dir='ltr'>alias</span> <span class='ocrx_word' id='word_1_79' title='bbox 456 1405 606 1466; x_wconf 91' lang='lat' dir='ltr'>similiter</span> <span class='ocrx_word' id='word_1_80' title='bbox 624 1404 738 1485; x_wconf 81' lang='lat' dir='ltr'>judicis</span> <span class='ocrx_word' id='word_1_81' title='bbox 763 1404 837 1465; x_wconf 92' lang='lat' dir='ltr'>dicti</span> <span class='ocrx_word' id='word_1_82' title='bbox 856 1405 957 1487; x_wconf 89' lang='lat' dir='ltr'>Bolye</span> <span class='ocrx_word' id='word_1_83' title='bbox 974 1405 1128 1482; x_wconf 82' lang='lat' dir='ltr'>habitam,</span> <span class='ocrx_word' id='word_1_84' title='bbox 1145 1419 1207 1467; x_wconf 89' lang='lat' dir='ltr'>tres</span> <span class='ocrx_word' id='word_1_85' title='bbox 1232 1420 1266 1467; x_wconf 92' lang='lat' dir='ltr'>ut</span> <span class='ocrx_word' id='word_1_86' title='bbox 1283 1406 1398 1467; x_wconf 92' lang='lat' dir='ltr'>dicitur</span> 
     </span>
     <span class='ocr_line' id='line_1_10' title="bbox 134 1511 1399 1594; baseline -0.001 -22"><span class='ocrx_word' id='word_1_87' title='bbox 134 1527 267 1594; x_wconf 89' lang='lat' dir='ltr'>quartas</span> <span class='ocrx_word' id='word_1_88' title='bbox 291 1512 377 1573; x_wconf 93' lang='lat' dir='ltr'>curie</span> <span class='ocrx_word' id='word_1_89' title='bbox 403 1512 434 1572; x_wconf 95' lang='lat' dir='ltr'>in</span> <span class='ocrx_word' id='word_1_90' title='bbox 459 1532 491 1572; x_wconf 92' lang='lat' dir='ltr'>se</span> <span class='ocrx_word' id='word_1_91' title='bbox 516 1511 745 1589; x_wconf 89' lang='lat' dir='ltr'>continentem,</span> <span class='ocrx_word' id='word_1_92' title='bbox 770 1511 856 1592; x_wconf 91' lang='lat' dir='ltr'>ipsos</span> <span class='ocrx_word' id='word_1_93' title='bbox 880 1511 1036 1592; x_wconf 82' lang='lat' dir='ltr'><strong>legittime</strong></span> <span class='ocrx_word' id='word_1_94' title='bbox 1061 1525 1319 1583; x_wconf 81' lang='lat' dir='ltr'>concernentem,</span> <span class='ocrx_word' id='word_1_95' title='bbox 1341 1530 1399 1592; x_wconf 93' lang='lat' dir='ltr'>pro</span> 
     </span>
     <span class='ocr_line' id='line_1_11' title="bbox 131 1616 1399 1700; baseline -0.002 -20"><span class='ocrx_word' id='word_1_96' title='bbox 131 1619 253 1680; x_wconf 88' lang='lat' dir='ltr'>debitis</span> <span class='ocrx_word' id='word_1_97' title='bbox 278 1619 377 1700; x_wconf 90' lang='lat' dir='ltr'>ipsius</span> <span class='ocrx_word' id='word_1_98' title='bbox 402 1618 564 1680; x_wconf 89' lang='lat' dir='ltr'>Valentini</span> <span class='ocrx_word' id='word_1_99' title='bbox 583 1616 674 1694; x_wconf 87' lang='lat' dir='ltr'>jurati</span> <span class='ocrx_word' id='word_1_100' title='bbox 700 1637 756 1698; x_wconf 91' lang='lat' dir='ltr'>per</span> <span class='ocrx_word' id='word_1_101' title='bbox 772 1617 994 1678; x_wconf 89' lang='lat' dir='ltr'>astriccionem</span> <span class='ocrx_word' id='word_1_102' title='bbox 1019 1631 1177 1679; x_wconf 90' lang='lat' dir='ltr'>certorum</span> <span class='ocrx_word' id='word_1_103' title='bbox 1203 1617 1399 1678; x_wconf 90' lang='lat' dir='ltr'>creditorum</span> 
     </span>
     <span class='ocr_line' id='line_1_12' title="bbox 130 1722 1399 1805; baseline -0.002 -20"><span class='ocrx_word' id='word_1_104' title='bbox 130 1724 279 1785; x_wconf 88' lang='lat' dir='ltr'>eiusdem</span> <span class='ocrx_word' id='word_1_105' title='bbox 304 1724 478 1801; x_wconf 90' lang='lat' dir='ltr'>Valentini,</span> <span class='ocrx_word' id='word_1_106' title='bbox 504 1723 637 1784; x_wconf 93' lang='lat' dir='ltr'>domino</span> <span class='ocrx_word' id='word_1_107' title='bbox 662 1723 828 1784; x_wconf 86' lang='lat' dir='ltr'>Anthonio</span> <span class='ocrx_word' id='word_1_108' title='bbox 863 1723 1039 1805; x_wconf 82' lang='lat' dir='ltr'>presbitero</span> <span class='ocrx_word' id='word_1_109' title='bbox 1064 1723 1130 1785; x_wconf 84' lang='lat' dir='ltr'>tilio</span> <span class='ocrx_word' id='word_1_110' title='bbox 1156 1725 1312 1801; x_wconf 88' lang='lat' dir='ltr'>Barnabe,</span> <span class='ocrx_word' id='word_1_111' title='bbox 1336 1722 1399 1801; x_wconf 82' lang='lat' dir='ltr'>jam</span> 
     </span>
     <span class='ocr_line' id='line_1_13' title="bbox 129 1831 1396 1914; baseline -0.002 -20"><span class='ocrx_word' id='word_1_112' title='bbox 129 1847 244 1894; x_wconf 93' lang='lat' dir='ltr'>nostro</span> <span class='ocrx_word' id='word_1_113' title='bbox 268 1833 392 1893; x_wconf 85' lang='lat' dir='ltr'>concivi</span> <span class='ocrx_word' id='word_1_114' title='bbox 418 1852 475 1913; x_wconf 90' lang='lat' dir='ltr'>pro</span> <span class='ocrx_word' id='word_1_115' title='bbox 500 1831 712 1913; x_wconf 86' lang='lat' dir='ltr'>quadraginta</span> <span class='ocrx_word' id='word_1_116' title='bbox 737 1832 880 1912; x_wconf 88' lang='lat' dir='ltr'>quinque</span> <span class='ocrx_word' id='word_1_117' title='bbox 910 1831 979 1893; x_wconf 89' lang='lat' dir='ltr'>flor.</span> <span class='ocrx_word' id='word_1_118' title='bbox 1004 1833 1071 1893; x_wconf 90' lang='lat' dir='ltr'>auri</span> <span class='ocrx_word' id='word_1_119' title='bbox 1091 1833 1160 1914; x_wconf 92' lang='lat' dir='ltr'>puri</span> <span class='ocrx_word' id='word_1_120' title='bbox 1187 1847 1218 1894; x_wconf 89' lang='lat' dir='ltr'>et</span> <span class='ocrx_word' id='word_1_121' title='bbox 1242 1852 1300 1914; x_wconf 90' lang='lat' dir='ltr'>pro</span> <span class='ocrx_word' id='word_1_122' title='bbox 1325 1851 1396 1912; x_wconf 90' lang='lat' dir='ltr'>per·</span> 
     </span>
     <span class='ocr_line' id='line_1_14' title="bbox 131 1937 1397 2020; baseline -0.002 -20"><span class='ocrx_word' id='word_1_123' title='bbox 131 1939 265 2000; x_wconf 88' lang='lat' dir='ltr'>accione</span> <span class='ocrx_word' id='word_1_124' title='bbox 289 1939 416 2020; x_wconf 92' lang='lat' dir='ltr'>triginta</span> <span class='ocrx_word' id='word_1_125' title='bbox 442 1938 609 1998; x_wconf 91' lang='lat' dir='ltr'>missarum</span> <span class='ocrx_word' id='word_1_126' title='bbox 633 1957 692 2019; x_wconf 93' lang='lat' dir='ltr'>pro</span> <span class='ocrx_word' id='word_1_127' title='bbox 716 1937 823 1998; x_wconf 90' lang='lat' dir='ltr'>anima</span> <span class='ocrx_word' id='word_1_128' title='bbox 849 1937 992 1998; x_wconf 89' lang='lat' dir='ltr'>eiusdem</span> <span class='ocrx_word' id='word_1_129' title='bbox 1018 1939 1191 2016; x_wconf 91' lang='lat' dir='ltr'>Valentini,</span> <span class='ocrx_word' id='word_1_130' title='bbox 1216 1939 1278 2018; x_wconf 89' lang='lat' dir='ltr'>jam</span> <span class='ocrx_word' id='word_1_131' title='bbox 1303 1937 1397 2018; x_wconf 94' lang='lat' dir='ltr'>plene</span> 
     </span>
     <span class='ocr_line' id='line_1_15' title="bbox 133 2043 1393 2127; baseline -0.002 -21"><span class='ocrx_word' id='word_1_132' title='bbox 133 2045 307 2127; x_wconf 83' lang='lat' dir='ltr'>persolutis</span> <span class='ocrx_word' id='word_1_133' title='bbox 320 2060 414 2126; x_wconf 90' lang='lat' dir='ltr'>atque</span> <span class='ocrx_word' id='word_1_134' title='bbox 441 2045 585 2125; x_wconf 86' lang='lat' dir='ltr'>peractis,</span> <span class='ocrx_word' id='word_1_135' title='bbox 602 2043 817 2104; x_wconf 90' lang='lat' dir='ltr'>vendiderunt</span> <span class='ocrx_word' id='word_1_136' title='bbox 834 2059 930 2124; x_wconf 91' lang='lat' dir='ltr'>atque</span> <span class='ocrx_word' id='word_1_137' title='bbox 948 2043 1104 2106; x_wconf 91' lang='lat' dir='ltr'>dederunt</span> <span class='ocrx_word' id='word_1_138' title='bbox 1121 2057 1276 2126; x_wconf 90' lang='lat' dir='ltr'>perpetuo</span> <span class='ocrx_word' id='word_1_139' title='bbox 1293 2043 1393 2125; x_wconf 93' lang='lat' dir='ltr'>possi·</span> 
     </span>
     <span class='ocr_line' id='line_1_16' title="bbox 133 2149 979 2231; baseline 0.001 -19"><span class='ocrx_word' id='word_1_140' title='bbox 133 2151 275 2212; x_wconf 88' lang='lat' dir='ltr'>dendam</span> <span class='ocrx_word' id='word_1_141' title='bbox 301 2171 338 2212; x_wconf 86' lang='lat' dir='ltr'>ex</span> <span class='ocrx_word' id='word_1_142' title='bbox 363 2171 520 2212; x_wconf 90' lang='lat' dir='ltr'>consensu</span> <span class='ocrx_word' id='word_1_143' title='bbox 546 2150 726 2211; x_wconf 91' lang='lat' dir='ltr'>vicinorum</span> <span class='ocrx_word' id='word_1_144' title='bbox 752 2149 979 2231; x_wconf 86' lang='lat' dir='ltr'>predictorum.</span> 
     </span>
    </p>
   </div>
   <div class='ocr_carea' id='block_1_2' title="bbox 132 2272 1401 2673">
    <p class='ocr_par' dir='ltr' id='par_1_2' title="bbox 132 2272 1401 2673">
     <span class='ocr_line' id='line_1_17' title="bbox 241 2272 1399 2356; baseline -0.002 -20"><span class='ocrx_word' id='word_1_145' title='bbox 241 2276 319 2337; x_wconf 90' lang='lat' dir='ltr'>ltem</span> <span class='ocrx_word' id='word_1_146' title='bbox 345 2275 420 2356; x_wconf 90' lang='lat' dir='ltr'>quia</span> <span class='ocrx_word' id='word_1_147' title='bbox 455 2274 635 2356; x_wconf 87' lang='lat' dir='ltr'>Stephanus</span> <span class='ocrx_word' id='word_1_148' title='bbox 668 2272 808 2335; x_wconf 82' lang='lat' dir='ltr'>carnifex</span> <span class='ocrx_word' id='word_1_149' title='bbox 839 2272 924 2335; x_wconf 87' lang='lat' dir='ltr'>filius</span> <span class='ocrx_word' id='word_1_150' title='bbox 958 2273 1124 2335; x_wconf 86' lang='lat' dir='ltr'>Michaelis</span> <span class='ocrx_word' id='word_1_151' title='bbox 1156 2274 1292 2334; x_wconf 92' lang='lat' dir='ltr'>condam</span> <span class='ocrx_word' id='word_1_152' title='bbox 1325 2292 1399 2334; x_wconf 94' lang='lat' dir='ltr'>con·</span> 
     </span>
     <span class='ocr_line' id='line_1_18' title="bbox 133 2377 1401 2460; baseline -0.003 -16"><span class='ocrx_word' id='word_1_153' title='bbox 133 2381 216 2444; x_wconf 89' lang='lat' dir='ltr'>civis</span> <span class='ocrx_word' id='word_1_154' title='bbox 241 2395 358 2458; x_wconf 90' lang='lat' dir='ltr'>noster,</span> <span class='ocrx_word' id='word_1_155' title='bbox 383 2379 588 2441; x_wconf 89' lang='lat' dir='ltr'>medietatem</span> <span class='ocrx_word' id='word_1_156' title='bbox 606 2378 773 2440; x_wconf 91' lang='lat' dir='ltr'>cuiusdam</span> <span class='ocrx_word' id='word_1_157' title='bbox 792 2379 909 2439; x_wconf 90' lang='lat' dir='ltr'>domus</span> <span class='ocrx_word' id='word_1_158' title='bbox 933 2393 964 2440; x_wconf 94' lang='lat' dir='ltr'>et</span> <span class='ocrx_word' id='word_1_159' title='bbox 986 2377 1077 2442; x_wconf 86' lang='lat' dir='ltr'>lundi</span> <span class='ocrx_word' id='word_1_160' title='bbox 1095 2392 1190 2460; x_wconf 90' lang='lat' dir='ltr'>atque</span> <span class='ocrx_word' id='word_1_161' title='bbox 1216 2379 1323 2440; x_wconf 91' lang='lat' dir='ltr'>celarii</span> <span class='ocrx_word' id='word_1_162' title='bbox 1342 2399 1401 2440; x_wconf 91' lang='lat' dir='ltr'>nec</span> 
     </span>
     <span class='ocr_line' id='line_1_19' title="bbox 133 2484 1400 2567; baseline -0.002 -18"><span class='ocrx_word' id='word_1_163' title='bbox 133 2507 202 2549; x_wconf 91' lang='lat' dir='ltr'>nou</span> <span class='ocrx_word' id='word_1_164' title='bbox 227 2486 451 2549; x_wconf 89' lang='lat' dir='ltr'>hedificiorum</span> <span class='ocrx_word' id='word_1_165' title='bbox 476 2487 509 2546; x_wconf 92' lang='lat' dir='ltr'>in</span> <span class='ocrx_word' id='word_1_166' title='bbox 534 2485 618 2546; x_wconf 90' lang='lat' dir='ltr'>dicte</span> <span class='ocrx_word' id='word_1_167' title='bbox 643 2485 780 2546; x_wconf 86' lang='lat' dir='ltr'>civitatis</span> <span class='ocrx_word' id='word_1_168' title='bbox 812 2485 883 2545; x_wconf 92' lang='lat' dir='ltr'>vico</span> <span class='ocrx_word' id='word_1_169' title='bbox 909 2485 1057 2547; x_wconf 83' lang='lat' dir='ltr'>exteriori</span> <span class='ocrx_word' id='word_1_170' title='bbox 1082 2505 1137 2545; x_wconf 91' lang='lat' dir='ltr'>seu</span> <span class='ocrx_word' id='word_1_171' title='bbox 1161 2485 1266 2567; x_wconf 83' lang='lat' dir='ltr'>platea</span> <span class='ocrx_word' id='word_1_172' title='bbox 1291 2484 1400 2546; x_wconf 86' lang='lat' dir='ltr'>Theu-</span> 
     </span>
     <span class='ocr_line' id='line_1_20' title="bbox 132 2589 1401 2673; baseline -0.002 -18"><span class='ocrx_word' id='word_1_173' title='bbox 132 2593 301 2671; x_wconf 92' lang='lat' dir='ltr'>thonicali,</span> <span class='ocrx_word' id='word_1_174' title='bbox 325 2592 407 2654; x_wconf 90' lang='lat' dir='ltr'>inter</span> <span class='ocrx_word' id='word_1_175' title='bbox 431 2592 566 2653; x_wconf 91' lang='lat' dir='ltr'>domum</span> <span class='ocrx_word' id='word_1_176' title='bbox 596 2605 627 2653; x_wconf 95' lang='lat' dir='ltr'>et</span> <span class='ocrx_word' id='word_1_177' title='bbox 660 2589 795 2652; x_wconf 86' lang='lat' dir='ltr'>fundum</span> <span class='ocrx_word' id='word_1_178' title='bbox 828 2592 971 2652; x_wconf 89' lang='lat' dir='ltr'>virorum</span> <span class='ocrx_word' id='word_1_179' title='bbox 996 2591 1205 2673; x_wconf 91' lang='lat' dir='ltr'>providorum</span> <span class='ocrx_word' id='word_1_180' title='bbox 1239 2591 1401 2653; x_wconf 89' lang='lat' dir='ltr'>Dominici</span> 
     </span>
    </p>
   </div>
   <div class='ocr_carea' id='block_1_3' title="bbox 132 2696 1401 3418">
    <p class='ocr_par' dir='ltr' id='par_1_3' title="bbox 132 2696 1401 3418">
     <span class='ocr_line' id='line_1_21' title="bbox 132 2696 1400 2780; baseline -0.002 -20"><span class='ocrx_word' id='word_1_181' title='bbox 132 2699 194 2761; x_wconf 90' lang='lat' dir='ltr'>filii</span> <span class='ocrx_word' id='word_1_182' title='bbox 219 2699 311 2760; x_wconf 88' lang='lat' dir='ltr'>Pauli</span> <span class='ocrx_word' id='word_1_183' title='bbox 336 2714 366 2759; x_wconf 92' lang='lat' dir='ltr'>et</span> <span class='ocrx_word' id='word_1_184' title='bbox 399 2699 497 2759; x_wconf 89' lang='lat' dir='ltr'>Marci</span> <span class='ocrx_word' id='word_1_185' title='bbox 530 2696 696 2775; x_wconf 88' lang='lat' dir='ltr'>carnificis,</span> <span class='ocrx_word' id='word_1_186' title='bbox 732 2699 771 2759; x_wconf 93' lang='lat' dir='ltr'>ab</span> <span class='ocrx_word' id='word_1_187' title='bbox 804 2718 867 2759; x_wconf 92' lang='lat' dir='ltr'>una</span> <span class='ocrx_word' id='word_1_188' title='bbox 899 2713 1000 2780; x_wconf 88' lang='lat' dir='ltr'>parte,</span> <span class='ocrx_word' id='word_1_189' title='bbox 1024 2713 1054 2759; x_wconf 91' lang='lat' dir='ltr'>et</span> <span class='ocrx_word' id='word_1_190' title='bbox 1085 2699 1169 2759; x_wconf 91' lang='lat' dir='ltr'>viam</span> <span class='ocrx_word' id='word_1_191' title='bbox 1194 2717 1400 2760; x_wconf 91' lang='lat' dir='ltr'>communem</span> 
     </span>
     <span class='ocr_line' id='line_1_22' title="bbox 133 2803 1401 2886; baseline 0.001 -22"><span class='ocrx_word' id='word_1_192' title='bbox 133 2825 249 2866; x_wconf 85' lang='lat' dir='ltr'>versus</span> <span class='ocrx_word' id='word_1_193' title='bbox 271 2819 404 2886; x_wconf 92' lang='lat' dir='ltr'>pontem</span> <span class='ocrx_word' id='word_1_194' title='bbox 430 2823 584 2885; x_wconf 84' lang='lat' dir='ltr'>magnum</span> <span class='ocrx_word' id='word_1_195' title='bbox 608 2803 707 2883; x_wconf 90' lang='lat' dir='ltr'>vulgo</span> <span class='ocrx_word' id='word_1_196' title='bbox 733 2803 843 2864; x_wconf 90' lang='lat' dir='ltr'>Pizani</span> <span class='ocrx_word' id='word_1_197' title='bbox 861 2804 969 2865; x_wconf 89' lang='lat' dir='ltr'>mozth</span> <span class='ocrx_word' id='word_1_198' title='bbox 995 2804 1115 2865; x_wconf 93' lang='lat' dir='ltr'>dictum</span> <span class='ocrx_word' id='word_1_199' title='bbox 1141 2805 1337 2882; x_wconf 88' lang='lat' dir='ltr'>tendentem,</span> <span class='ocrx_word' id='word_1_200' title='bbox 1361 2805 1401 2865; x_wconf 89' lang='lat' dir='ltr'>ab</span> 
     </span>
     <span class='ocr_line' id='line_1_23' title="bbox 134 2910 1401 2994; baseline -0.003 -20"><span class='ocrx_word' id='word_1_201' title='bbox 134 2911 237 2975; x_wconf 89' lang='lat' dir='ltr'>altera</span> <span class='ocrx_word' id='word_1_202' title='bbox 263 2925 351 2994; x_wconf 90' lang='lat' dir='ltr'>parte</span> <span class='ocrx_word' id='word_1_203' title='bbox 376 2910 484 2972; x_wconf 89' lang='lat' dir='ltr'>habite</span> <span class='ocrx_word' id='word_1_204' title='bbox 509 2925 539 2971; x_wconf 93' lang='lat' dir='ltr'>et</span> <span class='ocrx_word' id='word_1_205' title='bbox 563 2910 735 2987; x_wconf 86' lang='lat' dir='ltr'>existentis,</span> <span class='ocrx_word' id='word_1_206' title='bbox 759 2929 856 2970; x_wconf 90' lang='lat' dir='ltr'>unam</span> <span class='ocrx_word' id='word_1_207' title='bbox 881 2910 1031 2972; x_wconf 90' lang='lat' dir='ltr'>videlicet</span> <span class='ocrx_word' id='word_1_208' title='bbox 1047 2925 1193 2991; x_wconf 85' lang='lat' dir='ltr'>quartam</span> <span class='ocrx_word' id='word_1_209' title='bbox 1220 2911 1251 2971; x_wconf 95' lang='lat' dir='ltr'>in</span> <span class='ocrx_word' id='word_1_210' title='bbox 1276 2931 1309 2972; x_wconf 88' lang='lat' dir='ltr'>se</span> <span class='ocrx_word' id='word_1_211' title='bbox 1326 2930 1401 2971; x_wconf 92' lang='lat' dir='ltr'>con-</span> 
     </span>
     <span class='ocr_line' id='line_1_24' title="bbox 136 3016 1400 3098; baseline -0.002 -19"><span class='ocrx_word' id='word_1_212' title='bbox 136 3018 306 3095; x_wconf 89' lang='lat' dir='ltr'>tinentem,</span> <span class='ocrx_word' id='word_1_213' title='bbox 331 3017 436 3098; x_wconf 91' lang='lat' dir='ltr'>ipsum</span> <span class='ocrx_word' id='word_1_214' title='bbox 470 3016 669 3097; x_wconf 87' lang='lat' dir='ltr'>Stephanum</span> <span class='ocrx_word' id='word_1_215' title='bbox 703 3016 878 3077; x_wconf 88' lang='lat' dir='ltr'>literatorie</span> <span class='ocrx_word' id='word_1_216' title='bbox 910 3030 1167 3094; x_wconf 88' lang='lat' dir='ltr'>concernentem,</span> <span class='ocrx_word' id='word_1_217' title='bbox 1193 3016 1310 3097; x_wconf 89' lang='lat' dir='ltr'>Egidio</span> <span class='ocrx_word' id='word_1_218' title='bbox 1336 3037 1400 3077; x_wconf 91' lang='lat' dir='ltr'>car·</span> 
     </span>
     <span class='ocr_line' id='line_1_25' title="bbox 136 3122 1400 3204; baseline -0.002 -20"><span class='ocrx_word' id='word_1_219' title='bbox 136 3122 223 3185; x_wconf 92' lang='lat' dir='ltr'>nifici</span> <span class='ocrx_word' id='word_1_220' title='bbox 249 3122 316 3184; x_wconf 86' lang='lat' dir='ltr'>filio</span> <span class='ocrx_word' id='word_1_221' title='bbox 342 3122 480 3184; x_wconf 87' lang='lat' dir='ltr'>Emerici</span> <span class='ocrx_word' id='word_1_222' title='bbox 505 3122 624 3202; x_wconf 86' lang='lat' dir='ltr'>legavit</span> <span class='ocrx_word' id='word_1_223' title='bbox 647 3137 802 3203; x_wconf 89' lang='lat' dir='ltr'>perpetuo</span> <span class='ocrx_word' id='word_1_224' title='bbox 820 3122 1058 3204; x_wconf 87' lang='lat' dir='ltr'>possidendam,</span> <span class='ocrx_word' id='word_1_225' title='bbox 1083 3123 1157 3184; x_wconf 94' lang='lat' dir='ltr'>ideo</span> <span class='ocrx_word' id='word_1_226' title='bbox 1182 3142 1240 3183; x_wconf 90' lang='lat' dir='ltr'>nos</span> <span class='ocrx_word' id='word_1_227' title='bbox 1265 3125 1400 3183; x_wconf 86' lang='lat' dir='ltr'>eandem</span> 
     </span>
     <span class='ocr_line' id='line_1_26' title="bbox 134 3227 1399 3311; baseline -0.002 -20"><span class='ocrx_word' id='word_1_228' title='bbox 134 3230 343 3291; x_wconf 89' lang='lat' dir='ltr'>medietatem</span> <span class='ocrx_word' id='word_1_229' title='bbox 369 3229 495 3305; x_wconf 89' lang='lat' dir='ltr'>domus,</span> <span class='ocrx_word' id='word_1_230' title='bbox 520 3228 622 3306; x_wconf 81' lang='lat' dir='ltr'>fundi,</span> <span class='ocrx_word' id='word_1_231' title='bbox 647 3228 755 3289; x_wconf 91' lang='lat' dir='ltr'>celarii</span> <span class='ocrx_word' id='word_1_232' title='bbox 781 3244 811 3289; x_wconf 91' lang='lat' dir='ltr'>et</span> <span class='ocrx_word' id='word_1_233' title='bbox 841 3227 1076 3307; x_wconf 90' lang='lat' dir='ltr'>hedificiorum,</span> <span class='ocrx_word' id='word_1_234' title='bbox 1100 3229 1288 3311; x_wconf 91' lang='lat' dir='ltr'>porcionem</span> <span class='ocrx_word' id='word_1_235' title='bbox 1314 3229 1399 3289; x_wconf 91' lang='lat' dir='ltr'>vide·</span> 
     </span>
     <span class='ocr_line' id='line_1_27' title="bbox 135 3334 1400 3418; baseline -0.002 -20"><span class='ocrx_word' id='word_1_236' title='bbox 135 3339 211 3398; x_wconf 90' lang='lat' dir='ltr'>licet</span> <span class='ocrx_word' id='word_1_237' title='bbox 237 3337 336 3418; x_wconf 87' lang='lat' dir='ltr'>ipsius</span> <span class='ocrx_word' id='word_1_238' title='bbox 361 3335 526 3416; x_wconf 87' lang='lat' dir='ltr'>Stephani,</span> <span class='ocrx_word' id='word_1_239' title='bbox 551 3335 609 3415; x_wconf 90' lang='lat' dir='ltr'>ipsi</span> <span class='ocrx_word' id='word_1_240' title='bbox 636 3335 784 3395; x_wconf 88' lang='lat' dir='ltr'>Emerico</span> <span class='ocrx_word' id='word_1_241' title='bbox 801 3335 969 3395; x_wconf 88' lang='lat' dir='ltr'>statuimus</span> <span class='ocrx_word' id='word_1_242' title='bbox 989 3349 1143 3417; x_wconf 89' lang='lat' dir='ltr'>perpetuo</span> <span class='ocrx_word' id='word_1_243' title='bbox 1161 3334 1400 3417; x_wconf 87' lang='lat' dir='ltr'>possidendam.</span> 
     </span>
    </p>
   </div>
   <div class='ocr_carea' id='block_1_4' title="bbox 134 3458 1402 4179">
    <p class='ocr_par' dir='ltr' id='par_1_4' title="bbox 134 3458 1402 4179">
     <span class='ocr_line' id='line_1_28' title="bbox 243 3458 1400 3542; baseline -0.002 -21"><span class='ocrx_word' id='word_1_244' title='bbox 243 3459 320 3521; x_wconf 91' lang='lat' dir='ltr'>ltem</span> <span class='ocrx_word' id='word_1_245' title='bbox 347 3460 494 3542; x_wconf 88' lang='lat' dir='ltr'>Mathyas</span> <span class='ocrx_word' id='word_1_246' title='bbox 517 3473 606 3520; x_wconf 93' lang='lat' dir='ltr'>sutor</span> <span class='ocrx_word' id='word_1_247' title='bbox 640 3458 725 3520; x_wconf 91' lang='lat' dir='ltr'>filius</span> <span class='ocrx_word' id='word_1_248' title='bbox 751 3459 899 3539; x_wconf 81' lang='lat' dir='ltr'>Gregorii</span> <span class='ocrx_word' id='word_1_249' title='bbox 931 3461 1072 3521; x_wconf 90' lang='lat' dir='ltr'>concivis</span> <span class='ocrx_word' id='word_1_250' title='bbox 1096 3474 1214 3537; x_wconf 90' lang='lat' dir='ltr'>noster,</span> <span class='ocrx_word' id='word_1_251' title='bbox 1238 3458 1400 3540; x_wconf 89' lang='lat' dir='ltr'>quandam</span> 
     </span>
     <span class='ocr_line' id='line_1_29' title="bbox 134 3565 1399 3647; baseline -0.002 -19"><span class='ocrx_word' id='word_1_252' title='bbox 134 3582 252 3629; x_wconf 90' lang='lat' dir='ltr'>terram</span> <span class='ocrx_word' id='word_1_253' title='bbox 278 3566 433 3627; x_wconf 87' lang='lat' dir='ltr'>arabilem</span> <span class='ocrx_word' id='word_1_254' title='bbox 458 3566 489 3626; x_wconf 95' lang='lat' dir='ltr'>in</span> <span class='ocrx_word' id='word_1_255' title='bbox 515 3585 629 3647; x_wconf 89' lang='lat' dir='ltr'>eampo</span> <span class='ocrx_word' id='word_1_256' title='bbox 654 3565 737 3626; x_wconf 90' lang='lat' dir='ltr'>dicte</span> <span class='ocrx_word' id='word_1_257' title='bbox 766 3567 902 3627; x_wconf 89' lang='lat' dir='ltr'>civitatis</span> <span class='ocrx_word' id='word_1_258' title='bbox 927 3567 1007 3628; x_wconf 92' lang='lat' dir='ltr'>inter</span> <span class='ocrx_word' id='word_1_259' title='bbox 1031 3582 1129 3628; x_wconf 91' lang='lat' dir='ltr'>terras</span> <span class='ocrx_word' id='word_1_260' title='bbox 1153 3566 1288 3627; x_wconf 88' lang='lat' dir='ltr'>arabiles</span> <span class='ocrx_word' id='word_1_261' title='bbox 1319 3566 1399 3627; x_wconf 90' lang='lat' dir='ltr'>libe-</span> 
     </span>
     <span class='ocr_line' id='line_1_30' title="bbox 135 3671 1401 3753; baseline 0 -20"><span class='ocrx_word' id='word_1_262' title='bbox 135 3693 246 3734; x_wconf 91' lang='lat' dir='ltr'>rorum</span> <span class='ocrx_word' id='word_1_263' title='bbox 272 3672 409 3734; x_wconf 88' lang='lat' dir='ltr'>condam</span> <span class='ocrx_word' id='word_1_264' title='bbox 434 3671 540 3734; x_wconf 89' lang='lat' dir='ltr'>Choni</span> <span class='ocrx_word' id='word_1_265' title='bbox 571 3671 685 3751; x_wconf 82' lang='lat' dir='ltr'>judicis</span> <span class='ocrx_word' id='word_1_266' title='bbox 718 3687 748 3734; x_wconf 93' lang='lat' dir='ltr'>et</span> <span class='ocrx_word' id='word_1_267' title='bbox 773 3673 892 3733; x_wconf 89' lang='lat' dir='ltr'>Mathie</span> <span class='ocrx_word' id='word_1_268' title='bbox 923 3675 1033 3753; x_wconf 86' lang='lat' dir='ltr'>generi</span> <span class='ocrx_word' id='word_1_269' title='bbox 1066 3673 1222 3734; x_wconf 86' lang='lat' dir='ltr'>Rakarich</span> <span class='ocrx_word' id='word_1_270' title='bbox 1248 3673 1401 3751; x_wconf 87' lang='lat' dir='ltr'>habitam,</span> 
     </span>
     <span class='ocr_line' id='line_1_31' title="bbox 136 3778 1400 3860; baseline -0.002 -20"><span class='ocrx_word' id='word_1_271' title='bbox 136 3794 278 3860; x_wconf 88' lang='lat' dir='ltr'>quatuor</span> <span class='ocrx_word' id='word_1_272' title='bbox 302 3792 336 3841; x_wconf 94' lang='lat' dir='ltr'>ut</span> <span class='ocrx_word' id='word_1_273' title='bbox 360 3779 510 3840; x_wconf 90' lang='lat' dir='ltr'>asseritur</span> <span class='ocrx_word' id='word_1_274' title='bbox 542 3779 643 3839; x_wconf 90' lang='lat' dir='ltr'>dietas</span> <span class='ocrx_word' id='word_1_275' title='bbox 675 3792 758 3839; x_wconf 92' lang='lat' dir='ltr'>terre</span> <span class='ocrx_word' id='word_1_276' title='bbox 783 3780 814 3839; x_wconf 93' lang='lat' dir='ltr'>in</span> <span class='ocrx_word' id='word_1_277' title='bbox 848 3799 880 3839; x_wconf 92' lang='lat' dir='ltr'>se</span> <span class='ocrx_word' id='word_1_278' title='bbox 905 3780 1135 3857; x_wconf 90' lang='lat' dir='ltr'>continentem,</span> <span class='ocrx_word' id='word_1_279' title='bbox 1168 3799 1230 3860; x_wconf 94' lang='lat' dir='ltr'>que</span> <span class='ocrx_word' id='word_1_280' title='bbox 1263 3778 1400 3839; x_wconf 89' lang='lat' dir='ltr'>condam</span> 
     </span>
     <span class='ocr_line' id='line_1_32' title="bbox 136 3882 1401 3967; baseline -0.001 -21"><span class='ocrx_word' id='word_1_281' title='bbox 136 3886 228 3947; x_wconf 88' lang='lat' dir='ltr'>Pauli</span> <span class='ocrx_word' id='word_1_282' title='bbox 254 3886 369 3967; x_wconf 84' lang='lat' dir='ltr'>Wgrin</span> <span class='ocrx_word' id='word_1_283' title='bbox 395 3882 566 3967; x_wconf 84' lang='lat' dir='ltr'>prefuerat,</span> <span class='ocrx_word' id='word_1_284' title='bbox 591 3904 627 3945; x_wconf 82' lang='lat' dir='ltr'>ex</span> <span class='ocrx_word' id='word_1_285' title='bbox 646 3885 812 3965; x_wconf 86' lang='lat' dir='ltr'>legacione</span> <span class='ocrx_word' id='word_1_286' title='bbox 834 3885 978 3946; x_wconf 88' lang='lat' dir='ltr'>eiusdem</span> <span class='ocrx_word' id='word_1_287' title='bbox 997 3886 1028 3946; x_wconf 92' lang='lat' dir='ltr'>in</span> <span class='ocrx_word' id='word_1_288' title='bbox 1051 3886 1116 3946; x_wconf 93' lang='lat' dir='ltr'>alio</span> <span class='ocrx_word' id='word_1_289' title='bbox 1141 3887 1274 3946; x_wconf 90' lang='lat' dir='ltr'>katerno</span> <span class='ocrx_word' id='word_1_290' title='bbox 1291 3897 1401 3946; x_wconf 87' lang='lat' dir='ltr'>nostro</span> 
     </span>
     <span class='ocr_line' id='line_1_33' title="bbox 135 3990 1402 4073; baseline -0.002 -21"><span class='ocrx_word' id='word_1_291' title='bbox 135 3991 280 4070; x_wconf 90' lang='lat' dir='ltr'>judiciali</span> <span class='ocrx_word' id='word_1_292' title='bbox 306 3991 472 4053; x_wconf 91' lang='lat' dir='ltr'>communi</span> <span class='ocrx_word' id='word_1_293' title='bbox 497 3991 694 4071; x_wconf 90' lang='lat' dir='ltr'>consignata,</span> <span class='ocrx_word' id='word_1_294' title='bbox 713 3991 841 4052; x_wconf 91' lang='lat' dir='ltr'>Thome</span> <span class='ocrx_word' id='word_1_295' title='bbox 860 3990 926 4052; x_wconf 86' lang='lat' dir='ltr'>lilio</span> <span class='ocrx_word' id='word_1_296' title='bbox 943 3992 1077 4073; x_wconf 91' lang='lat' dir='ltr'>predicti</span> <span class='ocrx_word' id='word_1_297' title='bbox 1096 3990 1204 4053; x_wconf 89' lang='lat' dir='ltr'>Choni</span> <span class='ocrx_word' id='word_1_298' title='bbox 1225 4009 1283 4072; x_wconf 90' lang='lat' dir='ltr'>pro</span> <span class='ocrx_word' id='word_1_299' title='bbox 1300 3991 1402 4051; x_wconf 84' lang='lat' dir='ltr'>tribus</span> 
     </span>
     <span class='ocr_line' id='line_1_34' title="bbox 135 4097 1099 4179; baseline 0.001 -21"><span class='ocrx_word' id='word_1_300' title='bbox 135 4099 252 4159; x_wconf 88' lang='lat' dir='ltr'>marcis</span> <span class='ocrx_word' id='word_1_301' title='bbox 276 4097 483 4159; x_wconf 89' lang='lat' dir='ltr'>denariorum</span> <span class='ocrx_word' id='word_1_302' title='bbox 508 4097 655 4158; x_wconf 91' lang='lat' dir='ltr'>vendidit</span> <span class='ocrx_word' id='word_1_303' title='bbox 679 4111 834 4178; x_wconf 92' lang='lat' dir='ltr'>perpetuo</span> <span class='ocrx_word' id='word_1_304' title='bbox 860 4097 1099 4179; x_wconf 87' lang='lat' dir='ltr'>possidendam.</span> 
     </span>
    </p>
   </div>
   <div class='ocr_carea' id='block_1_5' title="bbox 136 4222 1401 4835">
    <p class='ocr_par' dir='ltr' id='par_1_5' title="bbox 136 4222 1401 4835">
     <span class='ocr_line' id='line_1_35' title="bbox 242 4222 1400 4304; baseline -0.001 -22"><span class='ocrx_word' id='word_1_305' title='bbox 242 4223 319 4285; x_wconf 91' lang='lat' dir='ltr'>ltem</span> <span class='ocrx_word' id='word_1_306' title='bbox 346 4223 483 4284; x_wconf 88' lang='lat' dir='ltr'>Michael</span> <span class='ocrx_word' id='word_1_307' title='bbox 508 4223 631 4304; x_wconf 91' lang='lat' dir='ltr'>pridem</span> <span class='ocrx_word' id='word_1_308' title='bbox 658 4222 753 4301; x_wconf 83' lang='lat' dir='ltr'>judex</span> <span class='ocrx_word' id='word_1_309' title='bbox 787 4223 872 4284; x_wconf 88' lang='lat' dir='ltr'>filius</span> <span class='ocrx_word' id='word_1_310' title='bbox 897 4224 1088 4303; x_wconf 90' lang='lat' dir='ltr'>Sebastiani,</span> <span class='ocrx_word' id='word_1_311' title='bbox 1117 4224 1259 4284; x_wconf 87' lang='lat' dir='ltr'>concivis</span> <span class='ocrx_word' id='word_1_312' title='bbox 1283 4235 1400 4298; x_wconf 90' lang='lat' dir='ltr'>noster,</span> 
     </span>
     <span class='ocr_line' id='line_1_36' title="bbox 136 4328 1400 4408; baseline 0.001 -21"><span class='ocrx_word' id='word_1_313' title='bbox 136 4328 299 4408; x_wconf 90' lang='lat' dir='ltr'>quandam</span> <span class='ocrx_word' id='word_1_314' title='bbox 325 4329 452 4389; x_wconf 90' lang='lat' dir='ltr'>vineam</span> <span class='ocrx_word' id='word_1_315' title='bbox 471 4349 561 4388; x_wconf 92' lang='lat' dir='ltr'>suam</span> <span class='ocrx_word' id='word_1_316' title='bbox 587 4329 618 4388; x_wconf 91' lang='lat' dir='ltr'>in</span> <span class='ocrx_word' id='word_1_317' title='bbox 636 4330 796 4390; x_wconf 87' lang='lat' dir='ltr'>territorio</span> <span class='ocrx_word' id='word_1_318' title='bbox 819 4331 955 4391; x_wconf 90' lang='lat' dir='ltr'>civitatis</span> <span class='ocrx_word' id='word_1_319' title='bbox 977 4331 1059 4391; x_wconf 90' lang='lat' dir='ltr'>inter</span> <span class='ocrx_word' id='word_1_320' title='bbox 1076 4330 1185 4391; x_wconf 90' lang='lat' dir='ltr'>vineas</span> <span class='ocrx_word' id='word_1_321' title='bbox 1209 4329 1306 4390; x_wconf 87' lang='lat' dir='ltr'>Blasii</span> <span class='ocrx_word' id='word_1_322' title='bbox 1324 4328 1400 4389; x_wconf 91' lang='lat' dir='ltr'>dicti</span> 
     </span>
     <span class='ocr_line' id='line_1_37' title="bbox 137 4433 1401 4516; baseline 0 -22"><span class='ocrx_word' id='word_1_323' title='bbox 137 4433 336 4495; x_wconf 89' lang='lat' dir='ltr'>Kurmanich</span> <span class='ocrx_word' id='word_1_324' title='bbox 360 4448 391 4497; x_wconf 91' lang='lat' dir='ltr'>et</span> <span class='ocrx_word' id='word_1_325' title='bbox 426 4435 554 4496; x_wconf 86' lang='lat' dir='ltr'>Andree</span> <span class='ocrx_word' id='word_1_326' title='bbox 580 4435 797 4516; x_wconf 90' lang='lat' dir='ltr'>Ztepkowich,</span> <span class='ocrx_word' id='word_1_327' title='bbox 823 4456 894 4497; x_wconf 91' lang='lat' dir='ltr'>cum</span> <span class='ocrx_word' id='word_1_328' title='bbox 927 4449 1008 4497; x_wconf 89' lang='lat' dir='ltr'>terra</span> <span class='ocrx_word' id='word_1_329' title='bbox 1033 4436 1138 4496; x_wconf 93' lang='lat' dir='ltr'>eidem</span> <span class='ocrx_word' id='word_1_330' title='bbox 1171 4436 1263 4496; x_wconf 93' lang='lat' dir='ltr'>vinee</span> <span class='ocrx_word' id='word_1_331' title='bbox 1296 4433 1401 4514; x_wconf 90' lang='lat' dir='ltr'>subja-</span> 
     </span>
     <span class='ocr_line' id='line_1_38' title="bbox 137 4538 1400 4623; baseline 0.001 -24"><span class='ocrx_word' id='word_1_332' title='bbox 137 4540 220 4600; x_wconf 87' lang='lat' dir='ltr'>centi</span> <span class='ocrx_word' id='word_1_333' title='bbox 245 4539 400 4618; x_wconf 88' lang='lat' dir='ltr'>habitam,</span> <span class='ocrx_word' id='word_1_334' title='bbox 436 4541 495 4600; x_wconf 90' lang='lat' dir='ltr'>sub</span> <span class='ocrx_word' id='word_1_335' title='bbox 519 4541 565 4601; x_wconf 88' lang='lat' dir='ltr'>eis</span> <span class='ocrx_word' id='word_1_336' title='bbox 590 4540 750 4622; x_wconf 92' lang='lat' dir='ltr'>prioribus</span> <span class='ocrx_word' id='word_1_337' title='bbox 774 4542 856 4602; x_wconf 88' lang='lat' dir='ltr'>veris</span> <span class='ocrx_word' id='word_1_338' title='bbox 880 4555 910 4603; x_wconf 92' lang='lat' dir='ltr'>et</span> <span class='ocrx_word' id='word_1_339' title='bbox 934 4542 1075 4623; x_wconf 89' lang='lat' dir='ltr'>antiquis</span> <span class='ocrx_word' id='word_1_340' title='bbox 1103 4542 1195 4602; x_wconf 91' lang='lat' dir='ltr'>metis</span> <span class='ocrx_word' id='word_1_341' title='bbox 1221 4541 1300 4623; x_wconf 90' lang='lat' dir='ltr'>Elye</span> <span class='ocrx_word' id='word_1_342' title='bbox 1333 4538 1400 4600; x_wconf 84' lang='lat' dir='ltr'>filio</span> 
     </span>
     <span class='ocr_line' id='line_1_39' title="bbox 138 4644 1400 4728; baseline -0.001 -21"><span class='ocrx_word' id='word_1_343' title='bbox 138 4644 264 4707; x_wconf 85' lang='lat' dir='ltr'>Criaani</span> <span class='ocrx_word' id='word_1_344' title='bbox 290 4665 348 4728; x_wconf 92' lang='lat' dir='ltr'>pro</span> <span class='ocrx_word' id='word_1_345' title='bbox 372 4646 513 4707; x_wconf 91' lang='lat' dir='ltr'>sedecim</span> <span class='ocrx_word' id='word_1_346' title='bbox 531 4647 645 4707; x_wconf 89' lang='lat' dir='ltr'>marcis</span> <span class='ocrx_word' id='word_1_347' title='bbox 672 4646 875 4708; x_wconf 89' lang='lat' dir='ltr'>denariorum</span> <span class='ocrx_word' id='word_1_348' title='bbox 894 4669 931 4709; x_wconf 85' lang='lat' dir='ltr'>ex</span> <span class='ocrx_word' id='word_1_349' title='bbox 953 4667 1109 4709; x_wconf 89' lang='lat' dir='ltr'>consensu</span> <span class='ocrx_word' id='word_1_350' title='bbox 1127 4647 1306 4708; x_wconf 92' lang='lat' dir='ltr'>vicinorum</span> <span class='ocrx_word' id='word_1_351' title='bbox 1324 4665 1400 4706; x_wconf 93' lang='lat' dir='ltr'>ven·</span> 
     </span>
     <span class='ocr_line' id='line_1_40' title="bbox 136 4751 663 4835; baseline 0.002 -23"><span class='ocrx_word' id='word_1_352' title='bbox 136 4751 219 4813; x_wconf 93' lang='lat' dir='ltr'>didit</span> <span class='ocrx_word' id='word_1_353' title='bbox 241 4767 399 4835; x_wconf 90' lang='lat' dir='ltr'>perpetuo</span> <span class='ocrx_word' id='word_1_354' title='bbox 423 4752 663 4834; x_wconf 88' lang='lat' dir='ltr'>possidendam.</span> 
     </span>
    </p>
   </div>
   <div class='ocr_carea' id='block_1_6' title="bbox 0 0 1586 5356">
    <p class='ocr_par' dir='ltr' id='par_1_6' title="bbox 0 0 1586 5356">
     <span class='ocr_line' id='line_1_41' title="bbox 0 0 1586 5356; baseline 0 0"><span class='ocrx_word' id='word_1_355' title='bbox 0 0 1586 5356; x_wconf 95' lang='lat' dir='ltr'> </span> 
     </span>
    </p>
   </div>
  </div>
 </body>
</html>
