3142 5356
268 466 421 546 Magister
446 464 607 546 Georgius
630 463 761 546 pellifex
779 464 941 545 obligatur
965 481 1023 544 pro
1053 461 1137 523 dotis
1161 461 1273 542 pronis
1297 458 1388 521 domi
1405 456 1483 509 1¹⁰

166 571 338 633 Francisco
359 570 480 632 aurifici
494 591 614 652 genero
631 591 689 631 suo
707 590 780 631 curn
798 568 863 630 filie
879 569 1045 630 l'rancisce
1064 587 1161 628 uxore
1180 585 1278 628 unam
1292 566 1387 626 vinea
1405 563 1481 615 Φ

269 677 345 739 ltem
373 679 405 738 in
430 677 619 738 indumenta
645 691 801 757 quantum
829 675 1033 756 requiritur.
1060 725 1066 737 .
1093 723 1100 736 .

269 783 346 844 ltem
371 783 534 863 obligatur
558 783 627 845 flor.
653 782 782 843 xxxll.

269 889 345 951 ltem
371 908 470 950 unum
496 887 611 949 scifum
637 902 826 969 argenteum
851 886 920 950 flor.
946 888 984 950 X.

269 997 346 1057 Item
370 995 549 1056 choclearia
575 995 639 1056 duo
665 995 734 1055 flor.
760 995 795 1056 ll.

269 1102 361 1165 Ultra
385 1102 473 1163 solus
498 1102 587 1163 dedit
612 1121 709 1163 unam
735 1102 874 1164 vineam.

268 1209 345 1271 ltem
373 1228 467 1270 unam
494 1209 628 1269 domum
653 1208 723 1270 flor.
748 1208 832 1271 xxi.

268 1315 346 1377 ltem
371 1315 584 1396 (in)dumenta
610 1331 640 1376 et
665 1330 863 1378 ornamenta.

270 1422 347 1483 Item
373 1422 561 1503 peccuniam
587 1436 788 1483 numeratam
815 1421 846 1482 in
876 1421 1023 1503 pluribus
1048 1421 1172 1482 vicibus
1195 1420 1266 1482 flor.
1292 1420 1345 1483 xl.

271 1793 362 1854 Feria
387 1807 473 1855 sexta
499 1795 642 1876 proxima
669 1808 741 1855 ante
766 1795 816 1856 vel
850 1795 882 1855 in
915 1792 1057 1876 profesto
1082 1793 1225 1873 Virginis
1251 1793 1423 1855 benedicte.

165 1899 272 1961 Causa
297 1914 384 1961 mota
409 1914 455 1962 est
480 1901 561 1963 inter
585 1901 785 1962 Anthonium
813 1901 1002 1981 Morgahich
1027 1900 1066 1962 de
1092 1899 1266 1962 Gradchan
1291 1920 1328 1961 ac
1353 1900 1425 1961 inter

163 2007 334 2068 Nicolaum
356 2007 395 2068 de
421 2007 532 2069 eadem
551 2022 705 2089 tanquam
723 2027 825 2069 teum.
849 2008 1014 2070 Predictus
1039 2007 1224 2069 Anthonius
1243 2005 1426 2087 Morgahich

164 2127 252 2174 actor
276 2132 334 2194 pro
360 2128 445 2191 tunc,
464 2114 631 2194 quomodo
649 2114 791 2193 quodam
809 2128 953 2196 tempore
973 2113 1135 2196 predictus
1151 2112 1306 2174 Nicolaus
1323 2131 1430 2194 quem·

165 2219 239 2280 dam
266 2219 386 2280 Lucam
412 2234 443 2282 et
468 2219 633 2280 Matheum
660 2221 762 2281 noctis
787 2221 818 2280 in
848 2220 983 2282 silencio
1008 2221 1113 2302 ipsum
1139 2219 1179 2281 ad
1205 2219 1432 2301 captivandum

165 2327 290 2387 monitu
316 2347 374 2388 suo
398 2328 545 2405 misisset,
570 2327 624 2387 sed
658 2341 689 2388 et
713 2328 814 2388 eciam
841 2327 1003 2408 predictus
1036 2327 1221 2389 Anthonius
1245 2325 1434 2407 Morgahich

165 2433 298 2493 asseruit
331 2453 362 2494 se
395 2453 488 2515 posse
521 2435 731 2514 comprobare
767 2434 901 2495 testibus
932 2433 1116 2514 fidedignis‚
1149 2433 1271 2510 dicens,
1302 2431 1434 2514 quoda

166 2539 314 2601 fratribus
338 2541 464 2602 duobus
482 2541 580 2622 ipsius
606 2541 729 2601 Nicolai
755 2540 794 2600 de
824 2540 995 2602 Gradchan
1017 2541 1202 2618 audivisset,
1227 2539 1317 2621 quod
1345 2539 1432 2601 idem

166 2647 320 2708 Nicolaus
351 2647 511 2729 predictos
544 2648 663 2708 Lucam
698 2663 728 2708 et
761 2648 925 2709 Matheum
951 2650 1088 2710 misisset
1120 2667 1216 2730 super
1251 2647 1434 2729 predictum

166 2752 379 2814 Anthonium.
406 2754 451 2813 Ex
477 2754 595 2833 quibus
620 2755 753 2814 testibus
778 2775 878 2815 unum
908 2754 1051 2836 protulit,
1077 2755 1131 2836 qui
1156 2754 1340 2835 juramento
1366 2773 1437 2835 pre·

166 2860 251 2937 stit0,
277 2860 366 2936 dixit,
391 2859 480 2939 quod
505 2860 571 2940 ipse
597 2860 717 2920 ibidem
751 2859 956 2937 interfuisset,
982 2861 1036 2920 ubi
1071 2861 1136 2921 duo
1162 2859 1274 2921 fratres
1299 2860 1436 2941 predicti

166 2965 292 3027 Nicolai
319 2966 527 3046 protulissent
552 2986 590 3026 eo
616 2966 726 3042 modo,
751 2966 838 3046 quod
865 2967 931 3046 ipse
949 2966 1103 3026 Nicolaus
1128 2966 1167 3027 de
1186 2964 1338 3028 Grachan
1363 2986 1436 3048 pro·

167 3072 234 3152 pria
248 3072 427 3132 temeritate
441 3072 602 3153 predictos
620 3073 740 3133 Lucam
759 3086 789 3133 et
814 3072 979 3134 Matheum
997 3092 1092 3154 super
1109 3072 1253 3154 predicto
1267 3073 1437 3136 Anthonio

167 3176 355 3258 Morgahich
374 3178 566 3257 captivando
584 3180 729 3240 misisset.
756 3179 817 3238 Pro
836 3179 948 3239 ceteris
972 3198 1048 3240 vero
1065 3179 1200 3240 testibus
1224 3193 1437 3262 utrarumque

167 3284 310 3366 parcium
335 3298 549 3365 prorogarunt
582 3305 683 3365 usque
708 3285 747 3345 ad
774 3283 886 3348 leriam
918 3285 1048 3346 terciam
1073 3286 1218 3368 proxime
1255 3300 1437 3348 venturam.

272 3408 363 3468 Feria
395 3409 492 3469 tercia
525 3411 668 3491 proxima
709 3423 782 3471 aute
815 3410 1012 3471 dominicam
1046 3411 1167 3474 Letare.
1212 3410 1319 3472 Causa
1353 3412 1437 3473 inter

168 3514 380 3575 Laurencium
407 3515 560 3576 colonum
586 3516 625 3575 de
652 3517 776 3577 Medwe
802 3531 832 3577 et
856 3517 938 3577 inter
969 3516 1163 3598 Gregorium
1189 3515 1362 3599 pellificem
1388 3538 1436 3579 se-

167 3621 291 3680 niorem
316 3619 466 3701 judicem,
492 3622 635 3702 partibus
659 3624 698 3682 ab
726 3623 835 3699 altera,
869 3623 997 3684 racione
1023 3638 1053 3684 et
1084 3636 1230 3705 pretextu
1255 3623 1435 3686 locucionis

167 3725 333 3786 cuiusdam
358 3727 424 3788 vini
450 3747 505 3809 per
531 3728 650 3788 dictum
672 3728 896 3807 laurencium,
914 3730 969 3790 ubi
988 3729 1091 3789 dictus
1110 3729 1308 3790 Laurencius
1324 3730 1436 3792 asserit

167 3832 205 3892 de
231 3833 456 3894 commissione
481 3848 511 3894 et
543 3835 721 3894 annuencia
754 3833 867 3915 prelati
902 3834 1069 3916 Gregorii,
1096 3849 1212 3896 eotunc
1236 3833 1344 3914 judice
1368 3835 1434 3897 exi·

166 3952 278 4017 stente,
313 3939 433 4000 dictum
467 3940 577 4000 vinum
611 3941 642 4000 in
676 3941 802 4002 civitate
828 3941 932 4003 locare
965 3958 995 4003 et
1027 3943 1086 4002 sub
1120 3939 1320 4002 confidencia
1352 3943 1435 4004 eius·

168 4045 241 4106 dem
276 4059 306 4106 et
339 4045 534 4107 admissione
567 4045 641 4107 dicti
677 4045 825 4129 Gregorii
859 4047 974 4127 judicis
1005 4048 1092 4110 idem
1124 4048 1242 4110 locavit
1273 4046 1435 4129 prefatum

168 4153 300 4229 vinum;
325 4152 429 4213 dictus
454 4173 529 4213 vero
555 4151 732 4234 Gregorius
761 4153 856 4234 judex
881 4153 941 4215 hoc
973 4167 1076 4216 totum
1103 4153 1249 4235 negavit3
1276 4155 1364 4216 unde
1388 4155 1436 4238 ju-

168 4260 226 4321 rati
252 4258 488 4339 adjudicarunt,
515 4279 551 4320 ex
577 4279 642 4340 quo
660 4261 763 4321 dictus
788 4258 963 4341 Gregorius
980 4260 1076 4340 judex
1094 4260 1307 4322 annuenciam
1326 4261 1435 4324 huius·

172 4365 259 4427 modi
285 4365 424 4445 negavit,
450 4364 524 4426 ideo
558 4366 643 4427 idem
678 4366 854 4447 Gregorius
886 4366 981 4445 judex
1006 4368 1109 4449 prima
1141 4367 1219 4429 leria
1243 4383 1329 4429 sexta
1362 4384 1436 4451 post

170 4472 367 4533 dominicam
402 4471 503 4546 Quasi
528 4473 626 4534 modo
657 4474 757 4554 geniti
783 4474 815 4534 in
851 4475 940 4535 altari
973 4490 1081 4536 sancte
1106 4474 1220 4536 Crucis
1250 4475 1355 4553 jurare
1380 4477 1434 4539 de·

176 4578 264 4640 bebit
288 4579 375 4660 quod
391 4579 477 4640 idem
494 4598 558 4640 non
577 4579 756 4641 admisisset
772 4579 892 4642 dictum
910 4581 1022 4642 vinum
1039 4582 1164 4657 locare3
1186 4581 1211 4642 si
1236 4600 1314 4642 vero
1331 4582 1435 4645 dictus
