3142 5356
163 524 299 581 gustam
326 522 412 565 ,uris
437 518 468 555 ru
493 516 526 558 se
551 494 734 569 habentem,
759 491 889 553 Thome
917 493 1016 554 sutori
1041 494 1127 554 dicto
1151 493 1242 553 Zima
1267 490 1337 552 filio
1356 492 1412 552 Mi-

171 630 275 675 ,κω
302 628 358 665 :uo
382 602 593 683 quadreginta
611 598 679 660 lior.
702 598 770 659 auri
787 599 933 660 vendidit
950 613 1104 682 perpetuo
1122 598 1352 681 possidendam
1376 618 1411 658 er

170 736 309 779 ,cramus
344 727 520 775 sicariorum
546 705 774 789 predictorum,
806 706 893 767 selva
922 706 984 768 alia
1018 705 1188 767 medietate
1222 705 1410 766 eorumdem

165 846 280 891 naurs,
298 822 398 885 tundi,
422 814 529 881 celerii
554 827 585 874 et
608 810 844 890 hedificiorum,
870 832 966 873 unam
984 811 1193 874 consimiliter
1210 824 1356 893 quartam
1383 812 1414 872 in

158 966 178 989 ..
211 934 358 995 :seherum
382 921 525 1003 predicto
550 918 701 999 magistro
728 917 857 980 Matheo
882 933 1076 980 remanente.

260 1032 336 1097 hem
369 1026 499 1109 quidam
534 1023 669 1105 (b)ortus
700 1038 786 1085 extra
820 1025 945 1086 Novam
978 1040 1103 1107 portam
1136 1037 1167 1086 et
1198 1025 1230 1085 in
1255 1024 1415 1086 territorio

156 1154 300 1207 usitatis,
334 1150 364 1199 et
397 1134 427 1195 in
452 1131 612 1194 territorio
645 1130 789 1191 eiusdem
823 1132 960 1193 civitatis
984 1133 1065 1193 inter
1096 1129 1248 1213 (hlortum
1273 1132 1416 1212 magistri

159 1250 261 1305 'simtu
288 1240 416 1313 inediti,
440 1239 479 1298 sb
504 1256 566 1298 una
591 1250 691 1316 parte,
716 1238 756 1296 ab
780 1237 879 1298 altera
909 1257 985 1299 vero
1010 1256 1107 1320 penes
1130 1235 1284 1298 fossatum
1311 1251 1416 1298 nostre

152 1346 392 1411 ..statuumtutis
415 1343 552 1418 habitus,
586 1342 722 1422 desuper
748 1363 765 1403 a
797 1343 847 1404 via
882 1363 998 1424 magna
1025 1358 1055 1405 et
1085 1343 1249 1404 communi
1273 1358 1306 1404 et
1337 1341 1417 1404 inlra

153 1478 252 1535 risque
280 1470 361 1513 stunt
386 1470 440 1512 seu
466 1448 612 1509 semitam
638 1466 844 1509 communem
878 1468 977 1530 penes
1001 1449 1135 1511 fluvium
1161 1464 1306 1511 nostrum
1330 1468 1416 1510 com·

153 1580 284 1619 nummu
310 1555 480 1637 vulgariter
498 1554 631 1614 Pretolra
657 1568 806 1615 vocatum
836 1555 977 1616 habitam
1002 1575 1034 1616 se
1060 1555 1244 1633 extendens,
1273 1555 1415 1616 mediam

153 1684 272 1727 turiani
299 1666 329 1723 iu
354 1680 387 1723 ae
412 1659 589 1735 continens,
627 1678 700 1719 cum
734 1660 799 1720 suis
824 1661 1028 1741 pertinenciis
1061 1660 1231 1722 Leonardo
1258 1659 1328 1721 filio
1353 1660 1417 1721 Do·

153 1792 260 1835 rutrum
286 1769 324 1829 de
350 1765 553 1828 Atthanantis
577 1777 607 1826 et
631 1765 873 1846 privilegialiter
899 1781 1115 1849 perpetuatas.

259 1876 335 1939 ltetn
367 1872 499 1932 domina
532 1871 631 1932 Elena
664 1871 773 1932 relicta
805 1873 944 1934 condam
978 1873 1067 1934 Pauli
1101 1871 1299 1950 Doklenich,
1332 1891 1417 1933 nunc

152 2002 281 2045 ttrsrsors
307 1977 467 2040 Valentini
492 1976 585 2057 jurati
611 1976 666 2037 filii
694 1977 768 2055 lwlr,
794 1980 957 2059 quandam
983 1980 1116 2040 domum
1141 1998 1230 2039 suam
1258 1992 1417 2039 muratam

152 2087 247 2152 sututl
272 2104 343 2149 cunr
369 2081 470 2145 fundo
495 2097 525 2142 et
558 2082 714 2143 hedificiis
743 2085 775 2144 in
808 2086 935 2146 civitate
961 2085 1102 2167 predicta
1135 2085 1215 2146 inter
1239 2085 1308 2145 vias
1331 2103 1417 2145 com·

154 2214 267 2257 tristiter
291 2211 327 2253 uc
351 2190 433 2251 inter
468 2188 601 2248 domum
635 2203 665 2249 et
697 2188 833 2251 fundum
869 2191 952 2252 Petri
979 2191 1091 2252 decani
1117 2191 1191 2251 dicti
1224 2190 1417 2251 Zudrowich

152 2300 305 2375 salutern,
330 2315 426 2357 unam
452 2308 597 2375 quartam
623 2310 654 2356 et
677 2310 823 2357 octavam
860 2298 946 2357 curie
973 2298 1004 2357 in
1030 2317 1063 2358 se
1088 2297 1319 2374 continentem,
1344 2316 1416 2358 curn

152 2406 318 2471 necestitate
345 2403 393 2462 vie
411 2400 450 2461 ad
468 2400 608 2462 hostium
626 2421 683 2462 seu
701 2416 825 2482 portam
844 2403 988 2463 eiusdem
1007 2403 1124 2464 domus
1140 2416 1264 2463 murate
1288 2403 1416 2464 emeri-

153 2510 274 2579 ,lrouuli
301 2508 394 2591 plaga
419 2505 525 2566 habite
551 2520 581 2565 et
607 2507 777 2585 existentis,
811 2524 841 2569 et
865 2509 936 2570 aliis
967 2510 1033 2571 suis
1070 2510 1277 2592 pertinenciis
1302 2509 1416 2571 Valen-

152 2636 219 2685 tutu
244 2616 310 2679 lilio
336 2613 469 2674 Fabiani
495 2612 602 2692 quoad
628 2632 724 2674 unam
758 2629 876 2675 rectam
906 2629 936 2675 et
961 2615 1111 2695 equalem
1143 2615 1362 2694 medietatem,
1386 2630 1416 2677 et

152 2726 280 2791 ‘l'ltonte
305 2720 372 2783 filio
390 2719 545 2779 iohannis
569 2739 604 2779 ac
622 2719 712 2780 alteri
730 2721 901 2782 Valentino
919 2719 987 2782 filio
1018 2721 1158 2804 Philippi
1183 2721 1291 2803 quoad
1321 2722 1413 2782 aliam

152 2832 310 2897 residuam
336 2827 540 2888 medietatem
566 2827 754 2888 eorumdem
781 2829 897 2889 domus
922 2842 1056 2906 mutate,
1081 2827 1173 2890 fundi
1198 2843 1228 2890 et
1253 2827 1414 2890 hedificio-

152 2958 221 3003 tutu
246 2933 392 2998 vendidit
416 2947 571 3014 perpetuo
597 2933 833 3014 possidendam.

257 3043 334 3104 ltem
353 3039 530 3121 Elyzabeth
549 3055 705 3118 matrona,
729 3042 881 3120 salivena,
899 3042 964 3104 filia
983 3043 1116 3125 Endrey
1140 3043 1283 3104 concivis
1300 3056 1413 3119 nostra,

152 3149 314 3235 quandam
340 3147 474 3207 domum
500 3165 590 3206 susm
624 3147 733 3226 ligneo
766 3168 861 3228 opere
894 3164 1121 3227 constructam,
1154 3169 1227 3210 cum
1253 3149 1356 3211 fundo
1386 3163 1413 3209 et

153 3255 309 3323 hedificiis
335 3254 366 3314 in
392 3252 475 3313 dicta
500 3253 627 3312 civitate
663 3254 693 3312 in
719 3255 902 3334 posteritate
936 3257 1053 3317 domus
1077 3257 1253 3317 liberorum
1279 3257 1411 3318 condam

152 3361 296 3429 lwchech
321 3360 360 3420 de
385 3358 582 3436 Thornawa,
614 3358 699 3438 juxta
733 3381 861 3422 murum
897 3378 1003 3424 nostre
1028 3363 1165 3425 civitatis
1195 3378 1363 3446 prenotate
1385 3377 1412 3423 et

152 3474 232 3535 inter
256 3468 371 3528 domos
395 3485 450 3526 seu
476 3466 579 3526 curias
603 3465 734 3527 domine
760 3467 934 3529 Katherine
967 3470 1075 3530 relicte
1101 3470 1238 3531 condam
1266 3469 1411 3546 Ladislai,

151 3580 189 3643 ab
215 3595 277 3637 uua
301 3587 400 3655 parte,
424 3574 463 3632 ab
488 3572 586 3633 altera
613 3592 687 3632 vero
713 3573 929 3653 predictorum
952 3575 1128 3637 liberorum
1154 3577 1253 3658 ipsius
1277 3576 1411 3638 condam

152 3680 295 3747 lwchech
320 3680 473 3756 habitam,
510 3699 606 3739 unam
641 3694 787 3759 quartam
812 3682 899 3742 curie
932 3683 964 3742 in
990 3703 1021 3742 se
1047 3684 1248 3761 retinentem,
1273 3704 1347 3745 cum
1379 3683 1409 3744 li-

151 3794 228 3854 bero
260 3806 390 3848 accessu
422 3800 452 3846 et
483 3804 609 3846 recessu
640 3786 680 3846 ad
721 3787 875 3860 eandem,
913 3787 1055 3870 Georgio
1088 3789 1154 3850 filio
1187 3790 1345 3852 Anthonii
1376 3790 1410 3850 de

152 3896 287 3959 Gratsan
314 3892 469 3974 compatri
495 3911 553 3952 suo
578 3891 682 3952 taliter
710 3892 849 3955 dedisset
882 3909 1038 3976 perpetuo
1063 3896 1303 3977 possidendam,
1328 3894 1410 3978 quod

150 3999 292 4085 prelatus
317 3998 478 4081 Georgius
502 3999 604 4079 ipsam
630 3998 942 4080 Elyzabethhabest
963 4016 1200 4062 conservasset
1224 4003 1360 4084 sepelire
1384 4014 1411 4062 et

150 4120 222 4191 post
246 4118 382 4166 mortem
408 4105 477 4165 eius
501 4123 559 4186 pro
576 4103 682 4164 anima
706 4124 762 4165 sua
785 4106 922 4166 Romam
941 4126 1073 4188 peregre
1098 4107 1254 4189 proficisci
1274 4108 1409 4173 debebit.

256 4212 333 4273 ltem
359 4211 540 4293 Stephanus
564 4211 707 4271 literatus
739 4211 824 4273 filius
849 4212 993 4294 Georgii,
1017 4234 1052 4275 ac
1078 4214 1191 4275 Vrsula
1216 4216 1325 4296 puella
1350 4215 1410 4277 filia

151 4319 287 4384 condam
313 4318 441 4379 Thome
467 4318 629 4400 arcuparis
653 4316 708 4378 filii
736 4318 876 4400 Drsgyn,
906 4320 1052 4400 privigna
1077 4321 1221 4382 eiusdem
1248 4321 1410 4404 Stephani,

149 4427 345 4488 habitatores
370 4425 515 4502 civitatis,
552 4443 664 4485 eorum
697 4425 859 4504 quandam
894 4426 1020 4486 vineam
1047 4427 1077 4487 in
1109 4427 1271 4489 territorio
1303 4443 1409 4490 nostro

151 4535 233 4595 inter
257 4533 366 4594 vineas
389 4531 552 4593 Valentini
587 4530 822 4611 Mungyachich
857 4545 887 4592 et
912 4532 1087 4594 liberorum
1120 4533 1259 4595 condem
1293 4534 1409 4596 Mathei

150 4638 191 4700 de
216 4637 383 4699 Kralewch
408 4637 579 4714 existentis,
607 4657 624 4697 a
659 4636 800 4717 quodam
833 4637 933 4698 fluvio
957 4639 1129 4720 Zazydnak
1162 4653 1289 4716 vocato,
1313 4660 1406 4722 supra

149 4744 188 4806 ad
214 4746 364 4805 verticem
391 4745 509 4804 montis
533 4743 695 4804 etiterum
721 4741 800 4804 inira
826 4764 925 4825 usque
944 4745 1106 4824 quandam
1124 4745 1242 4806 vallem
1266 4766 1324 4808 seu
1341 4747 1409 4828 plu·

28 4880 186 5016 ’Ἰ
