3142 5356
225 350 288 393 210
756 329 843 387 Anno
864 341 955 406 1431.

224 545 349 607 nealem
386 564 441 625 per
473 542 612 606 eundern
646 542 789 603 Marcum
821 560 880 623 pro
912 561 944 601 se
981 553 1185 618 reservatam,
1209 540 1249 600 ab
1282 539 1407 600 oriente
1438 539 1490 599 ha-

224 652 334 729 bitam,
359 670 416 731 per
439 663 558 710 metam
583 648 750 709 cuiusdam
774 649 866 708 nucis
898 666 990 708 cruce
1015 647 1138 727 signate
1171 659 1203 706 et
1227 644 1292 727 pali
1318 659 1488 727 separatas,

224 756 391 818 Anthonio
417 769 447 817 et
472 754 602 837 Mathye
628 751 830 838 carnificibus
858 773 916 835 pro
947 753 1058 834 viginti
1078 752 1205 814 duobus
1221 751 1292 815 flor.
1320 752 1391 813 auri
1415 772 1490 814 ven·

223 862 305 923 didit
328 876 484 944 perpetuo
510 859 731 943 possidendas.

330 985 408 1047 Item
434 984 588 1047 Crisanus
604 983 701 1046 frater
719 982 806 1046 Galli
831 983 1036 1045 medietatem
1054 982 1222 1044 cuiusdam
1241 982 1370 1060 domus,
1388 979 1491 1060 fundi,

224 1093 332 1154 celarii
358 1106 390 1155 ot
412 1090 636 1153 hedificiorum
663 1090 695 1151 in
720 1090 848 1151 civitate
882 1090 964 1152 inter
992 1089 1108 1150 domos
1131 1102 1163 1151 et
1186 1088 1291 1150 curias
1317 1089 1405 1150 Luce
1430 1108 1494 1150 sar-

224 1199 302 1259 toris
327 1211 358 1260 et
382 1218 438 1259 sue
464 1197 620 1259 consortis
645 1196 729 1258 Mala
753 1209 865 1257 vocate
902 1216 938 1257 ac
962 1195 1117 1277 Stephani
1143 1195 1226 1257 Soxe
1250 1194 1371 1272 habite,
1396 1213 1494 1256 unam

224 1316 369 1385 quartam
394 1303 479 1365 curie
506 1303 537 1364 in
562 1323 596 1364 se
612 1303 845 1380 continentem,
871 1300 969 1363 Gallo
994 1300 1081 1362 fratri
1099 1320 1158 1362 suo
1183 1300 1328 1382 predicto
1346 1301 1497 1362 vendidit

224 1423 380 1491 perpetuo
406 1409 654 1491 possidendam
686 1409 776 1470 cuius
800 1408 927 1487 domus,
952 1406 1044 1469 fundi
1069 1422 1101 1469 et
1135 1407 1244 1469 celarii
1268 1427 1304 1468 ac
1328 1406 1496 1469 hedificio·

225 1535 295 1576 rum
333 1516 429 1576 aliam
456 1516 674 1593 medietatem,
707 1534 804 1576 unam
839 1514 986 1576 similiter
1013 1528 1160 1596 quartam
1192 1514 1224 1575 in
1249 1534 1283 1576 se
1308 1513 1497 1593 habentem,

225 1621 311 1683 idem
337 1620 452 1684 Gallus
476 1622 577 1683 eciam
603 1621 776 1683 literatorie
799 1621 977 1683 dinoscitur
1000 1621 1176 1702 possidere.

331 1747 408 1808 ltem
434 1747 589 1808 medietas
606 1747 773 1808 cuiusdam
791 1745 883 1808 fundi
909 1747 940 1808 in
966 1747 1038 1808 vico
1056 1747 1194 1809 civitatis
1211 1747 1361 1809 exteriori
1387 1747 1497 1809 lutoso

228 1855 309 1915 inter
334 1855 449 1915 domos
473 1868 504 1914 et
520 1851 638 1915 fundos
663 1853 818 1914 Anthonii
836 1851 916 1916 fabri
941 1868 972 1915 et
996 1854 1173 1915 liberorum
1192 1854 1282 1915 Pauli
1307 1854 1495 1937 Naglichyn

226 1960 338 2038 habiti,
362 1981 379 2021 a
404 1974 493 2042 parte
510 1959 586 2021 dicti
611 1958 703 2021 fundi
727 1974 758 2020 et
782 1960 898 2021 domus
925 1961 1024 2041 ipsius
1041 1960 1208 2037 Anthonii,
1233 1979 1307 2022 cum
1332 1960 1497 2022 hedificiis

224 2064 499 2148 superhedificatis
523 2067 592 2143 sita,
630 2085 728 2127 unam
753 2080 898 2147 quartam
924 2068 1011 2128 curie
1036 2067 1068 2128 in
1094 2086 1126 2127 se
1151 2067 1332 2141 continens,
1358 2065 1497 2151 Gyurak

224 2170 292 2233 filio
318 2173 400 2233 Petri
435 2171 679 2248 Mozlawchich,
712 2185 743 2233 et
772 2173 834 2233 alia
871 2172 1027 2234 medietas
1060 2173 1205 2234 eiusdem
1240 2172 1332 2235 fundi
1364 2188 1498 2256 aparte

225 2278 383 2339 dictorum
409 2278 586 2340 liberorum
618 2278 752 2360 predicti
787 2279 877 2339 Pauli
903 2279 1083 2361 Naglichyn
1116 2299 1189 2340 curn
1223 2277 1382 2340 hedificiis
1406 2280 1496 2341 simi·

225 2384 296 2444 liter
330 2383 605 2466 superhedificatis
642 2384 767 2465 Agathe
802 2384 886 2465 glori
923 2385 1022 2468 ipsius
1059 2384 1191 2468 Gyurak
1234 2399 1282 2447 est
1316 2386 1498 2449 literatorie

226 2505 424 2573 perpetuata.

332 2615 409 2676 ltem
434 2617 533 2696 proba
560 2616 676 2678 mulier
700 2616 832 2677 domina
850 2616 962 2678 Vrsula
987 2615 1051 2678 filia
1075 2613 1235 2679 Johannis
1252 2615 1309 2677 filii
1335 2616 1498 2678 Hermoni

226 2721 266 2782 de
291 2721 497 2782 Zenthlaczlo
532 2723 642 2784 relicta
676 2723 812 2783 condam
838 2722 994 2784 Johannis
1019 2723 1138 2800 Prauz,
1162 2742 1248 2784 nunc
1280 2741 1414 2784 consors
1438 2724 1497 2784 Ni-

226 2828 309 2888 colai
334 2826 391 2888 filii
417 2829 512 2904 Petri,
536 2829 741 2890 medietatem
775 2829 903 2906 domus,
932 2844 1014 2891 terre
1046 2844 1078 2892 et
1101 2829 1221 2911 (hlorti,
1246 2845 1497 2911 ceterarumque

228 2935 448 2994 universarum
474 2954 602 2994 suarum
628 2935 878 3014 possessionum,
903 2956 1008 2997 rerum
1034 2949 1065 2997 et
1085 2935 1305 3017 quorumlibet
1328 2938 1496 2998 bonorum

229 3060 360 3101 suorum
385 3041 556 3101 mobilium
582 3041 731 3102 videlicet
756 3056 786 3103 et
811 3042 1016 3103 inmobilium
1047 3043 1079 3103 in
1107 3043 1190 3103 dicta
1216 3042 1342 3104 civitate
1368 3056 1400 3103 et
1425 3043 1498 3104 eius

226 3147 386 3208 territorio
413 3146 594 3207 habitorum
620 3161 651 3208 et
675 3148 883 3209 existencium
908 3148 1014 3209 eidem
1039 3149 1174 3209 Nicolao
1191 3148 1349 3209 moderno
1375 3148 1497 3210 marito

226 3272 285 3313 suo
310 3252 442 3314 donavit
466 3265 620 3333 perpetuo
645 3253 850 3335 possidenda.

318 3491 401 3562 ltem
430 3492 572 3562 sabbato
603 3490 754 3580 proximo
784 3500 860 3581 post
889 3493 1011 3564 festum
1041 3490 1272 3564 Conversionis
1305 3490 1396 3563 beati
1446 3521 1451 3529 ·

715 3614 812 3687 Pauli
841 3615 997 3705 apostoli.

734 3799 794 3866 (27.
811 3792 978 3866 junuarii).

334 3946 411 4008 Item
426 3946 628 4009 Theodricus
646 3947 782 4008 condam
797 3948 970 4009 canonicus
984 3947 1116 4008 ecclesie
1130 3945 1496 4027 Quinqueecclesiensis

226 4052 310 4114 filius
335 4054 445 4114 lacobi
470 4054 548 4115 olim
567 4053 730 4115 castellani
756 4053 795 4114 de
815 4053 1007 4115 Medwewar
1034 4051 1091 4114 filii
1110 4050 1254 4133 Georgii,
1279 4050 1497 4114 medietatem

226 4160 379 4220 directam
405 4174 435 4220 et
460 4160 608 4240 equalem
627 4158 793 4220 cuiusdam
817 4159 933 4220 domus
958 4179 993 4220 ac
1010 4158 1138 4239 pallacii
1159 4157 1275 4219 murati
1299 4176 1356 4218 seu
1383 4160 1498 4237 turris,

225 4287 283 4328 nec
311 4287 374 4327 non
402 4265 492 4327 tundi
518 4280 549 4328 et
574 4266 681 4327 celarii
714 4267 913 4327 subterranei
945 4279 976 4326 et
1005 4262 1226 4326 hedificiorum
1252 4276 1436 4326 ceterorum
1463 4265 1498 4327 in

226 4374 308 4435 dicta
344 4373 470 4433 civitate
504 4373 585 4433 inter
610 4372 724 4432 domos
756 4372 911 4433 lohannis
942 4370 1035 4452 jurati
1068 4369 1124 4432 filii
1158 4369 1290 4432 Peronis
1314 4383 1346 4431 et
1370 4370 1499 4451 plateas

226 4481 325 4563 ipsius
339 4480 475 4541 civitatis
489 4498 678 4540 communes
703 4478 810 4539 habite
824 4491 855 4540 et
872 4477 1046 4555 existentis,
1064 4495 1160 4538 unam
1177 4476 1327 4537 videlicet
1343 4491 1497 4557 quartam

225 4589 312 4650 curie
337 4589 368 4649 in
393 4609 424 4648 se
451 4588 654 4665 retinentem,
689 4586 818 4669 Mathye
851 4586 937 4647 dicto
963 4585 1090 4662 Farkas,
1122 4584 1177 4666 qui
1203 4582 1348 4644 eiusdem
1375 4583 1499 4647 domus

225 4716 260 4756 ac
286 4695 411 4777 pallacii
436 4715 493 4756 seu
516 4695 620 4772 turris,
644 4713 703 4754 nec
727 4713 792 4754 non
818 4691 909 4754 fundi
934 4706 964 4754 et
988 4691 1106 4769 celarii,
1131 4705 1378 4772 ceterorumque
1402 4690 1497 4754 hedi·

226 4801 373 4865 ficiorum
400 4802 543 4863 eiusdem
562 4821 658 4862 unam
684 4799 893 4862 consimiliter
918 4811 1063 4881 quartam
1089 4798 1175 4860 curie
1192 4797 1224 4860 in
1249 4817 1283 4860 se
1299 4797 1497 4862 retinentem
