3142 5356
146 509 209 571 230
554 489 640 546 Anno
664 500 752 563 1524.
779 519 820 529 —
844 500 874 562 4.
900 487 1010 544 morlai.

150 595 448 607 ——-——--—-
456 595 515 600 ——-
521 595 577 600 ——-

1152 589 1305 596 --ω
1313 551 1463 594 „s

616 698 772 759 Martinus
805 697 938 758 chromi.

621 805 732 866 Petrus
757 805 927 886 Pucbyuk.

618 910 802 972 Anthonius
825 930 924 990 gener
948 910 1130 991 Zaboczky.

618 1017 764 1078 Thomas
788 1015 938 1098 frenipar.

617 1124 720 1184 Lucas
745 1123 882 1185 cbeztar.

613 1231 798 1292 Anthonins
822 1230 981 1313 Tkalych.

616 1337 783 1420 Matheycz
806 1351 905 1401 sutor.

620 1443 738 1505 Paulus
761 1458 860 1507 sutor.

619 1550 775 1612 Nicolaus
799 1550 964 1633 clipeator.

619 1657 765 1718 Andreas
788 1677 909 1739 sporar.

623 1761 783 1843 Georgius
805 1763 944 1846 sellipar.

615 1869 814 1931 Laurencius
838 1884 937 1932 sutor.

622 1977 739 2058 Jarney
764 1975 914 2039 carnifex.

621 2080 798 2163 Gregorius
822 2081 907 2144 filius
930 2083 1006 2146 Viti.

337 2319 433 2393 Feria
463 2331 561 2393 sexta
590 2323 745 2410 proxima
774 2316 855 2392 anie
882 2319 1083 2392 dominicam
1112 2320 1241 2393 Letare.

687 2477 731 2552 (4.
755 2477 877 2551 martir).

259 2619 292 2680 ln
318 2638 411 2680 causa
438 2619 519 2678 inter
536 2617 663 2678 nobiles
680 2631 711 2678 et
727 2616 902 2699 prudentes
920 2617 1099 2702 Gasparum
1118 2618 1267 2700 aliosque
1284 2618 1424 2681 heredes

151 2724 288 2788 condam
315 2724 366 2807 pie
391 2725 548 2786 memorie
573 2724 729 2785 Johannis
752 2724 874 2802 Pastor,
902 2724 981 2785 olim
1006 2725 1148 2786 concivis
1172 2725 1283 2802 nostri,
1310 2739 1345 2786 ut
1370 2745 1421 2787 ac·

151 2846 237 2892 tores
261 2831 300 2891 ab
326 2850 400 2909 una,
426 2845 456 2892 et
473 2829 690 2892 venerabilem
717 2829 884 2891 dominum
905 2831 1105 2892 ieronimum
1122 2831 1289 2892 doctorem
1316 2832 1422 2894 medi·

154 2938 224 2999 cine
249 2950 280 2998 et
304 2937 494 2999 canonicum
521 2936 653 2998 ecclesie
678 2937 905 3017 zagrabiensis,
928 2951 1016 3018 parte
1041 2939 1081 2998 ab
1106 2937 1216 3015 altera,
1241 2937 1374 3000 racione
1392 2952 1424 3000 et

154 3055 299 3125 pretextu
324 3043 489 3104 cuiusdam
516 3043 633 3104 domus
658 3041 813 3104 Jobannis
838 3044 938 3103 Marie
970 3043 1009 3103 de
1035 3043 1149 3104 Parma
1174 3043 1253 3105 alias
1277 3045 1423 3107 concivis

155 3149 255 3209 nostri
281 3149 312 3208 in
339 3148 460 3230 prefata
479 3149 606 3210 civitate
624 3163 730 3209 nostra
748 3148 866 3226 habite,
890 3150 945 3210 ubi
963 3149 1114 3212 videlicet
1137 3149 1278 3231 prefatus
1297 3149 1424 3234 Gaspar

153 3253 264 3314 Pastor
289 3268 398 3315 contra
423 3254 620 3315 antedictum
646 3254 815 3315 dominum
845 3254 1010 3317 doctorem
1035 3256 1214 3338 proposuit,
1239 3257 1328 3338 quod
1354 3258 1421 3341 ipse

152 3359 265 3421 doctor
297 3361 473 3442 predictam
507 3361 641 3422 domum
674 3361 781 3422 minus
813 3360 893 3441 juste
925 3363 1103 3444 possideret
1134 3363 1209 3445 quia
1239 3363 1344 3426 dictus
1368 3366 1421 3427 Jo-

151 3467 273 3528 hannes
298 3467 398 3528 Maria
424 3467 561 3528 condam
587 3467 725 3528 iohanni
751 3468 862 3529 Pastor
889 3470 969 3550 patri
1003 3470 1148 3550 ipsorum
1172 3470 1305 3551 suisque
1330 3471 1421 3533 here-

155 3572 250 3634 dibus
274 3573 306 3633 in
330 3573 476 3634 emendis
500 3573 744 3653 vendendisque
761 3575 865 3635 bobus
889 3573 970 3635 facta
988 3576 1128 3654 racione,
1153 3591 1250 3658 prout
1272 3575 1335 3638 hoc
1353 3577 1421 3660 ipse

153 3678 277 3762 Gaspar
301 3680 443 3761 quodam
469 3680 588 3762 scripto
612 3699 710 3741 manu
735 3681 850 3742 notarii
873 3682 994 3763 publici
1019 3681 1167 3744 confecto
1192 3702 1301 3744 coram
1327 3684 1423 3746 nobis

152 3785 184 3846 in
200 3765 313 3867 ⁴specie
332 3787 490 3869 producto
515 3785 710 3847 sufficienter
727 3788 962 3868 comprobavit,
980 3788 1125 3849 ducentis
1146 3802 1177 3850 et
1193 3801 1333 3870 quatuor
1350 3788 1421 3854 flor.

153 3891 280 3954 debitor
305 3907 509 3971 remanserat,
535 3913 592 3974 pro
623 3894 875 3974 quibusquidem
908 3895 975 3975 ipse
1000 3895 1163 3956 Johannes
1186 3896 1288 3956 Maria
1313 3895 1422 3958 eidem

153 3999 262 4060 omnia
287 4002 372 4061 bona
397 4020 452 4061 sua
487 4000 650 4081 presencia
683 4000 834 4062 videlicet
858 4015 889 4063 et
913 3998 1018 4063 sutura
1050 4002 1248 4083 ubicumque
1272 4001 1422 4064 locorum

153 4119 184 4166 et
209 4106 481 4187 quandocumque
514 4119 638 4187 reperta
670 4126 781 4188 ymmo
814 4108 914 4168 eciam
939 4127 1108 4189 personam
1141 4107 1305 4189 propriam
1338 4108 1423 4170 obli·

152 4212 251 4291 gavit,
276 4227 371 4293 prout
395 4213 456 4274 boc
480 4214 512 4274 in
538 4212 652 4273 eodem
678 4213 796 4294 scripto
814 4213 983 4275 manifeste
1008 4213 1147 4274 vidimus
1171 4213 1340 4292 contineri,
1358 4233 1423 4296 que

154 4317 324 4399 obiagacio
349 4317 429 4379 facta
455 4317 514 4379 fuit
539 4318 578 4380 de
603 4338 689 4380 anno
725 4339 818 4402 1517,
843 4323 884 4381 ob
903 4340 999 4401 quam
1025 4321 1157 4401 quidem
1181 4319 1422 4402 obligacionem

155 4423 290 4485 eandem
317 4424 451 4486 domum
475 4425 534 4486 sibi
560 4425 737 4507 adjudicari
768 4427 962 4507 postulavit;
995 4447 1032 4487 ex
1057 4426 1192 4488 adverso
1216 4440 1324 4489 autem
1350 4448 1424 4512 pre·

154 4531 259 4593 dictus
284 4530 397 4593 doctor
421 4531 453 4592 in
479 4531 544 4591 vim
569 4532 617 4592 sui
635 4531 713 4612 juris
737 4531 902 4612 quoddam
922 4532 1170 4593 instrumentum
1196 4532 1364 4614 publicum
1390 4535 1423 4597 in

156 4638 261 4719 specie
287 4657 394 4698 coram
428 4637 521 4698 nobis
557 4637 717 4718 produxit,
751 4657 816 4718 quo
849 4638 1061 4698 instrumento
1094 4636 1236 4720 prefatus
1258 4638 1425 4704 Johannes

156 4743 256 4804 Maria
281 4743 416 4804 domino
441 4743 564 4803 doctori
590 4745 765 4824 nonaginta
791 4743 859 4806 flor.
885 4744 953 4804 auri
978 4744 1060 4825 puri,
1093 4744 1169 4805 boni
1194 4757 1226 4806 et
1248 4743 1323 4826 justi
1341 4765 1424 4828 pon·

155 4849 239 4909 deris
269 4847 386 4910 fatetur
417 4868 450 4910 se
475 4868 542 4909 esse
576 4849 753 4911 debitorem
788 4864 818 4911 et
850 4851 917 4931 ipse
949 4850 1061 4911 doctor
1094 4869 1159 4911 non
1187 4850 1228 4911 sit
1251 4866 1425 4915 contentus

154 4955 298 5037 accipere
323 4955 429 5016 nullas
453 4976 502 5016 res
527 4955 558 5016 in
590 4970 709 5017 sortem
742 4956 931 5016 eorumdem
960 4955 1156 5016 florenorum
1191 4957 1337 5040 accipere
1361 4958 1423 5021 nisi
