3142 5356
147 481 188 544 88
505 486 707 562 Anno1402.
733 518 773 528 —
798 499 846 545 12.
869 486 1043 560 septembris.

149 697 311 759 Johannes
335 699 472 759 existens
489 715 606 761 eotunc
629 696 770 760 famulus
794 718 871 758 suus
887 700 927 759 ab
944 697 1060 759 eodem
1085 699 1256 779 recepisset
1279 713 1311 761 et
1327 700 1411 760 clan-

148 804 272 866 destine
306 804 502 885 auffugisset,
535 825 632 886 quam
664 824 823 866 summam
856 805 991 886 pecunie
1024 819 1058 865 ut
1089 803 1230 886 prefatus
1261 805 1413 866 dominus

149 913 330 994 prepositus
360 914 572 994 proponebat,
606 912 731 974 fecisset
762 931 828 994 quo
861 931 917 973 sue
949 910 1120 994 placuisset
1151 912 1321 990 voluntati,
1346 912 1413 994 ipse

149 1039 225 1081 vero
250 1019 412 1081 Johannes
442 1018 628 1082 huiusmodi
661 1038 820 1080 summam
852 1032 1036 1079 constanter
1068 1018 1223 1097 negabat3
1252 1038 1312 1079 nos
1336 1038 1414 1079 vero

149 1125 224 1186 visis
248 1125 528 1206 propositionibus
560 1126 703 1207 parcium
728 1125 814 1205 juxta
847 1123 1112 1186 consuetudinem
1137 1140 1244 1184 nostre
1275 1125 1414 1186 civitatis

148 1231 254 1293 taliter
278 1231 543 1311 adjudicavimus,
568 1246 602 1294 ut
626 1252 664 1292 ex
688 1251 754 1312 quo
771 1231 838 1313 ipse
862 1230 1014 1291 dominus
1037 1230 1218 1311 prepositus
1243 1229 1414 1291 manifeste

150 1357 214 1399 non
240 1338 424 1420 appellabat
448 1337 563 1417 furem,
578 1339 652 1400 ideo
678 1339 744 1420 ipsc
770 1337 934 1399 Johannes
956 1334 1034 1398 seria
1059 1350 1144 1399 sexta
1169 1337 1314 1418 proxima
1342 1352 1417 1419 post

151 1458 280 1505 octavas
315 1444 569 1527 Epiphaniarum
602 1444 735 1507 Domini
768 1443 1142 1524 vigesimusquintusmet
1177 1444 1322 1524 personis
1354 1443 1415 1504 sibi

149 1550 309 1611 similibus
333 1565 388 1611 aut
412 1552 577 1613 nobilibus
602 1551 817 1631 juramentum
842 1550 948 1611 taliter
972 1550 1134 1631 deponere
1159 1549 1300 1628 habebit,
1324 1548 1415 1630 quod

149 1658 217 1741 ipse
241 1656 396 1740 prefatam
420 1677 579 1720 summam
604 1657 801 1719 florenorum
826 1677 891 1719 non
916 1657 1086 1738 recepisset
1110 1673 1214 1736 neque
1240 1655 1270 1715 in
1290 1654 1413 1717 eisdem

150 1763 338 1845 recepcione
380 1765 527 1826 conscius
558 1764 686 1839 fuissem
718 1764 744 1824 ai
776 1763 914 1843 jurabit,
948 1764 988 1824 ab
1021 1762 1227 1844 impetitione
1267 1761 1416 1824 eiusdem

150 1870 274 1931 domini
300 1871 453 1951 prepositi
478 1871 559 1931 liber
590 1871 666 1945 erit;
699 1870 753 1930 ubi
777 1871 872 1932 ambe
904 1885 1008 1952 partes
1040 1869 1078 1930 de
1111 1867 1232 1949 judicio
1263 1882 1417 1931 contente

150 1990 233 2038 sunt.
259 1976 461 2038 Adveniente
487 1996 562 2037 vero
591 1977 642 2037 die
674 1976 844 2057 juramenti
876 1974 1016 2058 prefatus
1040 1975 1202 2037 ‚lohannes
1226 1994 1334 2036 coram
1369 1975 1417 2051 iu-

150 2083 219 2143 dice
245 2097 276 2143 et
299 2082 410 2162 juratis
434 2096 540 2144 nostre
566 2083 702 2144 civitatis
727 2098 822 2164 prout
839 2083 986 2160 debebat,
1011 2082 1225 2159 juramentum
1251 2099 1325 2142 cum
1344 2101 1417 2164 per·

150 2188 238 2249 sonis
262 2188 427 2250 nobilibus
451 2189 827 2270 vigesimusquiutusmet
852 2189 1010 2271 deposuit.
