<?xml version="1.0" encoding="UTF-8"?>
<!DOCTYPE html PUBLIC "-//W3C//DTD XHTML 1.0 Transitional//EN"
    "http://www.w3.org/TR/xhtml1/DTD/xhtml1-transitional.dtd">
<html xmlns="http://www.w3.org/1999/xhtml" xml:lang="en" lang="en">
 <head>
  <title>
</title>
<meta http-equiv="Content-Type" content="text/html;charset=utf-8" />
  <meta name='ocr-system' content='tesseract 3.04.00' />
  <meta name='ocr-capabilities' content='ocr_page ocr_carea ocr_par ocr_line ocrx_word'/>
</head>
<body>
  <div class='ocr_page' id='page_1' title='image "./monumentahistor17laszgoog_0642.png"; bbox 0 0 3142 5356; ppageno 0'>
   <div class='ocr_carea' id='block_1_1' title="bbox 109 538 1381 2631">
    <p class='ocr_par' dir='ltr' id='par_1_1' title="bbox 114 538 1381 728">
     <span class='ocr_line' id='line_1_1' title="bbox 115 538 1381 626; baseline 0.006 -27"><span class='ocrx_word' id='word_1_1' title='bbox 115 558 318 621; x_wconf 83' lang='lat' dir='ltr'>possessores</span> <span class='ocrx_word' id='word_1_2' title='bbox 353 538 508 622; x_wconf 83' lang='lat' dir='ltr'><strong>prefatam</strong></span> <span class='ocrx_word' id='word_1_3' title='bbox 535 539 648 600; x_wconf 89' lang='lat' dir='ltr'>turrim</span> <span class='ocrx_word' id='word_1_4' title='bbox 673 539 759 619; x_wconf 84' lang='lat' dir='ltr'>juxta</span> <span class='ocrx_word' id='word_1_5' title='bbox 792 554 931 603; x_wconf 90' lang='lat' dir='ltr'>nostram</span> <span class='ocrx_word' id='word_1_6' title='bbox 963 561 1169 604; x_wconf 90' lang='lat' dir='ltr'>communem</span> <span class='ocrx_word' id='word_1_7' title='bbox 1195 544 1381 626; x_wconf 84' lang='lat' dir='ltr'>disposicio·</span> 
     </span>
     <span class='ocr_line' id='line_1_2' title="bbox 114 647 1011 728; baseline 0.006 -22"><span class='ocrx_word' id='word_1_8' title='bbox 114 665 190 707; x_wconf 93' lang='lat' dir='ltr'>nem</span> <span class='ocrx_word' id='word_1_9' title='bbox 218 660 249 707; x_wconf 92' lang='lat' dir='ltr'>et</span> <span class='ocrx_word' id='word_1_10' title='bbox 274 647 461 707; x_wconf 89' lang='lat' dir='ltr'>mandatum</span> <span class='ocrx_word' id='word_1_11' title='bbox 486 660 595 707; x_wconf 89' lang='lat' dir='ltr'>tenete</span> <span class='ocrx_word' id='word_1_12' title='bbox 621 648 743 728; x_wconf 85' lang='lat' dir='ltr'>possint</span> <span class='ocrx_word' id='word_1_13' title='bbox 767 660 798 709; x_wconf 93' lang='lat' dir='ltr'>et</span> <span class='ocrx_word' id='word_1_14' title='bbox 821 650 1011 728; x_wconf 87' lang='lat' dir='ltr'>gubernare.</span> 
     </span>
    </p>

    <p class='ocr_par' dir='ltr' id='par_1_2' title="bbox 112 751 1381 1456">
     <span class='ocr_line' id='line_1_3' title="bbox 224 751 1380 837; baseline 0.005 -25"><span class='ocrx_word' id='word_1_15' title='bbox 224 752 301 814; x_wconf 92' lang='lat' dir='ltr'>ltem</span> <span class='ocrx_word' id='word_1_16' title='bbox 328 751 492 814; x_wconf 86' lang='lat' dir='ltr'>Balthasar</span> <span class='ocrx_word' id='word_1_17' title='bbox 517 751 602 814; x_wconf 90' lang='lat' dir='ltr'>filius</span> <span class='ocrx_word' id='word_1_18' title='bbox 634 752 772 815; x_wconf 89' lang='lat' dir='ltr'>condam</span> <span class='ocrx_word' id='word_1_19' title='bbox 806 753 960 815; x_wconf 90' lang='lat' dir='ltr'>Johannis</span> <span class='ocrx_word' id='word_1_20' title='bbox 992 755 1173 817; x_wconf 75' lang='lat' dir='ltr'>stationarii</span> <span class='ocrx_word' id='word_1_21' title='bbox 1207 756 1380 837; x_wconf 90' lang='lat' dir='ltr'>quemdam</span> 
     </span>
     <span class='ocr_line' id='line_1_4' title="bbox 113 857 1379 941; baseline 0.003 -21"><span class='ocrx_word' id='word_1_22' title='bbox 113 857 253 920; x_wconf 86' lang='lat' dir='ltr'>fundum</span> <span class='ocrx_word' id='word_1_23' title='bbox 289 879 382 921; x_wconf 92' lang='lat' dir='ltr'>suum</span> <span class='ocrx_word' id='word_1_24' title='bbox 408 860 504 921; x_wconf 91' lang='lat' dir='ltr'>unius</span> <span class='ocrx_word' id='word_1_25' title='bbox 535 874 645 941; x_wconf 90' lang='lat' dir='ltr'>quarte</span> <span class='ocrx_word' id='word_1_26' title='bbox 679 861 765 922; x_wconf 91' lang='lat' dir='ltr'>curie</span> <span class='ocrx_word' id='word_1_27' title='bbox 798 861 830 921; x_wconf 93' lang='lat' dir='ltr'>in</span> <span class='ocrx_word' id='word_1_28' title='bbox 863 861 946 923; x_wconf 90' lang='lat' dir='ltr'>dicta</span> <span class='ocrx_word' id='word_1_29' title='bbox 978 862 1105 924; x_wconf 89' lang='lat' dir='ltr'>civitate</span> <span class='ocrx_word' id='word_1_30' title='bbox 1129 876 1213 924; x_wconf 90' lang='lat' dir='ltr'>retro</span> <span class='ocrx_word' id='word_1_31' title='bbox 1247 864 1379 924; x_wconf 91' lang='lat' dir='ltr'>domum</span> 
     </span>
     <span class='ocr_line' id='line_1_5' title="bbox 115 966 1380 1049; baseline 0.003 -23"><span class='ocrx_word' id='word_1_32' title='bbox 115 966 284 1028; x_wconf 86' lang='lat' dir='ltr'>Benedicti</span> <span class='ocrx_word' id='word_1_33' title='bbox 311 966 350 1028; x_wconf 92' lang='lat' dir='ltr'>de</span> <span class='ocrx_word' id='word_1_34' title='bbox 376 966 624 1049; x_wconf 81' lang='lat' dir='ltr'>Symowchinch</span> <span class='ocrx_word' id='word_1_35' title='bbox 648 987 683 1027; x_wconf 89' lang='lat' dir='ltr'>ac</span> <span class='ocrx_word' id='word_1_36' title='bbox 708 967 790 1029; x_wconf 90' lang='lat' dir='ltr'>inter</span> <span class='ocrx_word' id='word_1_37' title='bbox 814 967 929 1029; x_wconf 91' lang='lat' dir='ltr'>domos</span> <span class='ocrx_word' id='word_1_38' title='bbox 957 969 1133 1030; x_wconf 89' lang='lat' dir='ltr'>liberorum</span> <span class='ocrx_word' id='word_1_39' title='bbox 1159 969 1296 1030; x_wconf 90' lang='lat' dir='ltr'>condam</span> <span class='ocrx_word' id='word_1_40' title='bbox 1321 969 1380 1030; x_wconf 90' lang='lat' dir='ltr'>Mi-</span> 
     </span>
     <span class='ocr_line' id='line_1_6' title="bbox 114 1071 1381 1157; baseline 0.002 -24"><span class='ocrx_word' id='word_1_41' title='bbox 114 1072 237 1134; x_wconf 91' lang='lat' dir='ltr'>chaelis</span> <span class='ocrx_word' id='word_1_42' title='bbox 262 1072 377 1153; x_wconf 76' lang='lat' dir='ltr'>iudicis</span> <span class='ocrx_word' id='word_1_43' title='bbox 401 1071 458 1134; x_wconf 87' lang='lat' dir='ltr'>filii</span> <span class='ocrx_word' id='word_1_44' title='bbox 477 1072 629 1157; x_wconf 87' lang='lat' dir='ltr'>Symonis</span> <span class='ocrx_word' id='word_1_45' title='bbox 653 1087 683 1134; x_wconf 94' lang='lat' dir='ltr'>et</span> <span class='ocrx_word' id='word_1_46' title='bbox 700 1073 862 1135; x_wconf 89' lang='lat' dir='ltr'>Valentini</span> <span class='ocrx_word' id='word_1_47' title='bbox 888 1074 926 1135; x_wconf 90' lang='lat' dir='ltr'>de</span> <span class='ocrx_word' id='word_1_48' title='bbox 953 1075 1085 1136; x_wconf 72' lang='lat' dir='ltr'>llaboch</span> <span class='ocrx_word' id='word_1_49' title='bbox 1109 1074 1265 1153; x_wconf 89' lang='lat' dir='ltr'>habitum,</span> <span class='ocrx_word' id='word_1_50' title='bbox 1284 1095 1381 1136; x_wconf 90' lang='lat' dir='ltr'>unam</span> 
     </span>
     <span class='ocr_line' id='line_1_7' title="bbox 112 1179 1381 1263; baseline 0.001 -21"><span class='ocrx_word' id='word_1_51' title='bbox 112 1194 260 1262; x_wconf 85' lang='lat' dir='ltr'>quartam</span> <span class='ocrx_word' id='word_1_52' title='bbox 286 1181 374 1242; x_wconf 86' lang='lat' dir='ltr'>curie</span> <span class='ocrx_word' id='word_1_53' title='bbox 399 1180 430 1241; x_wconf 93' lang='lat' dir='ltr'>in</span> <span class='ocrx_word' id='word_1_54' title='bbox 456 1200 488 1241; x_wconf 88' lang='lat' dir='ltr'>se</span> <span class='ocrx_word' id='word_1_55' title='bbox 507 1180 711 1258; x_wconf 86' lang='lat' dir='ltr'>retinentem,</span> <span class='ocrx_word' id='word_1_56' title='bbox 736 1194 771 1242; x_wconf 91' lang='lat' dir='ltr'>ut</span> <span class='ocrx_word' id='word_1_57' title='bbox 787 1179 955 1263; x_wconf 83' lang='lat' dir='ltr'>prefertur,</span> <span class='ocrx_word' id='word_1_58' title='bbox 972 1182 1146 1243; x_wconf 87' lang='lat' dir='ltr'>Valentino</span> <span class='ocrx_word' id='word_1_59' title='bbox 1170 1182 1296 1243; x_wconf 89' lang='lat' dir='ltr'>literato</span> <span class='ocrx_word' id='word_1_60' title='bbox 1313 1181 1381 1243; x_wconf 90' lang='lat' dir='ltr'>filio</span> 
     </span>
     <span class='ocr_line' id='line_1_8' title="bbox 112 1286 1379 1371; baseline 0 -22"><span class='ocrx_word' id='word_1_61' title='bbox 112 1286 227 1370; x_wconf 87' lang='lat' dir='ltr'>prefati</span> <span class='ocrx_word' id='word_1_62' title='bbox 255 1287 421 1349; x_wconf 85' lang='lat' dir='ltr'>Michaelis</span> <span class='ocrx_word' id='word_1_63' title='bbox 444 1287 559 1368; x_wconf 85' lang='lat' dir='ltr'>judicis</span> <span class='ocrx_word' id='word_1_64' title='bbox 584 1306 642 1369; x_wconf 91' lang='lat' dir='ltr'>pro</span> <span class='ocrx_word' id='word_1_65' title='bbox 669 1287 796 1349; x_wconf 91' lang='lat' dir='ltr'>duobus</span> <span class='ocrx_word' id='word_1_66' title='bbox 831 1287 899 1350; x_wconf 85' lang='lat' dir='ltr'>flor.</span> <span class='ocrx_word' id='word_1_67' title='bbox 925 1288 1071 1350; x_wconf 92' lang='lat' dir='ltr'>vendidit</span> <span class='ocrx_word' id='word_1_68' title='bbox 1095 1304 1253 1371; x_wconf 91' lang='lat' dir='ltr'>perpetuo</span> <span class='ocrx_word' id='word_1_69' title='bbox 1278 1289 1379 1371; x_wconf 87' lang='lat' dir='ltr'>possi·</span> 
     </span>
     <span class='ocr_line' id='line_1_9' title="bbox 112 1395 269 1456; baseline 0.006 -1"><span class='ocrx_word' id='word_1_70' title='bbox 112 1395 269 1456; x_wconf 86' lang='lat' dir='ltr'>dendum.</span> 
     </span>
    </p>

    <p class='ocr_par' dir='ltr' id='par_1_3' title="bbox 109 1499 1379 2631">
     <span class='ocr_line' id='line_1_10' title="bbox 221 1499 1379 1583; baseline 0.001 -21"><span class='ocrx_word' id='word_1_71' title='bbox 221 1502 299 1563; x_wconf 87' lang='lat' dir='ltr'>ltem</span> <span class='ocrx_word' id='word_1_72' title='bbox 333 1502 549 1563; x_wconf 91' lang='lat' dir='ltr'>communitas</span> <span class='ocrx_word' id='word_1_73' title='bbox 580 1502 743 1583; x_wconf 90' lang='lat' dir='ltr'>quendam</span> <span class='ocrx_word' id='word_1_74' title='bbox 775 1499 912 1564; x_wconf 89' lang='lat' dir='ltr'>fundum</span> <span class='ocrx_word' id='word_1_75' title='bbox 946 1522 1082 1564; x_wconf 89' lang='lat' dir='ltr'>vacuum</span> <span class='ocrx_word' id='word_1_76' title='bbox 1117 1501 1254 1563; x_wconf 89' lang='lat' dir='ltr'>condam</span> <span class='ocrx_word' id='word_1_77' title='bbox 1279 1502 1379 1563; x_wconf 90' lang='lat' dir='ltr'>Bene·</span> 
     </span>
     <span class='ocr_line' id='line_1_11' title="bbox 111 1605 1379 1693; baseline 0 -24"><span class='ocrx_word' id='word_1_78' title='bbox 111 1609 189 1669; x_wconf 89' lang='lat' dir='ltr'>dicti</span> <span class='ocrx_word' id='word_1_79' title='bbox 216 1608 425 1686; x_wconf 84' lang='lat' dir='ltr'>Mozlawech,</span> <span class='ocrx_word' id='word_1_80' title='bbox 449 1605 555 1670; x_wconf 88' lang='lat' dir='ltr'>fratris</span> <span class='ocrx_word' id='word_1_81' title='bbox 580 1608 725 1693; x_wconf 88' lang='lat' dir='ltr'>Dyonisii</span> <span class='ocrx_word' id='word_1_82' title='bbox 752 1608 954 1686; x_wconf 87' lang='lat' dir='ltr'>Mozlauech,</span> <span class='ocrx_word' id='word_1_83' title='bbox 979 1609 1010 1669; x_wconf 91' lang='lat' dir='ltr'>in</span> <span class='ocrx_word' id='word_1_84' title='bbox 1036 1609 1120 1669; x_wconf 92' lang='lat' dir='ltr'>dicta</span> <span class='ocrx_word' id='word_1_85' title='bbox 1145 1609 1273 1671; x_wconf 89' lang='lat' dir='ltr'>civitate</span> <span class='ocrx_word' id='word_1_86' title='bbox 1297 1609 1379 1670; x_wconf 91' lang='lat' dir='ltr'>inter</span> 
     </span>
     <span class='ocr_line' id='line_1_12' title="bbox 111 1713 1377 1796; baseline -0.001 -19"><span class='ocrx_word' id='word_1_87' title='bbox 111 1713 231 1777; x_wconf 87' lang='lat' dir='ltr'>fundos</span> <span class='ocrx_word' id='word_1_88' title='bbox 255 1730 285 1776; x_wconf 91' lang='lat' dir='ltr'>et</span> <span class='ocrx_word' id='word_1_89' title='bbox 310 1715 425 1777; x_wconf 91' lang='lat' dir='ltr'>domos</span> <span class='ocrx_word' id='word_1_90' title='bbox 450 1715 605 1776; x_wconf 88' lang='lat' dir='ltr'>Johannis</span> <span class='ocrx_word' id='word_1_91' title='bbox 629 1715 669 1775; x_wconf 94' lang='lat' dir='ltr'>de</span> <span class='ocrx_word' id='word_1_92' title='bbox 694 1714 851 1793; x_wconf 87' lang='lat' dir='ltr'>Chichan,</span> <span class='ocrx_word' id='word_1_93' title='bbox 879 1716 919 1775; x_wconf 91' lang='lat' dir='ltr'>ab</span> <span class='ocrx_word' id='word_1_94' title='bbox 945 1735 1019 1794; x_wconf 91' lang='lat' dir='ltr'>una,</span> <span class='ocrx_word' id='word_1_95' title='bbox 1044 1730 1074 1776; x_wconf 90' lang='lat' dir='ltr'>et</span> <span class='ocrx_word' id='word_1_96' title='bbox 1099 1730 1188 1796; x_wconf 90' lang='lat' dir='ltr'>parte</span> <span class='ocrx_word' id='word_1_97' title='bbox 1212 1717 1252 1776; x_wconf 88' lang='lat' dir='ltr'>ab</span> <span class='ocrx_word' id='word_1_98' title='bbox 1277 1716 1377 1776; x_wconf 88' lang='lat' dir='ltr'>altera</span> 
     </span>
     <span class='ocr_line' id='line_1_13' title="bbox 112 1821 1379 1904; baseline 0.001 -21"><span class='ocrx_word' id='word_1_99' title='bbox 112 1821 244 1904; x_wconf 81' lang='lat' dir='ltr'>Mathye</span> <span class='ocrx_word' id='word_1_100' title='bbox 270 1821 449 1904; x_wconf 89' lang='lat' dir='ltr'>Pykuthich</span> <span class='ocrx_word' id='word_1_101' title='bbox 475 1837 505 1882; x_wconf 93' lang='lat' dir='ltr'>et</span> <span class='ocrx_word' id='word_1_102' title='bbox 530 1822 640 1883; x_wconf 86' lang='lat' dir='ltr'>Jacobi</span> <span class='ocrx_word' id='word_1_103' title='bbox 667 1822 878 1900; x_wconf 80' lang='lat' dir='ltr'>Klolcochich,</span> <span class='ocrx_word' id='word_1_104' title='bbox 913 1842 971 1883; x_wconf 91' lang='lat' dir='ltr'>nec</span> <span class='ocrx_word' id='word_1_105' title='bbox 996 1843 1060 1884; x_wconf 94' lang='lat' dir='ltr'>non</span> <span class='ocrx_word' id='word_1_106' title='bbox 1085 1824 1167 1885; x_wconf 90' lang='lat' dir='ltr'>inter</span> <span class='ocrx_word' id='word_1_107' title='bbox 1190 1824 1323 1884; x_wconf 90' lang='lat' dir='ltr'>domum</span> <span class='ocrx_word' id='word_1_108' title='bbox 1349 1838 1379 1884; x_wconf 89' lang='lat' dir='ltr'>et</span> 
     </span>
     <span class='ocr_line' id='line_1_14' title="bbox 111 1927 1377 2012; baseline 0.001 -23"><span class='ocrx_word' id='word_1_109' title='bbox 111 1929 250 1990; x_wconf 91' lang='lat' dir='ltr'>fundum</span> <span class='ocrx_word' id='word_1_110' title='bbox 270 1927 382 2011; x_wconf 90' lang='lat' dir='ltr'>prefati</span> <span class='ocrx_word' id='word_1_111' title='bbox 402 1929 549 2012; x_wconf 85' lang='lat' dir='ltr'>Dyonisii</span> <span class='ocrx_word' id='word_1_112' title='bbox 569 1928 757 1991; x_wconf 88' lang='lat' dir='ltr'>Mozlauech</span> <span class='ocrx_word' id='word_1_113' title='bbox 783 1943 906 2010; x_wconf 87' lang='lat' dir='ltr'>aparte</span> <span class='ocrx_word' id='word_1_114' title='bbox 923 1930 1093 2010; x_wconf 83' lang='lat' dir='ltr'>posteriori</span> <span class='ocrx_word' id='word_1_115' title='bbox 1111 1929 1263 2008; x_wconf 87' lang='lat' dir='ltr'>habitam,</span> <span class='ocrx_word' id='word_1_116' title='bbox 1280 1949 1377 1991; x_wconf 89' lang='lat' dir='ltr'>unam</span> 
     </span>
     <span class='ocr_line' id='line_1_15' title="bbox 111 2036 1378 2118; baseline 0 -22"><span class='ocrx_word' id='word_1_117' title='bbox 111 2048 258 2118; x_wconf 88' lang='lat' dir='ltr'>quartam</span> <span class='ocrx_word' id='word_1_118' title='bbox 293 2037 380 2097; x_wconf 91' lang='lat' dir='ltr'>curie</span> <span class='ocrx_word' id='word_1_119' title='bbox 413 2037 445 2097; x_wconf 94' lang='lat' dir='ltr'>in</span> <span class='ocrx_word' id='word_1_120' title='bbox 478 2056 510 2096; x_wconf 93' lang='lat' dir='ltr'>se</span> <span class='ocrx_word' id='word_1_121' title='bbox 544 2036 746 2113; x_wconf 89' lang='lat' dir='ltr'>retinentem,</span> <span class='ocrx_word' id='word_1_122' title='bbox 778 2055 873 2116; x_wconf 87' lang='lat' dir='ltr'>super</span> <span class='ocrx_word' id='word_1_123' title='bbox 905 2037 1170 2098; x_wconf 87' lang='lat' dir='ltr'>communitatem</span> <span class='ocrx_word' id='word_1_124' title='bbox 1203 2056 1262 2118; x_wconf 92' lang='lat' dir='ltr'>pro</span> <span class='ocrx_word' id='word_1_125' title='bbox 1285 2036 1378 2098; x_wconf 88' lang='lat' dir='ltr'>certis</span> 
     </span>
     <span class='ocr_line' id='line_1_16' title="bbox 111 2141 1377 2224; baseline 0.001 -21"><span class='ocrx_word' id='word_1_126' title='bbox 111 2141 279 2203; x_wconf 88' lang='lat' dir='ltr'>maleficiis</span> <span class='ocrx_word' id='word_1_127' title='bbox 304 2144 403 2224; x_wconf 87' lang='lat' dir='ltr'>ipsius</span> <span class='ocrx_word' id='word_1_128' title='bbox 422 2143 586 2203; x_wconf 88' lang='lat' dir='ltr'>Benedicti</span> <span class='ocrx_word' id='word_1_129' title='bbox 615 2162 672 2224; x_wconf 91' lang='lat' dir='ltr'>pro</span> <span class='ocrx_word' id='word_1_130' title='bbox 702 2142 820 2223; x_wconf 90' lang='lat' dir='ltr'>quibus</span> <span class='ocrx_word' id='word_1_131' title='bbox 845 2141 930 2202; x_wconf 88' lang='lat' dir='ltr'>idem</span> <span class='ocrx_word' id='word_1_132' title='bbox 948 2142 987 2203; x_wconf 89' lang='lat' dir='ltr'>de</span> <span class='ocrx_word' id='word_1_133' title='bbox 1005 2143 1132 2204; x_wconf 90' lang='lat' dir='ltr'>civitate</span> <span class='ocrx_word' id='word_1_134' title='bbox 1156 2158 1187 2205; x_wconf 89' lang='lat' dir='ltr'>et</span> <span class='ocrx_word' id='word_1_135' title='bbox 1203 2144 1272 2205; x_wconf 89' lang='lat' dir='ltr'>eius</span> <span class='ocrx_word' id='word_1_136' title='bbox 1287 2142 1377 2205; x_wconf 90' lang='lat' dir='ltr'>terri·</span> 
     </span>
     <span class='ocr_line' id='line_1_17' title="bbox 115 2246 1376 2330; baseline 0.002 -22"><span class='ocrx_word' id='word_1_137' title='bbox 115 2249 201 2308; x_wconf 92' lang='lat' dir='ltr'>torio</span> <span class='ocrx_word' id='word_1_138' title='bbox 228 2249 424 2310; x_wconf 88' lang='lat' dir='ltr'>clandestine</span> <span class='ocrx_word' id='word_1_139' title='bbox 443 2246 577 2329; x_wconf 83' lang='lat' dir='ltr'>aufugit,</span> <span class='ocrx_word' id='word_1_140' title='bbox 608 2268 644 2309; x_wconf 87' lang='lat' dir='ltr'>ac</span> <span class='ocrx_word' id='word_1_141' title='bbox 669 2268 726 2330; x_wconf 88' lang='lat' dir='ltr'>pro</span> <span class='ocrx_word' id='word_1_142' title='bbox 752 2267 815 2309; x_wconf 91' lang='lat' dir='ltr'>non</span> <span class='ocrx_word' id='word_1_143' title='bbox 845 2248 1011 2310; x_wconf 88' lang='lat' dir='ltr'>solucione</span> <span class='ocrx_word' id='word_1_144' title='bbox 1043 2248 1206 2311; x_wconf 91' lang='lat' dir='ltr'>daciotum</span> <span class='ocrx_word' id='word_1_145' title='bbox 1238 2248 1376 2310; x_wconf 86' lang='lat' dir='ltr'>aliorum</span> 
     </span>
     <span class='ocr_line' id='line_1_18' title="bbox 111 2355 1375 2438; baseline 0 -21"><span class='ocrx_word' id='word_1_146' title='bbox 111 2357 295 2418; x_wconf 90' lang='lat' dir='ltr'>debitorum</span> <span class='ocrx_word' id='word_1_147' title='bbox 322 2372 349 2417; x_wconf 89' lang='lat' dir='ltr'>et</span> <span class='ocrx_word' id='word_1_148' title='bbox 369 2371 627 2438; x_wconf 91' lang='lat' dir='ltr'>opportunorum</span> <span class='ocrx_word' id='word_1_149' title='bbox 645 2355 855 2416; x_wconf 90' lang='lat' dir='ltr'>serviciorum</span> <span class='ocrx_word' id='word_1_150' title='bbox 876 2375 971 2436; x_wconf 90' lang='lat' dir='ltr'>super</span> <span class='ocrx_word' id='word_1_151' title='bbox 989 2357 1253 2416; x_wconf 88' lang='lat' dir='ltr'>communitatem</span> <span class='ocrx_word' id='word_1_152' title='bbox 1278 2355 1375 2418; x_wconf 89' lang='lat' dir='ltr'>devo-</span> 
     </span>
     <span class='ocr_line' id='line_1_19' title="bbox 110 2461 1375 2544; baseline 0 -20"><span class='ocrx_word' id='word_1_153' title='bbox 110 2464 227 2541; x_wconf 91' lang='lat' dir='ltr'>lutum,</span> <span class='ocrx_word' id='word_1_154' title='bbox 263 2462 421 2544; x_wconf 87' lang='lat' dir='ltr'>Gregorio</span> <span class='ocrx_word' id='word_1_155' title='bbox 453 2461 520 2523; x_wconf 89' lang='lat' dir='ltr'>filio</span> <span class='ocrx_word' id='word_1_156' title='bbox 554 2461 693 2544; x_wconf 85' lang='lat' dir='ltr'>Philippi</span> <span class='ocrx_word' id='word_1_157' title='bbox 728 2481 813 2522; x_wconf 82' lang='lat' dir='ltr'>novo</span> <span class='ocrx_word' id='word_1_158' title='bbox 845 2462 969 2523; x_wconf 91' lang='lat' dir='ltr'>concivi</span> <span class='ocrx_word' id='word_1_159' title='bbox 1003 2476 1111 2523; x_wconf 91' lang='lat' dir='ltr'>nostro</span> <span class='ocrx_word' id='word_1_160' title='bbox 1143 2480 1201 2543; x_wconf 91' lang='lat' dir='ltr'>pro</span> <span class='ocrx_word' id='word_1_161' title='bbox 1232 2462 1375 2543; x_wconf 89' lang='lat' dir='ltr'>persolu-</span> 
     </span>
     <span class='ocr_line' id='line_1_20' title="bbox 109 2567 1374 2631; baseline 0.002 -2"><span class='ocrx_word' id='word_1_162' title='bbox 109 2570 203 2629; x_wconf 88' lang='lat' dir='ltr'>cione</span> <span class='ocrx_word' id='word_1_163' title='bbox 231 2569 396 2631; x_wconf 90' lang='lat' dir='ltr'>daciorum</span> <span class='ocrx_word' id='word_1_164' title='bbox 422 2583 453 2631; x_wconf 91' lang='lat' dir='ltr'>et</span> <span class='ocrx_word' id='word_1_165' title='bbox 477 2569 615 2629; x_wconf 90' lang='lat' dir='ltr'>aliorum</span> <span class='ocrx_word' id='word_1_166' title='bbox 640 2568 824 2629; x_wconf 89' lang='lat' dir='ltr'>debitorum</span> <span class='ocrx_word' id='word_1_167' title='bbox 842 2567 1050 2628; x_wconf 84' lang='lat' dir='ltr'>serviciorum</span> <span class='ocrx_word' id='word_1_168' title='bbox 1075 2568 1298 2630; x_wconf 88' lang='lat' dir='ltr'>communium</span> <span class='ocrx_word' id='word_1_169' title='bbox 1323 2590 1374 2631; x_wconf 84' lang='lat' dir='ltr'>ex-</span> 
     </span>
    </p>
   </div>
   <div class='ocr_carea' id='block_1_2' title="bbox 107 2674 1374 3058">
    <p class='ocr_par' dir='ltr' id='par_1_4' title="bbox 109 2674 877 2757">
     <span class='ocr_line' id='line_1_21' title="bbox 109 2674 877 2757; baseline 0.003 -21"><span class='ocrx_word' id='word_1_170' title='bbox 109 2676 258 2757; x_wconf 90' lang='lat' dir='ltr'>plecione</span> <span class='ocrx_word' id='word_1_171' title='bbox 283 2675 430 2736; x_wconf 83' lang='lat' dir='ltr'>vendidit</span> <span class='ocrx_word' id='word_1_172' title='bbox 454 2690 611 2757; x_wconf 88' lang='lat' dir='ltr'>perpetuo</span> <span class='ocrx_word' id='word_1_173' title='bbox 635 2674 877 2757; x_wconf 90' lang='lat' dir='ltr'>possidendum.</span> 
     </span>
    </p>

    <p class='ocr_par' dir='ltr' id='par_1_5' title="bbox 107 2779 1374 3058">
     <span class='ocr_line' id='line_1_22' title="bbox 216 2779 1373 2864; baseline 0.003 -23"><span class='ocrx_word' id='word_1_174' title='bbox 216 2781 294 2842; x_wconf 90' lang='lat' dir='ltr'>ltern</span> <span class='ocrx_word' id='word_1_175' title='bbox 320 2782 420 2842; x_wconf 86' lang='lat' dir='ltr'>Elena</span> <span class='ocrx_word' id='word_1_176' title='bbox 446 2782 554 2843; x_wconf 86' lang='lat' dir='ltr'>relicta</span> <span class='ocrx_word' id='word_1_177' title='bbox 572 2780 710 2841; x_wconf 90' lang='lat' dir='ltr'>condam</span> <span class='ocrx_word' id='word_1_178' title='bbox 736 2780 875 2861; x_wconf 88' lang='lat' dir='ltr'>Philippi</span> <span class='ocrx_word' id='word_1_179' title='bbox 894 2781 1023 2842; x_wconf 86' lang='lat' dir='ltr'>sartoris</span> <span class='ocrx_word' id='word_1_180' title='bbox 1039 2779 1096 2841; x_wconf 91' lang='lat' dir='ltr'>filii</span> <span class='ocrx_word' id='word_1_181' title='bbox 1114 2781 1237 2864; x_wconf 90' lang='lat' dir='ltr'>Woyn,</span> <span class='ocrx_word' id='word_1_182' title='bbox 1253 2783 1373 2845; x_wconf 86' lang='lat' dir='ltr'>medie·</span> 
     </span>
     <span class='ocr_line' id='line_1_23' title="bbox 107 2883 1372 2969; baseline 0.001 -19"><span class='ocrx_word' id='word_1_183' title='bbox 107 2903 206 2950; x_wconf 90' lang='lat' dir='ltr'>tatem</span> <span class='ocrx_word' id='word_1_184' title='bbox 232 2904 350 2949; x_wconf 89' lang='lat' dir='ltr'>rectam</span> <span class='ocrx_word' id='word_1_185' title='bbox 377 2903 406 2948; x_wconf 89' lang='lat' dir='ltr'>et</span> <span class='ocrx_word' id='word_1_186' title='bbox 431 2888 580 2969; x_wconf 90' lang='lat' dir='ltr'>equalem</span> <span class='ocrx_word' id='word_1_187' title='bbox 614 2886 780 2948; x_wconf 89' lang='lat' dir='ltr'>cuiusdam</span> <span class='ocrx_word' id='word_1_188' title='bbox 814 2886 941 2963; x_wconf 91' lang='lat' dir='ltr'>domus,</span> <span class='ocrx_word' id='word_1_189' title='bbox 972 2883 1063 2946; x_wconf 89' lang='lat' dir='ltr'>fundi</span> <span class='ocrx_word' id='word_1_190' title='bbox 1096 2900 1127 2947; x_wconf 92' lang='lat' dir='ltr'>et</span> <span class='ocrx_word' id='word_1_191' title='bbox 1150 2886 1372 2951; x_wconf 86' lang='lat' dir='ltr'>hedificiorum</span> 
     </span>
     <span class='ocr_line' id='line_1_24' title="bbox 111 2991 1374 3058; baseline 0.002 -2"><span class='ocrx_word' id='word_1_192' title='bbox 111 2997 143 3056; x_wconf 93' lang='lat' dir='ltr'>in</span> <span class='ocrx_word' id='word_1_193' title='bbox 169 2994 254 3056; x_wconf 89' lang='lat' dir='ltr'>dicta</span> <span class='ocrx_word' id='word_1_194' title='bbox 285 2995 412 3056; x_wconf 90' lang='lat' dir='ltr'>civitate</span> <span class='ocrx_word' id='word_1_195' title='bbox 438 2995 520 3056; x_wconf 90' lang='lat' dir='ltr'>inter</span> <span class='ocrx_word' id='word_1_196' title='bbox 552 2995 667 3055; x_wconf 90' lang='lat' dir='ltr'>domos</span> <span class='ocrx_word' id='word_1_197' title='bbox 691 3006 721 3054; x_wconf 93' lang='lat' dir='ltr'>et</span> <span class='ocrx_word' id='word_1_198' title='bbox 754 2993 857 3053; x_wconf 90' lang='lat' dir='ltr'>curias</span> <span class='ocrx_word' id='word_1_199' title='bbox 881 2992 1009 3054; x_wconf 91' lang='lat' dir='ltr'>Thome</span> <span class='ocrx_word' id='word_1_200' title='bbox 1035 2991 1188 3055; x_wconf 88' lang='lat' dir='ltr'>Ochwirk</span> <span class='ocrx_word' id='word_1_201' title='bbox 1220 3008 1251 3056; x_wconf 92' lang='lat' dir='ltr'>et</span> <span class='ocrx_word' id='word_1_202' title='bbox 1274 2996 1374 3058; x_wconf 86' lang='lat' dir='ltr'>Marci</span> 
     </span>
    </p>
   </div>
   <div class='ocr_carea' id='block_1_3' title="bbox 105 3100 1374 4888">
    <p class='ocr_par' dir='ltr' id='par_1_6' title="bbox 106 3100 1373 3502">
     <span class='ocr_line' id='line_1_25' title="bbox 108 3100 1373 3183; baseline 0.002 -19"><span class='ocrx_word' id='word_1_203' title='bbox 108 3102 242 3164; x_wconf 90' lang='lat' dir='ltr'>cultoris</span> <span class='ocrx_word' id='word_1_204' title='bbox 267 3101 419 3163; x_wconf 88' lang='lat' dir='ltr'>Zwechar</span> <span class='ocrx_word' id='word_1_205' title='bbox 445 3102 520 3163; x_wconf 92' lang='lat' dir='ltr'>dicti</span> <span class='ocrx_word' id='word_1_206' title='bbox 547 3101 665 3178; x_wconf 87' lang='lat' dir='ltr'>habite,</span> <span class='ocrx_word' id='word_1_207' title='bbox 691 3121 787 3161; x_wconf 91' lang='lat' dir='ltr'>unam</span> <span class='ocrx_word' id='word_1_208' title='bbox 807 3100 1032 3161; x_wconf 92' lang='lat' dir='ltr'>tantummodo</span> <span class='ocrx_word' id='word_1_209' title='bbox 1058 3115 1205 3183; x_wconf 88' lang='lat' dir='ltr'>quartam</span> <span class='ocrx_word' id='word_1_210' title='bbox 1229 3103 1316 3165; x_wconf 92' lang='lat' dir='ltr'>curie</span> <span class='ocrx_word' id='word_1_211' title='bbox 1342 3105 1373 3166; x_wconf 90' lang='lat' dir='ltr'>in</span> 
     </span>
     <span class='ocr_line' id='line_1_26' title="bbox 106 3207 1373 3290; baseline 0.002 -20"><span class='ocrx_word' id='word_1_212' title='bbox 106 3229 140 3270; x_wconf 91' lang='lat' dir='ltr'>se</span> <span class='ocrx_word' id='word_1_213' title='bbox 174 3210 376 3286; x_wconf 90' lang='lat' dir='ltr'>retinentem,</span> <span class='ocrx_word' id='word_1_214' title='bbox 407 3207 566 3289; x_wconf 83' lang='lat' dir='ltr'>Gregorio</span> <span class='ocrx_word' id='word_1_215' title='bbox 598 3208 665 3269; x_wconf 91' lang='lat' dir='ltr'>filio</span> <span class='ocrx_word' id='word_1_216' title='bbox 695 3208 823 3269; x_wconf 85' lang='lat' dir='ltr'>Andree</span> <span class='ocrx_word' id='word_1_217' title='bbox 856 3207 894 3267; x_wconf 93' lang='lat' dir='ltr'>de</span> <span class='ocrx_word' id='word_1_218' title='bbox 920 3208 1065 3290; x_wconf 86' lang='lat' dir='ltr'>Kassyna</span> <span class='ocrx_word' id='word_1_219' title='bbox 1088 3228 1208 3289; x_wconf 81' lang='lat' dir='ltr'>genero</span> <span class='ocrx_word' id='word_1_220' title='bbox 1232 3229 1291 3271; x_wconf 86' lang='lat' dir='ltr'>suo</span> <span class='ocrx_word' id='word_1_221' title='bbox 1315 3211 1373 3272; x_wconf 89' lang='lat' dir='ltr'>do·</span> 
     </span>
     <span class='ocr_line' id='line_1_27' title="bbox 109 3314 1373 3398; baseline 0.002 -22"><span class='ocrx_word' id='word_1_222' title='bbox 109 3315 198 3377; x_wconf 87' lang='lat' dir='ltr'>navit</span> <span class='ocrx_word' id='word_1_223' title='bbox 222 3328 379 3397; x_wconf 90' lang='lat' dir='ltr'>perpetuo</span> <span class='ocrx_word' id='word_1_224' title='bbox 413 3315 653 3396; x_wconf 87' lang='lat' dir='ltr'>possidendam,</span> <span class='ocrx_word' id='word_1_225' title='bbox 685 3315 734 3375; x_wconf 90' lang='lat' dir='ltr'>cui</span> <span class='ocrx_word' id='word_1_226' title='bbox 770 3315 860 3375; x_wconf 91' lang='lat' dir='ltr'>litera</span> <span class='ocrx_word' id='word_1_227' title='bbox 892 3314 1065 3394; x_wconf 88' lang='lat' dir='ltr'>superinde</span> <span class='ocrx_word' id='word_1_228' title='bbox 1099 3328 1144 3377; x_wconf 88' lang='lat' dir='ltr'>est</span> <span class='ocrx_word' id='word_1_229' title='bbox 1168 3335 1242 3377; x_wconf 92' lang='lat' dir='ltr'>cum</span> <span class='ocrx_word' id='word_1_230' title='bbox 1266 3316 1373 3398; x_wconf 80' lang='lat' dir='ltr'>sigillo</span> 
     </span>
     <span class='ocr_line' id='line_1_28' title="bbox 107 3421 522 3502; baseline 0 -19"><span class='ocrx_word' id='word_1_231' title='bbox 107 3422 349 3484; x_wconf 89' lang='lat' dir='ltr'>communitatis</span> <span class='ocrx_word' id='word_1_232' title='bbox 372 3421 522 3502; x_wconf 87' lang='lat' dir='ltr'>sigillata.</span> 
     </span>
    </p>

    <p class='ocr_par' dir='ltr' id='par_1_7' title="bbox 107 3524 1374 4141">
     <span class='ocr_line' id='line_1_29' title="bbox 214 3524 1373 3590; baseline 0.003 -3"><span class='ocrx_word' id='word_1_233' title='bbox 214 3527 291 3589; x_wconf 91' lang='lat' dir='ltr'>ltem</span> <span class='ocrx_word' id='word_1_234' title='bbox 318 3527 488 3588; x_wconf 89' lang='lat' dir='ltr'>Ladislaus</span> <span class='ocrx_word' id='word_1_235' title='bbox 513 3526 675 3588; x_wconf 83' lang='lat' dir='ltr'>aurifaber</span> <span class='ocrx_word' id='word_1_236' title='bbox 707 3542 737 3586; x_wconf 90' lang='lat' dir='ltr'>et</span> <span class='ocrx_word' id='word_1_237' title='bbox 763 3526 930 3587; x_wconf 87' lang='lat' dir='ltr'>Emericus</span> <span class='ocrx_word' id='word_1_238' title='bbox 961 3524 1108 3588; x_wconf 90' lang='lat' dir='ltr'>similiter</span> <span class='ocrx_word' id='word_1_239' title='bbox 1132 3526 1292 3590; x_wconf 89' lang='lat' dir='ltr'>aurifaber</span> <span class='ocrx_word' id='word_1_240' title='bbox 1315 3527 1373 3590; x_wconf 91' lang='lat' dir='ltr'>frlii</span> 
     </span>
     <span class='ocr_line' id='line_1_30' title="bbox 108 3631 1373 3715; baseline 0.001 -20"><span class='ocrx_word' id='word_1_241' title='bbox 108 3634 234 3695; x_wconf 91' lang='lat' dir='ltr'>Nicolai</span> <span class='ocrx_word' id='word_1_242' title='bbox 260 3633 425 3711; x_wconf 88' lang='lat' dir='ltr'>aurifabri,</span> <span class='ocrx_word' id='word_1_243' title='bbox 460 3634 622 3714; x_wconf 87' lang='lat' dir='ltr'>quandam</span> <span class='ocrx_word' id='word_1_244' title='bbox 657 3649 772 3695; x_wconf 87' lang='lat' dir='ltr'>terram</span> <span class='ocrx_word' id='word_1_245' title='bbox 806 3650 916 3693; x_wconf 91' lang='lat' dir='ltr'>eorum</span> <span class='ocrx_word' id='word_1_246' title='bbox 951 3631 1104 3692; x_wconf 88' lang='lat' dir='ltr'>arabilem</span> <span class='ocrx_word' id='word_1_247' title='bbox 1129 3633 1274 3715; x_wconf 90' lang='lat' dir='ltr'>quinque</span> <span class='ocrx_word' id='word_1_248' title='bbox 1306 3635 1373 3696; x_wconf 89' lang='lat' dir='ltr'>die·</span> 
     </span>
     <span class='ocr_line' id='line_1_31' title="bbox 107 3738 1374 3822; baseline 0.002 -21"><span class='ocrx_word' id='word_1_249' title='bbox 107 3756 211 3801; x_wconf 89' lang='lat' dir='ltr'>tarum</span> <span class='ocrx_word' id='word_1_250' title='bbox 238 3740 269 3800; x_wconf 92' lang='lat' dir='ltr'>in</span> <span class='ocrx_word' id='word_1_251' title='bbox 302 3759 418 3822; x_wconf 91' lang='lat' dir='ltr'>campo</span> <span class='ocrx_word' id='word_1_252' title='bbox 452 3740 588 3801; x_wconf 87' lang='lat' dir='ltr'>civitatis</span> <span class='ocrx_word' id='word_1_253' title='bbox 621 3741 651 3800; x_wconf 95' lang='lat' dir='ltr'>in</span> <span class='ocrx_word' id='word_1_254' title='bbox 679 3740 767 3820; x_wconf 80' lang='lat' dir='ltr'>Krog</span> <span class='ocrx_word' id='word_1_255' title='bbox 799 3739 881 3799; x_wconf 88' lang='lat' dir='ltr'>inter</span> <span class='ocrx_word' id='word_1_256' title='bbox 910 3752 1008 3799; x_wconf 90' lang='lat' dir='ltr'>terras</span> <span class='ocrx_word' id='word_1_257' title='bbox 1038 3738 1166 3821; x_wconf 88' lang='lat' dir='ltr'>Mathye</span> <span class='ocrx_word' id='word_1_258' title='bbox 1190 3741 1319 3802; x_wconf 89' lang='lat' dir='ltr'>sartoris</span> <span class='ocrx_word' id='word_1_259' title='bbox 1343 3756 1374 3804; x_wconf 93' lang='lat' dir='ltr'>et</span> 
     </span>
     <span class='ocr_line' id='line_1_32' title="bbox 108 3843 1372 3927; baseline 0.002 -21"><span class='ocrx_word' id='word_1_260' title='bbox 108 3846 271 3906; x_wconf 90' lang='lat' dir='ltr'>Dominici</span> <span class='ocrx_word' id='word_1_261' title='bbox 298 3844 467 3927; x_wconf 91' lang='lat' dir='ltr'>freniparis</span> <span class='ocrx_word' id='word_1_262' title='bbox 500 3845 652 3923; x_wconf 89' lang='lat' dir='ltr'>habitam,</span> <span class='ocrx_word' id='word_1_263' title='bbox 683 3866 720 3906; x_wconf 87' lang='lat' dir='ltr'>ex</span> <span class='ocrx_word' id='word_1_264' title='bbox 754 3863 911 3906; x_wconf 87' lang='lat' dir='ltr'>consensu</span> <span class='ocrx_word' id='word_1_265' title='bbox 945 3843 1123 3905; x_wconf 89' lang='lat' dir='ltr'>vicinorum</span> <span class='ocrx_word' id='word_1_266' title='bbox 1156 3846 1372 3927; x_wconf 89' lang='lat' dir='ltr'>predictorum</span> 
     </span>
     <span class='ocr_line' id='line_1_33' title="bbox 108 3951 1374 4034; baseline 0.004 -22"><span class='ocrx_word' id='word_1_267' title='bbox 108 3953 268 4034; x_wconf 82' lang='lat' dir='ltr'>Dyonisio</span> <span class='ocrx_word' id='word_1_268' title='bbox 293 3953 432 4013; x_wconf 91' lang='lat' dir='ltr'>institori</span> <span class='ocrx_word' id='word_1_269' title='bbox 458 3952 525 4014; x_wconf 89' lang='lat' dir='ltr'>lilio</span> <span class='ocrx_word' id='word_1_270' title='bbox 544 3952 676 4033; x_wconf 82' lang='lat' dir='ltr'>Georgii</span> <span class='ocrx_word' id='word_1_271' title='bbox 703 3972 760 4034; x_wconf 94' lang='lat' dir='ltr'>pro</span> <span class='ocrx_word' id='word_1_272' title='bbox 786 3951 1029 4034; x_wconf 88' lang='lat' dir='ltr'>quatuordecim</span> <span class='ocrx_word' id='word_1_273' title='bbox 1049 3951 1119 4014; x_wconf 65' lang='lat' dir='ltr'>flor</span> <span class='ocrx_word' id='word_1_274' title='bbox 1142 3954 1210 4014; x_wconf 91' lang='lat' dir='ltr'>auri</span> <span class='ocrx_word' id='word_1_275' title='bbox 1228 3954 1374 4018; x_wconf 89' lang='lat' dir='ltr'>vendidit</span> 
     </span>
     <span class='ocr_line' id='line_1_34' title="bbox 107 4059 530 4141; baseline -0.002 -21"><span class='ocrx_word' id='word_1_276' title='bbox 107 4073 264 4141; x_wconf 85' lang='lat' dir='ltr'>perpetuo</span> <span class='ocrx_word' id='word_1_277' title='bbox 291 4059 530 4140; x_wconf 90' lang='lat' dir='ltr'>possidendam.</span> 
     </span>
    </p>

    <p class='ocr_par' dir='ltr' id='par_1_8' title="bbox 105 4165 1372 4888">
     <span class='ocr_line' id='line_1_35' title="bbox 214 4165 1371 4246; baseline 0.003 -21"><span class='ocrx_word' id='word_1_278' title='bbox 214 4165 290 4226; x_wconf 91' lang='lat' dir='ltr'>ltem</span> <span class='ocrx_word' id='word_1_279' title='bbox 319 4166 508 4227; x_wconf 80' lang='lat' dir='ltr'>Ambrosius</span> <span class='ocrx_word' id='word_1_280' title='bbox 539 4165 623 4226; x_wconf 86' lang='lat' dir='ltr'>filius</span> <span class='ocrx_word' id='word_1_281' title='bbox 648 4166 826 4227; x_wconf 89' lang='lat' dir='ltr'>Clementis</span> <span class='ocrx_word' id='word_1_282' title='bbox 858 4167 1021 4242; x_wconf 89' lang='lat' dir='ltr'>institoris,</span> <span class='ocrx_word' id='word_1_283' title='bbox 1055 4166 1216 4246; x_wconf 88' lang='lat' dir='ltr'>quandam</span> <span class='ocrx_word' id='word_1_284' title='bbox 1244 4168 1371 4228; x_wconf 90' lang='lat' dir='ltr'>vineam</span> 
     </span>
     <span class='ocr_line' id='line_1_36' title="bbox 105 4271 1371 4335; baseline 0.002 -2"><span class='ocrx_word' id='word_1_285' title='bbox 105 4292 196 4333; x_wconf 87' lang='lat' dir='ltr'>suam</span> <span class='ocrx_word' id='word_1_286' title='bbox 232 4271 485 4333; x_wconf 86' lang='lat' dir='ltr'>Gochlewschak</span> <span class='ocrx_word' id='word_1_287' title='bbox 518 4287 662 4334; x_wconf 80' lang='lat' dir='ltr'>vocatam</span> <span class='ocrx_word' id='word_1_288' title='bbox 696 4274 727 4332; x_wconf 94' lang='lat' dir='ltr'>in</span> <span class='ocrx_word' id='word_1_289' title='bbox 760 4274 921 4335; x_wconf 91' lang='lat' dir='ltr'>territorio</span> <span class='ocrx_word' id='word_1_290' title='bbox 953 4274 1089 4334; x_wconf 82' lang='lat' dir='ltr'>civitatis</span> <span class='ocrx_word' id='word_1_291' title='bbox 1121 4292 1213 4333; x_wconf 85' lang='lat' dir='ltr'>secus</span> <span class='ocrx_word' id='word_1_292' title='bbox 1244 4274 1371 4335; x_wconf 87' lang='lat' dir='ltr'>vineam</span> 
     </span>
     <span class='ocr_line' id='line_1_37' title="bbox 106 4378 1372 4461; baseline 0.001 -21"><span class='ocrx_word' id='word_1_293' title='bbox 106 4380 282 4441; x_wconf 88' lang='lat' dir='ltr'>liberorum</span> <span class='ocrx_word' id='word_1_294' title='bbox 308 4379 447 4440; x_wconf 90' lang='lat' dir='ltr'>condam</span> <span class='ocrx_word' id='word_1_295' title='bbox 472 4378 600 4440; x_wconf 78' lang='lat' dir='ltr'>Andree</span> <span class='ocrx_word' id='word_1_296' title='bbox 625 4379 740 4460; x_wconf 86' lang='lat' dir='ltr'>judicis</span> <span class='ocrx_word' id='word_1_297' title='bbox 765 4378 821 4440; x_wconf 88' lang='lat' dir='ltr'>filii</span> <span class='ocrx_word' id='word_1_298' title='bbox 854 4380 936 4442; x_wconf 83' lang='lat' dir='ltr'>Petri</span> <span class='ocrx_word' id='word_1_299' title='bbox 964 4378 1086 4461; x_wconf 87' lang='lat' dir='ltr'>Saphar</span> <span class='ocrx_word' id='word_1_300' title='bbox 1110 4399 1145 4440; x_wconf 93' lang='lat' dir='ltr'>ac</span> <span class='ocrx_word' id='word_1_301' title='bbox 1170 4379 1254 4459; x_wconf 86' lang='lat' dir='ltr'>juxta</span> <span class='ocrx_word' id='word_1_302' title='bbox 1273 4393 1372 4441; x_wconf 84' lang='lat' dir='ltr'>metas</span> 
     </span>
     <span class='ocr_line' id='line_1_38' title="bbox 110 4486 1371 4568; baseline 0 -21"><span class='ocrx_word' id='word_1_303' title='bbox 110 4487 149 4548; x_wconf 91' lang='lat' dir='ltr'>de</span> <span class='ocrx_word' id='word_1_304' title='bbox 176 4487 344 4549; x_wconf 88' lang='lat' dir='ltr'>Petrowch</span> <span class='ocrx_word' id='word_1_305' title='bbox 371 4507 484 4568; x_wconf 87' lang='lat' dir='ltr'>asuper</span> <span class='ocrx_word' id='word_1_306' title='bbox 509 4487 558 4547; x_wconf 90' lang='lat' dir='ltr'>via</span> <span class='ocrx_word' id='word_1_307' title='bbox 582 4487 745 4548; x_wconf 89' lang='lat' dir='ltr'>communi</span> <span class='ocrx_word' id='word_1_308' title='bbox 768 4486 848 4548; x_wconf 87' lang='lat' dir='ltr'>infra</span> <span class='ocrx_word' id='word_1_309' title='bbox 874 4507 974 4568; x_wconf 90' lang='lat' dir='ltr'>usque</span> <span class='ocrx_word' id='word_1_310' title='bbox 998 4486 1137 4548; x_wconf 85' lang='lat' dir='ltr'>rivulum</span> <span class='ocrx_word' id='word_1_311' title='bbox 1165 4486 1371 4548; x_wconf 85' lang='lat' dir='ltr'>Kuhinschak</span> 
     </span>
     <span class='ocr_line' id='line_1_39' title="bbox 107 4593 1370 4674; baseline 0 -21"><span class='ocrx_word' id='word_1_312' title='bbox 107 4608 269 4671; x_wconf 82' lang='lat' dir='ltr'>vocatum,</span> <span class='ocrx_word' id='word_1_313' title='bbox 301 4593 397 4654; x_wconf 87' lang='lat' dir='ltr'>simul</span> <span class='ocrx_word' id='word_1_314' title='bbox 431 4613 503 4654; x_wconf 92' lang='lat' dir='ltr'>cum</span> <span class='ocrx_word' id='word_1_315' title='bbox 539 4593 679 4674; x_wconf 86' lang='lat' dir='ltr'>virgulto</span> <span class='ocrx_word' id='word_1_316' title='bbox 724 4594 828 4655; x_wconf 86' lang='lat' dir='ltr'>cidem</span> <span class='ocrx_word' id='word_1_317' title='bbox 860 4595 953 4656; x_wconf 86' lang='lat' dir='ltr'>vinee</span> <span class='ocrx_word' id='word_1_318' title='bbox 985 4593 1160 4671; x_wconf 81' lang='lat' dir='ltr'>subjacenti</span> <span class='ocrx_word' id='word_1_319' title='bbox 1200 4615 1232 4654; x_wconf 90' lang='lat' dir='ltr'>se</span> <span class='ocrx_word' id='word_1_320' title='bbox 1264 4607 1370 4655; x_wconf 88' lang='lat' dir='ltr'>exten·</span> 
     </span>
     <span class='ocr_line' id='line_1_40' title="bbox 107 4697 1370 4781; baseline 0 -21"><span class='ocrx_word' id='word_1_321' title='bbox 107 4700 250 4778; x_wconf 89' lang='lat' dir='ltr'>dentem,</span> <span class='ocrx_word' id='word_1_322' title='bbox 275 4719 310 4760; x_wconf 88' lang='lat' dir='ltr'>ac</span> <span class='ocrx_word' id='word_1_323' title='bbox 337 4719 408 4760; x_wconf 88' lang='lat' dir='ltr'>cum</span> <span class='ocrx_word' id='word_1_324' title='bbox 434 4720 541 4760; x_wconf 89' lang='lat' dir='ltr'>secura</span> <span class='ocrx_word' id='word_1_325' title='bbox 569 4700 617 4760; x_wconf 87' lang='lat' dir='ltr'>via</span> <span class='ocrx_word' id='word_1_326' title='bbox 642 4714 705 4760; x_wconf 87' lang='lat' dir='ltr'>tam</span> <span class='ocrx_word' id='word_1_327' title='bbox 725 4700 861 4781; x_wconf 90' lang='lat' dir='ltr'>desuper</span> <span class='ocrx_word' id='word_1_328' title='bbox 886 4719 983 4780; x_wconf 90' lang='lat' dir='ltr'>quam</span> <span class='ocrx_word' id='word_1_329' title='bbox 1008 4701 1047 4760; x_wconf 92' lang='lat' dir='ltr'>ab</span> <span class='ocrx_word' id='word_1_330' title='bbox 1065 4697 1144 4760; x_wconf 90' lang='lat' dir='ltr'>infra</span> <span class='ocrx_word' id='word_1_331' title='bbox 1171 4699 1210 4759; x_wconf 92' lang='lat' dir='ltr'>ad</span> <span class='ocrx_word' id='word_1_332' title='bbox 1235 4699 1370 4761; x_wconf 90' lang='lat' dir='ltr'>eandem</span> 
     </span>
     <span class='ocr_line' id='line_1_41' title="bbox 107 4806 1372 4888; baseline -0.002 -19"><span class='ocrx_word' id='word_1_333' title='bbox 107 4809 138 4869; x_wconf 91' lang='lat' dir='ltr'>in</span> <span class='ocrx_word' id='word_1_334' title='bbox 164 4807 261 4869; x_wconf 91' lang='lat' dir='ltr'>eundi</span> <span class='ocrx_word' id='word_1_335' title='bbox 287 4822 318 4867; x_wconf 92' lang='lat' dir='ltr'>et</span> <span class='ocrx_word' id='word_1_336' title='bbox 342 4807 537 4888; x_wconf 88' lang='lat' dir='ltr'>procedendi</span> <span class='ocrx_word' id='word_1_337' title='bbox 564 4821 593 4867; x_wconf 92' lang='lat' dir='ltr'>et</span> <span class='ocrx_word' id='word_1_338' title='bbox 620 4807 788 4884; x_wconf 88' lang='lat' dir='ltr'>redeundi,</span> <span class='ocrx_word' id='word_1_339' title='bbox 817 4826 889 4867; x_wconf 91' lang='lat' dir='ltr'>cum</span> <span class='ocrx_word' id='word_1_340' title='bbox 916 4807 1067 4867; x_wconf 91' lang='lat' dir='ltr'>omnibus</span> <span class='ocrx_word' id='word_1_341' title='bbox 1091 4807 1157 4867; x_wconf 88' lang='lat' dir='ltr'>suis</span> <span class='ocrx_word' id='word_1_342' title='bbox 1182 4806 1372 4868; x_wconf 85' lang='lat' dir='ltr'>utilitatibus</span> 
     </span>
    </p>
   </div>
   <div class='ocr_carea' id='block_1_4' title="bbox 0 0 1576 5356">
    <p class='ocr_par' dir='ltr' id='par_1_9' title="bbox 0 0 1576 5356">
     <span class='ocr_line' id='line_1_42' title="bbox 0 0 1576 5356; baseline 0 1"><span class='ocrx_word' id='word_1_343' title='bbox 0 0 1576 5356; x_wconf 95' lang='lat' dir='ltr'> </span> 
     </span>
    </p>
   </div>
  </div>
 </body>
</html>
