3142 5356
148 341 210 426 278
480 408 488 427 ‚
677 345 763 397 Anno
785 349 876 416 1435.

253 551 332 614 ltem
357 552 497 635 quedam
522 550 616 612 vinea
632 549 773 633 predicte
795 549 928 610 domine
947 550 1082 631 Agnetis
1103 547 1171 613 filie
1193 547 1313 632 prefati
1331 549 1415 610 Luce

148 657 305 722 carnificis
329 660 362 720 in
386 657 547 721 territorio
576 656 713 719 civitatis
744 655 865 738 prefate
890 655 1144 740 Krawarschyalr
1167 669 1296 735 vocata,
1320 655 1417 717 simul

148 785 222 828 cum
239 764 379 847 quadam
396 779 477 826 terra
502 782 558 825 seu
575 761 667 825 senili
682 782 778 845 supra
802 761 959 845 prefatam
975 763 1102 825 vineam
1126 784 1146 825 s
1169 776 1261 847 parte
1283 762 1416 824 australi

149 871 324 952 adjacente,
342 871 422 932 inter
442 870 570 931 vineam
587 868 721 951 predicti
739 868 881 950 magistri
899 868 1019 932 Mathei
1036 868 1093 931 filii
1118 869 1219 952 ipsius
1236 869 1326 930 Luce
1350 888 1417 930 car·

149 975 252 1039 nificis
275 975 379 1038 fratris
404 976 504 1059 ipsius
526 975 658 1037 domine
683 975 829 1056 Agnetis,
861 995 878 1037 a
910 989 998 1059 parte
1023 975 1242 1054 meridionali,
1265 995 1304 1036 sc
1328 994 1419 1037 secus

150 1084 235 1145 viam
260 1102 465 1145 communem
489 1103 507 1144 a
532 1097 621 1165 parte
649 1083 840 1144 occidentali
865 1097 896 1144 et
928 1082 1071 1165 predicta
1094 1095 1185 1164 parte
1208 1080 1419 1143 meridionali

150 1189 268 1268 habita,
294 1203 325 1251 et
350 1189 432 1251 inter
463 1189 591 1250 vineam
620 1208 656 1249 ac
688 1201 805 1250 terram
829 1189 930 1250 Elene
954 1189 1064 1250 relicte
1097 1188 1235 1251 condam
1260 1186 1421 1249 Anthonii

151 1295 325 1358 Wllranich
350 1316 386 1356 ac
411 1294 531 1357 Matbei
556 1293 699 1373 Philech,
726 1314 785 1356 nec
818 1313 882 1356 non
907 1295 1083 1356 liberorum
1115 1294 1246 1357 Andree
1270 1292 1333 1356 filii
1357 1294 1419 1356 Da·

151 1403 250 1466 miani
274 1403 382 1464 habita
407 1416 437 1463 et
468 1403 616 1479 existens,
650 1421 724 1463 cum
756 1402 822 1463 suis
849 1401 1055 1483 pertinenciis
1079 1414 1110 1463 et
1141 1401 1236 1462 metis
1261 1400 1294 1462 in
1328 1401 1420 1462 litera

151 1508 343 1592 privilegiali
367 1508 566 1590 expressatis,
598 1507 742 1589 predicto
776 1508 929 1589 magistro
959 1507 1090 1570 Matheo
1121 1504 1208 1569 iratri
1235 1507 1340 1589 ipsius
1362 1505 1420 1567 do·

151 1616 238 1678 mine
271 1615 405 1697 Agnetis
428 1634 485 1697 per
515 1615 716 1695 legacionem
748 1614 892 1676 eiusdem
925 1614 1057 1677 domine
1087 1613 1223 1695 Agnetis
1248 1625 1296 1674 est
1322 1613 1420 1695 privi-

152 1721 310 1803 legialiter
345 1719 531 1782 confirmata
566 1721 626 1782 sub
663 1720 817 1802 pendenti
849 1720 958 1802 sigillo
989 1719 1230 1782 communitatis
1261 1732 1422 1802 perpetuo

151 1827 345 1911 possidenda
370 1841 401 1888 et
425 1826 736 1908 quomodocumque
761 1826 900 1888 voluerit
924 1824 1136 1908 disponenda.

259 1933 335 1994 ltem
355 1932 536 2015 Stephanus
557 1932 640 1994 Sorte
656 1931 742 1994 filius
763 1933 889 1995 Nicolai
915 1932 1077 2014 quendam
1103 1930 1241 1994 fundum
1265 1951 1364 1994 suum
1388 1933 1422 1993 in

153 2040 261 2122 aliqua
284 2039 333 2100 sui
356 2053 445 2122 parte
470 2037 784 2121 superhedificatum,
809 2040 841 2100 in
874 2039 982 2120 aliqua
1007 2053 1115 2101 autem
1139 2036 1298 2100 hedificiis
1323 2037 1421 2100 desti·

153 2161 270 2225 tutum,
302 2147 383 2208 inter
415 2144 532 2207 fundos
556 2159 586 2206 et
618 2145 722 2206 curias
754 2144 880 2208 Crisani
913 2145 988 2207 dicti
1021 2145 1168 2207 Nedellro
1192 2159 1224 2206 et
1257 2142 1349 2206 Galli
1381 2144 1421 2205 de

155 2253 290 2337 Dedych
307 2253 464 2330 habitum,
481 2273 579 2315 unam
597 2267 744 2335 quartam
763 2267 794 2315 et
810 2268 956 2316 octavam
975 2254 1061 2316 curie
1078 2253 1110 2314 in
1135 2273 1169 2314 se
1186 2251 1422 2331 continentem,

156 2361 258 2422 Frane
291 2360 383 2422 aliter
415 2360 585 2422 Francisco
617 2373 732 2422 vocato
764 2359 1014 2421 molendinatori
1045 2357 1113 2421 filio
1145 2358 1302 2444 Mykech,
1335 2378 1423 2420 novo

155 2466 279 2528 concivi
311 2479 433 2545 nostre,
458 2484 516 2548 pro
548 2467 692 2548 quinque
725 2465 793 2528 flor.
826 2466 895 2527 auri
927 2465 1073 2527 vendidit
1099 2478 1292 2548 perpetuum
1317 2465 1422 2548 possi·

155 2571 308 2635 dendum.

261 2677 339 2740 Item
363 2676 489 2738 Blasius
512 2677 599 2739 filius
623 2676 756 2759 Georgii
789 2678 951 2759 quendam
976 2677 1129 2761 (h)ortum
1153 2697 1247 2740 suum
1272 2678 1305 2740 in
1331 2677 1421 2740 terri·

155 2784 239 2847 torio
263 2784 401 2846 civitatis
425 2797 511 2846 extra
528 2785 654 2845 Novam
671 2798 798 2866 portam
815 2784 959 2847 eiusdem
984 2785 1131 2865 civitatis,
1148 2805 1248 2868 penes
1264 2785 1421 2868 (h)ortum

156 2892 325 2954 Laurencii
350 2892 504 2954 institoris
528 2890 585 2953 filii
604 2893 699 2971 Petri,
725 2893 886 2954 mediante
911 2892 1054 2974 quodam
1070 2907 1177 2955 meatu
1201 2912 1259 2955 seu
1283 2892 1422 2955 decursu

155 3019 238 3081 aque
262 3018 298 3061 ac
322 3016 413 3061 secus
436 3000 503 3060 vias
520 3018 708 3061 communes
732 3014 762 3061 et
786 3000 868 3062 inter
885 2999 1039 3082 (h)ortum
1064 2999 1194 3083 Mathye
1218 3001 1350 3062 sartoris
1366 2999 1421 3062 hs·

157 3109 271 3186 bitum,
297 3127 394 3169 unam
419 3120 566 3189 quartam
588 3108 674 3169 curie
698 3108 730 3169 in
755 3128 788 3170 se
807 3107 1038 3185 continentem,
1054 3107 1191 3190 desuper
1215 3127 1232 3168 a
1256 3107 1307 3169 via
1332 3126 1420 3169 com·

156 3215 247 3276 muni
272 3215 440 3297 superiori,
466 3213 546 3276 infra
571 3234 672 3296 usque
697 3215 836 3276 rivulum
876 3214 1037 3276 mediante
1062 3214 1112 3276 via
1137 3228 1168 3277 et
1191 3214 1306 3276 semita
1332 3233 1420 3276 com·

157 3322 246 3384 muni
271 3342 369 3404 penes
388 3321 526 3383 eundem
551 3321 692 3383 rivulum
720 3322 844 3383 situatis
867 3342 899 3384 se
924 3321 1161 3401 extendentem,
1178 3321 1315 3383 Nicolao
1333 3321 1419 3383 dicto

156 3429 234 3511 Myk
265 3427 333 3490 filio
359 3428 489 3511 Endrey
521 3442 551 3488 et
577 3427 754 3510 Elyzabeth
786 3449 842 3490 sue
874 3429 1015 3491 consorti
1047 3447 1106 3510 pro
1133 3447 1186 3490 sex
1211 3426 1281 3490 flor.
1306 3441 1338 3489 et
1361 3446 1420 3511 pro

157 3549 284 3596 centum
309 3534 448 3596 denariis
472 3534 617 3596 vendidit
640 3549 796 3616 perpetuo
820 3534 1063 3616 possidendum.

264 3641 341 3704 ltem
356 3640 532 3725 Elyzabeth
554 3655 665 3703 vocata
687 3642 789 3702 Kussa
811 3642 1038 3722 cognominata
1053 3640 1119 3704 filia
1134 3639 1267 3723 Georgii
1278 3641 1420 3725 Babych,

156 3749 266 3811 relicta
300 3748 437 3810 condam
469 3747 625 3809 Anthouii
658 3747 855 3827 Schuchech,
880 3767 1010 3810 consors
1044 3747 1192 3830 Gregorii
1217 3748 1257 3809 de
1282 3749 1419 3828 Nowalr,

157 3854 320 3938 quandam
346 3855 478 3916 domum
503 3874 593 3916 suam
618 3854 714 3915 simul
733 3874 804 3916 cum
831 3853 932 3916 fundo
957 3869 987 3916 et
1010 3853 1166 3917 hedificiis
1183 3855 1214 3916 in
1240 3854 1326 3917 dicta
1343 3856 1419 3917 civi·

156 3975 221 4024 tate
244 3961 326 4023 inter
349 3960 464 4021 domos
488 3973 519 4021 et
542 3959 660 4021 fundos
684 3960 839 4023 lobannis
863 3960 939 4022 dicti
965 3959 1057 4045 Gyan
1081 3973 1113 4022 et
1136 3960 1237 4022 Elene
1261 3980 1319 4022 sue
1343 3980 1418 4023 con·

156 4069 250 4131 sortis
274 4088 310 4130 ac
335 4068 510 4128 liberorum
543 4068 680 4129 condam
712 4068 795 4129 Petri
829 4066 962 4150 Saphar,
986 4087 1044 4151 nec¹
1076 4087 1141 4129 non
1166 4086 1257 4129 secus
1281 4066 1419 4129 fundum

156 4175 332 4236 liberorum
358 4173 448 4234 Pauli
483 4173 612 4234 sartoris
643 4173 700 4234 filii
725 4174 891 4253 lobannis,
916 4193 1013 4235 unam
1046 4188 1192 4255 quartam
1217 4174 1307 4236 curie
1330 4174 1363 4235 in
1387 4194 1419 4236 se

156 4281 356 4358 retinentem,
381 4278 531 4341 Michaeli
556 4281 656 4342 sutori
680 4279 747 4343 filio
773 4281 864 4342 Pauli
888 4301 946 4363 pro
971 4279 1112 4362 quadam
1137 4280 1236 4342 domo
1261 4293 1294 4343 et
1317 4279 1419 4343 fundo

156 4408 215 4449 suo
248 4387 342 4449 unius
377 4400 488 4468 quarte
521 4387 607 4448 curie
639 4407 694 4470 per
726 4387 860 4449 modum
893 4387 1145 4470 permutationis
1176 4401 1207 4449 et
1238 4389 1420 4450 concambii

157 4493 246 4556 dedit
270 4506 425 4576 perpetuo
448 4493 689 4576 possidendam.

262 4599 340 4662 Item
366 4599 497 4661 domina
531 4599 705 4662 Katherina
737 4601 857 4680 relicta,
892 4599 1158 4682 Margarethaque
1191 4599 1257 4663 filia
1281 4601 1419 4664 condam

157 4706 355 4788 Sigismundi
380 4705 472 4786 jurati
498 4705 556 4768 filii
581 4705 720 4789 Philippi
743 4705 801 4769 filii
830 4707 988 4787 Mauricii,
1013 4707 1177 4770 universas
1200 4709 1419 4790 possessiones

157 4832 266 4875 earum
283 4812 505 4895 jobagionales
528 4833 584 4875 seu
602 4813 672 4876 loca
696 4813 882 4877 sessionalia
911 4827 943 4876 et
958 4813 1177 4898 jobagionslia
1201 4815 1235 4878 in
1257 4815 1418 4879 territorio
