3142 5356
150 326 211 406 338
680 324 767 381 Anno
789 337 884 400 1440.

148 551 179 599 et
205 536 318 597 Briccii
352 536 529 618 piscatoris,
561 555 578 597 a
611 535 839 618 septemtrione
873 533 1018 595 habitum
1051 547 1082 594 et
1114 533 1314 609 existentem,
1346 552 1414 594 cum

148 642 300 704 omnibus
323 642 389 702 suis
413 641 606 703 utilitatibus
623 656 654 702 et
670 640 876 723 pertinenciis
900 639 1058 701 universis
1090 637 1241 700 Michaeli
1267 637 1416 720 frenipari

147 749 216 810 filio
242 748 371 810 Thome
389 762 421 810 et
438 748 587 809 Emerico
604 749 704 809 sutori
728 745 796 808 filio
822 747 983 828 Gregorii,
1001 746 1190 808 concivibus
1214 745 1342 822 nostris,
1360 765 1415 827 pro

148 856 262 937 viginti
287 854 416 916 duobus
440 853 509 916 flor.
534 854 603 914 auri
624 853 736 914 eadem
762 853 978 914 communitas
996 872 1033 913 ex
1051 872 1101 930 eo,
1126 852 1202 933 quia
1220 872 1317 933 super
1333 871 1418 913 com·

148 963 339 1024 munitatem
371 974 501 1044 propter
532 960 698 1022 decessum
724 959 823 1042 ipsius
848 958 980 1039 Georgii
1005 959 1191 1021 intestatum
1216 960 1340 1040 absque
1367 958 1418 1021 be·

150 1069 263 1130 redum
288 1068 409 1129 solacio
434 1081 514 1128 nutu
539 1067 589 1127 dei
623 1065 753 1143 factum,
785 1086 898 1127 omnes
930 1086 980 1126 res
1013 1082 1043 1126 et
1074 1066 1296 1147 possessiones
1321 1066 1418 1147 ipsius

149 1174 287 1236 condam
313 1173 447 1255 Georgii
472 1173 587 1254 judicis
609 1187 683 1234 sunt
708 1172 747 1232 de
772 1172 840 1253 jure
873 1171 1062 1250 redundate,
1087 1171 1234 1234 vendidit
1259 1187 1416 1254 perpetuo

149 1280 380 1364 possidendum
407 1293 437 1341 et
461 1279 634 1361 superinde
659 1293 706 1342 est
729 1279 819 1340 litera
838 1278 960 1340 eisdem
985 1279 1186 1360 emptoribus
1209 1278 1319 1360 (b)orti
1346 1299 1415 1361 pre-

152 1388 227 1448 dicti
254 1387 312 1448 sub
337 1386 445 1467 sigillo
470 1386 711 1447 communitatis
735 1384 881 1446 confecta
905 1399 936 1446 et
959 1399 1116 1446 emanata.

256 1493 334 1555 ltem
353 1493 504 1557 dominus
522 1492 633 1554 Petrus
649 1490 734 1554 filius
752 1492 883 1553 Henrici
909 1492 949 1551 de
966 1491 1147 1573 Zzulczpak
1165 1491 1417 1554 archidiaconus

150 1600 189 1661 de
215 1602 354 1663 Kemluk
379 1616 409 1662 et
426 1601 600 1663 canonicus
625 1599 759 1660 ecclesie
776 1597 1002 1677 zagrabiensis,
1024 1598 1166 1659 concivis
1183 1615 1303 1678 noster,
1321 1619 1419 1681 quen·

149 1707 222 1768 dam
241 1707 393 1788 (h)ortum
411 1707 548 1769 condam
567 1705 696 1767 Thome
714 1704 806 1785 jurati
828 1702 884 1764 filii
903 1703 1010 1765 Choni
1024 1703 1150 1783 judicis,
1175 1719 1264 1766 extra
1282 1706 1418 1768 Parvam

149 1828 273 1896 portam
299 1835 354 1875 seu
378 1814 570 1897 porticulam
595 1813 733 1874 civitatis
756 1812 909 1892 predicte,
927 1811 1008 1871 inter
1025 1810 1160 1892 (blortos
1184 1812 1301 1874 Briccii
1319 1816 1424 1895 pisca-

150 1920 227 1980 toris
252 1935 282 1982 et
306 1921 482 1982 liberorum
508 1919 645 1982 condam
678 1916 844 1980 Michaelis
877 1917 1056 1979 Sebastiam
1092 1917 1251 1996 habitum,
1276 1920 1339 1981 sibi
1365 1939 1423 2002 pro

151 2026 268 2088 debitis
292 2027 367 2104 suis,
392 2027 510 2109 quibus
533 2026 595 2086 sibi
613 2025 699 2086 idern
726 2025 871 2085 Thomas
888 2024 1010 2106 juratus
1027 2024 1185 2085 debitorie
1202 2026 1424 2106 obligabatur,

150 2133 245 2193 vendi
271 2147 435 2211 statutum,
460 2132 604 2214 predicto
627 2131 752 2192 Briccio
770 2131 919 2212 piscatori
937 2130 1044 2191 vicino
1062 2131 1162 2212 ipsius
1185 2132 1337 2195 vendidit
1354 2155 1425 2216 per-

152 2252 250 2320 petuo
275 2239 505 2320 possidendum
532 2254 562 2300 et
578 2237 750 2319 superinde
773 2251 819 2298 est
843 2237 935 2298 litera
952 2238 1010 2297 sub
1028 2237 1180 2318 pendenti
1205 2238 1316 2319 sigillo
1335 2259 1426 2301 com·

151 2346 315 2406 munitatis
340 2361 496 2406 emanata.

218 2566 300 2637 ltem
330 2567 414 2637 feria
445 2576 541 2637 sexta
571 2564 726 2655 proxima
754 2573 831 2654 post
859 2565 982 2636 festum
1011 2562 1244 2635 conversionis
1274 2567 1369 2637 beati

644 2689 740 2760 Pauli
770 2689 926 2778 apostoli.

554 2846 620 2918 (29.
637 2841 792 2919 januarii,
816 2862 886 2903 ann.
912 2842 1018 2919 1440).

257 2985 333 3046 ltcm
361 2983 520 3066 Georgius
544 2983 684 3045 carnifex
709 2970 1045 3067 filius'lvlatheykonis
1068 2982 1226 3045 carnificis
1253 2985 1425 3065 quendam

151 3089 287 3152 fundum
312 3110 405 3150 suum
432 3092 462 3150 in
488 3111 553 3172 quo
579 3091 657 3152 alias
681 3092 799 3152 solium
823 3092 922 3171 vulgo
946 3106 1026 3152 trem
1052 3091 1172 3152 dictum
1198 3104 1425 3152 constructum

152 3197 273 3274 fuisset,
298 3197 329 3256 in
356 3197 481 3257 civitate
507 3197 647 3278 predicta
674 3199 755 3260 inter
780 3197 908 3275 fundos,
933 3198 1048 3258 domos
1066 3211 1096 3258 et
1119 3194 1268 3258 hedificia
1288 3197 1426 3258 Martini

152 3304 280 3365 sartoris
305 3303 419 3381 judicis
452 3305 550 3363 nostri
584 3304 731 3364 moderni
764 3302 821 3364 filii
855 3303 984 3364 Thome
1016 3317 1047 3364 et
1071 3302 1233 3364 Valentini
1261 3301 1427 3364 carnificis

151 3409 227 3471 dicti
253 3408 406 3484 Fratrich,
438 3429 473 3468 ac
507 3409 537 3469 in
570 3424 720 3490 postergo
754 3409 871 3471 domus
900 3424 930 3471 et
962 3408 1053 3470 fundi
1085 3408 1213 3469 Andree
1250 3406 1309 3468 filii
1338 3409 1426 3470 Petri

151 3517 308 3593 habitum,
333 3515 470 3595 desuper
494 3515 615 3576 scilicet
647 3537 664 3577 a
691 3515 792 3578 fundo
825 3517 959 3598 predicti
984 3517 1114 3577 Andree
1147 3517 1187 3577 ab
1211 3516 1341 3577 oriente
1368 3517 1424 3577 ha-

152 3625 218 3684 bito
244 3637 274 3682 et
298 3642 315 3681 a
332 3620 471 3701 quadam
489 3635 591 3682 statua
616 3624 721 3703 lignea
740 3643 777 3683 ex
794 3624 944 3705 opposito
966 3621 1125 3683 inferioris
1142 3621 1252 3702 anguli
1278 3620 1425 3684 fenestre

152 3730 183 3790 in
209 3729 308 3789 domo
333 3741 455 3787 murata
483 3727 582 3807 ipsius
615 3730 743 3790 Martini
775 3729 890 3809 judicis
918 3729 1037 3790 ibidem
1071 3749 1169 3810 penes
1193 3749 1210 3790 a
1234 3729 1426 3791 meridione

151 3836 258 3896 habita
283 3833 322 3893 ad
348 3833 609 3913 septemtrionem
628 3837 729 3895 excise
756 3850 786 3897 et
803 3836 1001 3917 respicientis
1019 3837 1050 3896 in
1070 3835 1239 3897 i'uniculari
1266 3834 1427 3898 videlicet

151 3943 269 4002 directa
288 3960 435 4001 mensura
462 3941 494 3999 in
512 3940 680 4002 latitudine
707 3942 805 4023 ipsius
824 3941 925 4021 fundi,
950 3942 1122 4003 abeodem
1142 3955 1253 4022 utputa
1272 3941 1426 4005 inferiori

152 4048 271 4128 angulo
292 4047 390 4128 ipsius
416 4045 551 4108 fenestre
577 4067 678 4128 usque
703 4048 742 4109 ad
768 4049 946 4130 predictum
972 4047 1108 4109 fundum
1128 4048 1226 4130 ipsius
1250 4047 1423 4111 Valentini

156 4154 299 4216 Fratrich
318 4174 354 4214 ex
373 4174 530 4215 consensu
547 4153 659 4236 prefati
678 4155 806 4216 Andree
824 4156 919 4216 vicini
938 4153 1052 4216 factam
1068 4153 1264 4237 incipiendo,
1282 4168 1314 4215 et
1340 4154 1428 4218 infra

154 4262 306 4322 videlicet
338 4262 377 4321 ad
410 4276 531 4342 partem
564 4262 798 4324 occidentalem
823 4278 887 4323 tam
912 4263 1010 4343 longe
1041 4275 1136 4344 prout
1167 4260 1301 4344 predicti
1330 4261 1428 4326 fundi

151 4369 351 4430 collaterales
376 4369 415 4430 de
440 4367 508 4448 jure
533 4371 572 4429 ab
597 4369 731 4450 antiquo
757 4369 824 4431 fieri
849 4369 945 4431 solito
970 4369 1205 4451 protenduntur
1236 4388 1269 4429 se
1303 4370 1366 4430 rite
1393 4386 1428 4433 et

151 4477 257 4537 debite
291 4496 353 4536 una
387 4496 459 4536 cum
488 4476 560 4536 loco
593 4476 762 4537 necessarii
795 4497 828 4537 se
853 4476 1110 4557 protendentem,
1136 4495 1231 4536 unam
1266 4475 1428 4539 videlicet

151 4597 296 4664 quartam
311 4583 397 4643 curie
423 4583 454 4642 iu
480 4603 511 4642 se
530 4582 760 4660 continentem,
785 4582 908 4664 prefato
931 4583 1070 4643 Martino
1087 4581 1184 4661 judici
1209 4600 1267 4661 pro
1292 4597 1426 4665 septem

152 4690 221 4751 flor.
247 4689 314 4749 auri
333 4688 528 4749 vendidisset
546 4703 575 4749 et
592 4689 764 4770 superinde
783 4704 828 4750 est
846 4690 935 4749 litera
950 4690 1009 4749 sub
1027 4688 1179 4770 pendenti
1197 4685 1306 4768 sigillo
1333 4710 1427 4753 com·

150 4796 314 4856 munitatis
340 4809 495 4858 emanata.
