3142 5356
155 556 225 621 flor.
252 559 318 617 auri
345 559 438 639 plene
463 577 519 638 per
544 559 648 638 ipsum
675 557 795 638 prefate
825 558 956 619 domine
983 557 1159 639 Elyzabeth
1183 559 1364 639 persolutis,
1382 581 1420 621 ex

155 683 316 724 consensu
342 664 437 724 vicini
462 663 510 723 sui
536 664 694 744 prenotati
721 663 867 724 vendidit
884 679 1041 746 perpetuo
1066 665 1293 745 possidendam
1319 681 1348 727 et
1365 687 1416 727 su·

154 771 289 851 perinde
315 784 362 832 est
385 770 476 832 litera
500 772 559 830 sub
583 770 738 852 pendenti
763 770 870 851 sigillo
895 770 1135 832 communitatis
1160 786 1317 834 emanata.

210 990 293 1061 ltem
322 990 406 1061 feria
435 992 541 1061 tercia
572 993 727 1078 proxima
756 997 832 1078 post
860 990 983 1060 festum
1018 988 1248 1062 conversionis
1276 991 1365 1063 beati

333 1114 428 1184 Pauli
458 1115 603 1202 apostoli
634 1117 666 1183 in
696 1133 781 1184 anno
813 1113 941 1184 Domini
972 1112 1241 1186 hcctcxxxlx.

665 1272 727 1343 (27.
744 1269 911 1343 januarii).

262 1409 340 1470 Item
365 1408 481 1468 domus
505 1423 628 1469 murata
648 1408 786 1469 condam
804 1407 961 1469 Anthouii
987 1408 1065 1469 olim
1084 1408 1198 1490 judicis
1222 1424 1253 1471 et
1277 1412 1417 1473 concivis

156 1515 253 1575 nostri
287 1512 343 1575 filii
368 1515 522 1596 Appardi,
554 1515 586 1574 in
619 1514 744 1575 civitate
777 1514 918 1595 predicta
954 1535 1054 1596 prope
1087 1530 1212 1597 portam
1240 1517 1414 1599 Lapideam

153 1620 290 1681 civitatis
314 1621 457 1701 predicte
486 1621 567 1681 inter
595 1622 727 1680 domum
763 1636 793 1681 et
826 1620 963 1682 fundum
989 1622 1131 1702 magistri
1164 1623 1319 1684 Anthonii
1352 1644 1417 1684 car·

151 1725 255 1787 nificis
279 1725 395 1787 decani
425 1726 588 1787 colendini
625 1725 893 1788 confraternitatis
916 1726 1113 1805 carnificum,
1146 1729 1286 1790 concivis
1318 1730 1416 1791 nostri

152 1854 188 1894 ac
213 1852 303 1894 secus
326 1834 393 1894 vias
424 1848 454 1894 et
480 1834 600 1915 plateas
629 1853 827 1912 communes,
859 1834 955 1895 simul
984 1854 1056 1895 cum
1082 1833 1189 1896 lundis
1214 1849 1244 1898 et
1268 1835 1417 1897 domibus
1488 1830 1491 1837 ’

153 1959 189 2001 ac
214 1940 410 2001 stacionibus
442 1941 585 2017 muratis,
617 1961 675 2001 nec
701 1960 766 2001 non
796 1956 879 2001 turre
905 1941 1053 2002 similiter
1077 1955 1199 2002 murata
1229 1957 1259 2004 et
1283 1943 1416 2004 cisterna

153 2066 189 2107 ac
215 2046 336 2127 capella
367 2047 457 2107 beate
489 2047 602 2107 Vrsule
636 2047 767 2127 virginis
799 2061 829 2107 et
857 2048 994 2108 martiris
1020 2047 1149 2125 Christi,
1174 2068 1232 2109 nec
1257 2068 1322 2110 non
1347 2048 1417 2110 aliis

152 2152 276 2214 cunctis
299 2153 364 2212 suis
388 2153 639 2213 circumstanciis
662 2167 691 2214 et
717 2153 922 2234 pertinenciis
947 2154 1103 2215 universis
1131 2153 1248 2231 habita,
1273 2155 1416 2236 quinque

152 2259 256 2319 curias
280 2259 311 2318 in
337 2280 369 2319 se
395 2260 574 2338 continens,
599 2280 654 2340 per
679 2258 850 2319 fassionem
875 2260 975 2341 ipsius
1000 2259 1154 2321 Anthonii
1172 2261 1287 2341 judicis
1310 2262 1416 2322 litera·

151 2365 266 2426 toriam
292 2379 435 2446 ternpore
461 2364 619 2444 judicatus
648 2366 758 2426 iacobi
793 2365 907 2445 judicis
931 2363 988 2426 filii
1016 2365 1171 2427 iohannis
1206 2368 1280 2428 dicti
1315 2368 1415 2450 Bolye

152 2471 191 2531 de
224 2490 309 2531 anno
342 2471 473 2531 Domini
513 2473 685 2532 millesimo
726 2472 1044 2552 quadringentesimo
1083 2474 1247 2554 trigesimo
1278 2475 1414 2555 septimo

152 2577 278 2655 factam,
304 2598 339 2639 ac
371 2580 547 2640 secundum
573 2580 827 2640 convencionem
863 2595 893 2640 et
925 2580 1174 2661 disposicionem
1200 2583 1280 2642 inter
1310 2582 1413 2664 ipsum

152 2684 355 2745 Anthonium
383 2684 520 2763 judicem
548 2701 577 2746 et
607 2686 688 2747 inter
712 2685 868 2767 prefatum
895 2685 1074 2749 iohannem
1099 2687 1237 2767 judicem
1262 2687 1414 2767 habitam,

152 2791 295 2872 predicto
327 2791 465 2851 iohanni
498 2791 595 2869 judici
627 2812 662 2852 ac
695 2813 751 2874 per
783 2812 856 2854 eum
894 2793 959 2852 suis
984 2793 1153 2854 heredibus
1176 2795 1234 2854 sub
1261 2794 1413 2876 pendenti

151 2896 258 2975 sigillo
276 2910 384 2957 nostro
409 2899 573 2958 communi
593 2899 683 2958 novis
707 2899 806 2959 literis
830 2899 945 2959 nostris
970 2899 1222 2980 privilegialibus
1246 2915 1413 2982 perpetua·

153 3003 225 3064 liter
250 3002 435 3065 confirmata
460 3003 527 3084 jure
557 3005 744 3086 perhennali
769 3005 972 3086 possidenda.

258 3110 335 3169 Item
370 3110 508 3190 quedam
542 3127 623 3171 terra
656 3111 785 3171 arabilis
818 3113 848 3172 in
889 3132 1003 3193 campo
1036 3112 1171 3173 civitatis
1202 3114 1283 3174 inter
1314 3128 1413 3176 terras

153 3216 248 3276 Blasii
274 3217 458 3277 stacionarii
485 3216 541 3277 filii
569 3218 656 3277 Pauli
683 3232 713 3279 et
746 3219 827 3278 inter
855 3233 970 3279 terram
995 3218 1162 3299 hospitalis
1193 3220 1292 3280 nostri
1325 3240 1411 3282 com-

151 3322 258 3382 munis
282 3343 317 3382 ac
338 3323 369 3383 in
395 3338 482 3403 parte
500 3323 585 3403 juxta
611 3322 744 3384 fluvium
764 3323 969 3385 Kuhinschalr
988 3338 1137 3385 vocatum
1156 3325 1273 3405 habita,
1289 3341 1411 3408 septem

152 3444 186 3488 ut
211 3429 327 3490 dicitur
352 3430 452 3489 dietas
483 3444 565 3490 terre
591 3430 621 3489 in
655 3450 687 3489 se
721 3431 900 3508 continens,
929 3451 985 3511 per
1016 3431 1215 3510 legacionem
1240 3445 1409 3492 testamen-

151 3535 264 3595 tariam
288 3536 402 3596 Vrsulc
427 3536 536 3596 relicte
561 3536 698 3596 condam
722 3536 874 3618 Stephani
892 3536 984 3617 jurati
1011 3537 1086 3597 dicti
1105 3536 1320 3620 Stephanych,
1337 3558 1406 3619 pre-

151 3642 236 3701 dicto
255 3642 361 3702 Blasio
382 3642 572 3702 stacionario
592 3643 812 3703 commissario
830 3644 1011 3704 testamenti
1030 3644 1173 3705 eiusdem
1198 3644 1311 3705 Vrsule
1337 3665 1405 3705 mu-

150 3747 236 3807 lieris
265 3762 311 3808 est
327 3748 567 3828 privilegialiter
590 3751 648 3808 sub
667 3749 817 3829 pendenti
836 3750 942 3829 sigillo
957 3751 1195 3811 communitatis
1209 3749 1404 3812 confirmata.

256 3854 333 3914 ltem
359 3854 482 3934 Agatha
507 3855 614 3915 relicta
640 3856 777 3916 condam
802 3856 974 3940 Stoylconis
991 3857 1190 3937 carpentarii,
1214 3857 1293 3917 olim
1318 3855 1406 3917 habi·

147 3961 257 4021 tatoris
282 3961 366 4021 dicte
387 3962 533 4038 civitatis,
552 3962 713 4041 quandam
738 3963 865 4023 vineam
887 3983 976 4023 suam
995 3963 1252 4023 condicionalem
1271 3964 1301 4023 in
1319 3965 1408 4024 terri-

147 4068 231 4128 torio
256 4067 395 4127 civitatis
420 4066 541 4146 prefate
561 4069 641 4128 inter
666 4069 775 4129 vineas
793 4068 947 4129 Anthonii
966 4069 1166 4150 Jerihowych
1190 4084 1220 4130 et
1246 4070 1334 4130 Pauli
1352 4069 1408 4130 filii

148 4175 196 4234 sui
222 4189 251 4233 et
275 4174 450 4234 liberorum
477 4175 614 4234 condam
634 4174 766 4255 Georgii
785 4176 973 4256 carpentarii
992 4175 1144 4252 habitam,
1162 4176 1310 4236 Emerico
1327 4176 1408 4256 agri·

148 4281 262 4340 cultori
296 4296 326 4340 et
359 4281 456 4340 Lucie
490 4302 545 4341 sue
577 4283 716 4343 consorti
751 4282 895 4341 vendidit
928 4296 1082 4364 perpetuo
1120 4282 1345 4362 possidendam
1379 4298 1409 4344 et

146 4388 318 4467 superinde
344 4402 389 4447 est
415 4388 505 4449 litera
531 4389 740 4469 privilegialis
769 4390 827 4448 sub
860 4388 1013 4468 pendenti
1036 4388 1143 4467 sigillo
1169 4389 1408 4448 communitatis

148 4509 293 4554 emanata
318 4495 371 4571 ita,
408 4496 495 4575 quod
520 4496 559 4555 ad
585 4495 793 4555 colendinum
820 4494 1040 4554 Sclavonicale
1065 4508 1128 4554 tres
1152 4495 1287 4555 cubulos
1312 4495 1407 4555 musti

148 4601 328 4681 persolvere
354 4602 501 4662 debeant.

255 4707 331 4767 ltem
358 4709 502 4767 Andreas
527 4706 665 4767 carnifex
685 4706 769 4766 lilius
795 4708 877 4767 Petri
897 4708 971 4767 dicti
991 4707 1219 4768 l'lemeoschak
1245 4707 1405 4787 quandam

151 4827 265 4875 terram
286 4833 375 4874 suam
401 4814 551 4875 arabilem
573 4815 602 4874 io
629 4834 741 4897 campo
767 4830 797 4877 et
821 4814 981 4875 territorio
1000 4830 1092 4877 nosto
1111 4815 1191 4879 inter
1215 4830 1313 4879 terras
1329 4814 1406 4882 libe·
