3142 5356
162 506 225 567 250
714 487 866 547 Addenda.

269 701 437 763 Secundus
460 700 548 761 testis
573 699 734 780 Georgius
768 700 807 760 de
832 700 1004 760 Bwkowcz
1030 697 1130 761 lassus
1163 714 1220 778 est,
1246 701 1336 781 quod
1362 721 1441 782 pre*

161 805 262 868 fatum
289 809 409 868 Lucam
435 806 568 868 vidisset
592 809 784 889 pertransire
820 825 876 888 per
901 806 1041 866 mediam
1066 806 1195 867 vineam
1227 806 1355 868 domini
1387 809 1441 869 vi·

160 913 236 974 carii
261 913 377 975 eodem
403 913 454 975 die
479 932 572 974 mane
605 913 726 995 precise
761 914 793 974 in
818 926 891 974 ortu
923 912 1019 990 solis,
1044 931 1116 973 cum
1151 912 1237 973 idem
1263 912 1296 973 in
1321 913 1439 977 alodio

159 1018 283 1081 domini
309 1020 419 1081 vicarii
443 1020 584 1082 triticum
610 1020 823 1082 contrivisset.

265 1146 403 1208 Tercius
426 1146 515 1207 testis
539 1145 686 1208 Thomas
711 1144 909 1206 Kwssewich
934 1145 974 1206 de
997 1144 1177 1223 Bwltowcz,
1203 1164 1276 1207 cum
1303 1147 1336 1208 in
1359 1147 1433 1208 Bw·

159 1256 270 1315 kowcz
295 1252 423 1314 cuidam
449 1252 633 1314 convicinio
657 1271 716 1313 suo
734 1252 875 1313 triticum
901 1251 1112 1330 contrivisset,
1137 1252 1253 1314 eodem
1279 1252 1434 1316 dicante

158 1359 326 1420 meridiem
359 1359 491 1420 vidisset
524 1358 698 1440 quemdam
730 1357 896 1419 hominem
930 1358 1121 1439 pertransire
1153 1358 1184 1419 in
1217 1357 1306 1440 pileo
1330 1359 1434 1439 longo

157 1463 380 1544 korintheano,
405 1479 511 1527 tamen
531 1464 616 1525 idem
641 1465 729 1526 testis
755 1465 881 1546 ignorat
898 1478 1005 1524 utrum
1029 1462 1169 1545 prelatus
1187 1465 1290 1526 Lucas
1307 1462 1432 1544 fuisset,

158 1591 195 1632 ex
220 1591 287 1653 quo
311 1591 377 1632 non
401 1572 482 1634 vidit
507 1571 645 1633 eumad
671 1569 796 1633 faciem.

263 1715 377 1776 Testes
413 1715 560 1797 producti
602 1715 633 1776 in
669 1715 935 1797 reprobacionem
969 1713 1146 1776 testimonii
1184 1714 1428 1795 predictorum:

263 1856 342 1918 Item
367 1857 570 1938 Margaretha
595 1856 696 1938 jurata
721 1871 752 1918 et
776 1858 956 1919 examinata
982 1855 1063 1918 lassa
1089 1870 1145 1936 est,
1170 1856 1259 1938 quod
1285 1857 1434 1939 prefatus

157 1962 260 2024 Lucas
284 1963 449 2024 dominico
474 1964 526 2025 die
545 1977 576 2025 et
595 1961 674 2026 feria
691 1963 831 2025 secunda
849 1964 996 2046 proxima
1020 1977 1094 2025 ante
1113 1962 1230 2026 festum
1256 1964 1429 2029 Elisabeth

155 2068 253 2129 vidue
278 2082 345 2130 tota
370 2069 421 2130 die
447 2070 479 2131 in
505 2070 604 2131 domo
628 2091 685 2132 sua
710 2071 796 2131 civili
830 2069 942 2131 fuisset
974 2083 1101 2132 etcum
1127 2070 1199 2131 aliis
1222 2070 1289 2132 suis
1313 2090 1428 2134 conso·

155 2174 285 2236 dalibus
309 2176 519 2255 convivasset,
544 2191 575 2238 et
606 2177 695 2259 quod
728 2197 786 2238 nec
811 2191 877 2238 tota
910 2177 963 2238 die
988 2176 1028 2237 de
1060 2176 1160 2237 domo
1185 2195 1241 2238 sua
1266 2177 1425 2241 exivisset.

263 2281 430 2344 Secundus
454 2283 542 2344 testis
568 2284 671 2345 Bensa
689 2281 790 2345 lassus
815 2297 871 2362 est,
897 2283 985 2365 quod
1003 2283 1071 2365 ipse
1096 2302 1170 2344 cum
1193 2281 1321 2366 prefato
1339 2285 1424 2347 Luca

155 2388 187 2448 in
214 2389 312 2451 domo
338 2391 414 2452 dicti
440 2390 539 2451 Vlrici
571 2404 637 2453 tota
663 2390 715 2451 die
748 2389 860 2451 luisset
891 2403 922 2451 et
954 2389 1165 2468 convivasset‚
1197 2403 1228 2451 et
1252 2392 1342 2472 quod
1367 2411 1424 2454 nec

155 2494 195 2556 de
220 2495 304 2557 dicta
329 2496 428 2558 domo
452 2515 552 2578 usque
578 2497 680 2558 noctis
697 2496 920 2578 crepusculum
940 2493 1062 2578 prefata
1086 2491 1165 2557 feria
1189 2497 1330 2559 secunda
1357 2499 1422 2561 exi·

154 2601 261 2664 visset.

259 2707 394 2769 Tercius
417 2709 505 2769 testis
538 2707 699 2789 Georgius
730 2707 832 2769 lassus
863 2722 920 2787 est,
953 2708 1041 2790 quod
1074 2706 1216 2791 prelatus
1248 2710 1354 2772 Lucas
1387 2710 1418 2772 in

153 2811 253 2876 domo
279 2815 377 2896 ipsius
402 2829 432 2876 et
456 2815 621 2876 dominico
647 2816 698 2876 die
723 2829 754 2877 et
778 2815 861 2876 dicta
887 2815 965 2876 feria
989 2815 1131 2876 secunda
1157 2813 1279 2878 fuisset.

260 2922 401 2995 Quartus
424 2923 512 2983 testis
536 2923 648 2984 Petrus
672 2921 774 2984 lassus
798 2937 844 2985 est
868 2922 984 2984 eodem
1009 2923 1118 2985 modo.

259 3028 400 3102 Quintus
424 3029 512 3090 testis
537 3030 684 3091 Thomas
708 3029 809 3090 lassus
833 3044 880 3092 est
903 3029 1020 3091 eodem
1045 3029 1155 3092 modo,

260 3135 364 3196 Causa
397 3136 479 3196 inter
512 3134 691 3217 Georgium
724 3136 960 3218 carpentarium
997 3149 1028 3197 et
1060 3136 1250 3217 magistrum
1276 3137 1422 3200 Blasium

151 3239 415 3302 archidiaconum
451 3240 670 3303 chasmensem
707 3257 738 3303 et
776 3243 968 3304 canonicum
1012 3243 1254 3324 zagrabiensem
1291 3245 1423 3307 racione

151 3346 318 3408 cuiusdam
344 3347 444 3408 debiti
469 3368 525 3430 per
549 3349 670 3410 dictum
693 3350 882 3430 magistrum
901 3350 1044 3411 Blasium
1070 3350 1177 3411 eidem
1194 3351 1330 3432 obligati
1347 3372 1423 3433 pre-

150 3466 238 3515 textu
263 3456 480 3536 quorumdam
504 3469 665 3518 certorum
697 3457 917 3518 laboratorum
951 3477 1007 3539 per
1040 3458 1145 3539 ipsum
1172 3455 1353 3539 Georgium
1388 3460 1422 3521 in

152 3560 368 3642 disposicione
393 3562 559 3624 cuiusdam
584 3564 701 3625 domus
724 3564 825 3644 ipsius
857 3564 999 3644 magistri
1026 3564 1123 3625 Blasii
1148 3579 1420 3646 consumptorum

151 3679 182 3727 et
207 3687 271 3729 non
297 3669 547 3750 persolutorum,
572 3669 667 3750 jurati
683 3670 919 3751 adjudicarunt,
945 3670 1033 3750 quod
1051 3671 1118 3751 ipse
1137 3669 1300 3752 Georgius
1316 3672 1422 3735 solus·

150 3786 216 3834 met
240 3773 344 3854 jurare
368 3776 408 3836 ad
433 3790 584 3837 octavum
608 3776 694 3837 diem
712 3777 844 3838 debebit
868 3796 926 3858 pro
944 3777 1013 3858 ipso
1039 3777 1160 3855 debito,
1186 3777 1274 3859 quod
1300 3779 1421 3842 eodem

149 3880 209 3940 sibi
234 3881 397 3962 obligatur
421 3896 452 3943 et
476 3882 578 3944 dictus
603 3883 754 3962 magister
775 3883 901 3944 Blasius
917 3883 1037 3958 solvat;
1063 3883 1088 3942 si
1113 3884 1191 3964 quid
1216 3897 1324 3946 autem
1351 3885 1421 3968 ipse

149 3987 300 4067 magister
324 3989 449 4050 Blasius
474 4005 585 4051 contra
610 3990 750 4053 eundem
775 3991 915 4052 accionis
937 3989 1083 4050 habuerit
1107 3989 1241 4070 juridice
1266 3992 1422 4073 requirat.

150 4094 302 4174 Magister
327 4095 452 4157 Blasius
476 4096 515 4157 de
540 4097 601 4158 hiis
626 4117 691 4158 non
716 4112 885 4159 contentus
909 4097 1085 4178 appellavit
1108 4096 1148 4157 ad
1173 4098 1327 4163 seniores.

255 4201 338 4262 lnter
355 4202 535 4263 Jankonem
553 4217 583 4265 et
602 4203 766 4264 Thomam
784 4204 1000 4285 Mosnyarkyn
1018 4203 1146 4264 racione
1160 4204 1418 4285 vituperacionis

149 4304 243 4383 jurati
268 4307 503 4387 adjudicarunt,
529 4310 617 4390 quod
643 4311 710 4390 ipse
735 4310 836 4370 Janko
858 4323 988 4391 propter
1013 4309 1207 4391 vituperium
1235 4308 1421 4397 surnolii(?)

149 4426 179 4471 et
203 4412 304 4475 duelli
329 4415 513 4496 prefixionis
538 4417 570 4477 in
595 4417 670 4478 vivo
695 4416 847 4497 homagio
879 4429 926 4477 est
949 4415 1125 4495 convictus,
1150 4416 1313 4496 judicibus
1336 4440 1417 4484 vero

148 4522 245 4581 ambo
272 4521 337 4581 duo
362 4523 497 4603 quilibet
522 4524 666 4606 quinque
690 4544 805 4606 pensas
829 4523 1034 4585 denariorum
1059 4523 1184 4584 solvere
1209 4523 1352 4589 habebit.

254 4627 337 4689 lnter
362 4629 482 4691 lucam
507 4646 537 4693 et
561 4631 710 4692 Vetulam
737 4632 863 4692 racione
900 4627 1030 4691 infamis
1064 4642 1095 4690 et
1119 4628 1414 4712 dehonestacionis,

147 4733 235 4813 quod
261 4735 401 4797 eundem
426 4735 528 4797 furem
553 4738 746 4819 appellasset
770 4753 801 4799 et
828 4736 988 4798 sufficiens
1018 4735 1242 4798 testimonium
1267 4758 1334 4801 non
1359 4740 1416 4803 ha·

146 4839 225 4918 buit,
238 4838 332 4920 jurati
346 4842 571 4924 adjudicarunt
586 4845 703 4906 auditis
714 4844 974 4927 probationibus,
988 4855 1097 4903 contra
1117 4841 1276 4924 prefatum
1292 4847 1414 4911 Lucam

147 4945 231 5009 dicta
258 4947 376 5011 mulier
401 4949 433 5011 in
459 4949 533 5012 vivo
557 4949 710 5033 homagio
734 4966 765 5012 et
788 4951 945 5013 convicta.
