3156 5364
696 385 781 441 Am
803 393 893 462 1455·
1091 460 1101 473 ,,
1363 398 1425 464 279

164 593 301 656 civitatis
324 593 446 676 prefate
462 613 563 676 prope
586 593 721 657 fluvium
738 595 833 656 Zawe
850 594 882 656 in
903 593 979 656 villa
998 592 1148 655 videlicet
1164 593 1325 674 Pobresya
1342 593 1425 655 inter

162 699 321 762 sessiones
350 700 496 762 similiter
527 700 747 782 jobagiouales
773 720 829 762 seu
860 700 932 762 loca
963 699 1149 762 sessionalia
1180 698 1347 761 Michaelis
1378 699 1425 780 ju·

162 807 242 869 dicis
266 805 324 868 filii
349 807 527 870 Sebastiani
551 809 591 869 ab
615 809 750 886 oriente,
774 809 814 867 ab
836 806 1003 870 occidente
1027 819 1134 868 autem
1160 806 1243 867 inter
1266 805 1337 868 loca
1361 825 1424 867 ses·

161 914 297 976 sionalia
320 934 378 976 seu
408 928 507 976 terras
538 928 644 977 nostre
676 915 917 977 communitatis
949 915 1085 993 habitas,
1108 914 1205 975 simul
1229 933 1303 975 cum
1333 914 1424 977 terris

162 1021 337 1083 arabilibus
362 1021 525 1105 Delnycze
556 1035 587 1084 et
612 1021 837 1107 Srebynnycze
870 1021 1010 1098 vocatis;
1043 1021 1119 1083 item
1145 1020 1300 1103 quasdam
1325 1035 1424 1083 terras

161 1128 299 1190 arabiles
324 1129 464 1210 ipsarum
490 1128 522 1190 in
547 1129 662 1190 eodem
686 1129 847 1191 territorio
879 1147 980 1210 prope
1004 1127 1184 1209 predictum
1208 1126 1368 1210 Pobresye
1393 1140 1425 1189 et

160 1233 244 1295 inter
267 1233 383 1296 fluvios
407 1232 574 1296 Borchena
599 1234 706 1296 mlalta
730 1248 761 1296 et
785 1233 954 1317 Thysycza
983 1234 1096 1313 dictos,
1120 1235 1179 1295 sub
1204 1252 1313 1295 earum
1337 1232 1423 1315 prio·

160 1339 249 1401 ribus
273 1340 357 1401 veris
381 1354 412 1402 et
428 1341 570 1422 antiquis
595 1340 699 1419 metis,
715 1341 802 1423 juxta
819 1355 969 1402 contenta
984 1341 1149 1403 literarum
1173 1339 1422 1422 privilegialium

159 1466 218 1529 pro
242 1461 331 1528 parte
356 1448 497 1529 ipsarum
514 1446 687 1529 superinde
712 1445 930 1509 confectarum
947 1461 1031 1509 recte
1056 1460 1087 1509 et
1111 1446 1268 1528 equaliter
1292 1446 1373 1506 inter
1389 1465 1422 1507 se

160 1552 338 1615 diviserunt
360 1567 518 1636 perpetuo
535 1553 728 1636 possidenda
754 1568 785 1616 et
803 1568 876 1616 sunt
900 1553 1013 1615 eedem
1029 1553 1121 1615 litere
1144 1552 1297 1636 pendenti
1314 1552 1422 1634 sigillo

159 1660 401 1722 communitatis
424 1659 611 1723 confirmate
635 1661 764 1722 nemine
788 1661 916 1743 penitus
939 1660 1187 1723 contradicente.

265 1765 345 1828 Item
370 1766 515 1828 Thomas
531 1765 616 1828 filius
632 1767 760 1828 Andree
785 1767 916 1828 totalem
935 1767 1122 1849 porcionem
1145 1765 1312 1828 cuiusdam
1329 1763 1421 1826 fundi

159 1874 192 1935 in
217 1873 288 1935 vico
314 1874 463 1936 exteriori
490 1874 597 1936 lutoso
629 1874 764 1936 civitatis
782 1872 903 1956 prefate
920 1874 1003 1936 inter
1027 1873 1142 1935 domos
1166 1886 1198 1935 et
1221 1871 1339 1934 fundos
1355 1877 1419 1933 An·

158 1979 262 2042 thonii
287 1977 379 2059 fabri,
404 1981 443 2042 ab
476 2000 540 2042 una
565 1994 652 2062 parte
685 1993 716 2042 et
738 1995 828 2064 parte
860 1981 900 2042 ab
932 1980 1030 2042 altera
1054 1980 1183 2042 Andree
1208 1979 1339 2041 cultoris
1361 1977 1420 2040 filii

157 2086 242 2148 Petri
274 2085 381 2149 habite
405 2100 436 2148 et
467 2087 641 2164 existentis,
677 2107 694 2148 a
727 2102 816 2170 parte
841 2087 917 2149 dicti
949 2085 1041 2148 fundi
1074 2101 1106 2148 et
1129 2087 1245 2149 domus
1276 2085 1420 2147 annotati

158 2191 287 2254 Andree
311 2192 416 2272 sitam,
440 2212 537 2255 unam
556 2206 702 2274 quartam
727 2193 813 2255 curie
838 2193 870 2255 in
890 2213 924 2255 se
941 2194 1168 2273 continentem,
1194 2213 1257 2274 que
1281 2191 1420 2254 condam

157 2296 290 2380 Agycbe
315 2297 460 2360 mulieris
483 2297 654 2381 prefuerat,
680 2298 822 2380 Georgio
854 2300 946 2362 aliter
971 2298 1080 2362 Guralc
1111 2313 1226 2362 vocato
1249 2297 1317 2360 filio
1340 2299 1419 2362 alte·

157 2404 223 2466 rius
247 2404 332 2466 Petri
358 2404 454 2466 aliam
479 2407 666 2488 porcionem
692 2407 834 2489 ejusdem
860 2405 963 2486 fundi,
987 2427 1085 2468 unam
1109 2407 1256 2469 similiter
1272 2420 1418 2488 quartam

157 2511 244 2575 curie
269 2511 302 2572 in
327 2531 360 2573 ae
385 2512 588 2592 continentis,
613 2533 671 2595 pro
704 2527 826 2596 septem
854 2512 923 2575 flor.
956 2513 1024 2575 auri
1053 2513 1199 2576 vendidit
1230 2514 1418 2575 auctoritate

156 2617 376 2680 commissaria
401 2634 557 2701 perpetuo
581 2619 821 2701 possidendam.

263 2723 340 2786 ltem
366 2724 498 2806 quidam
523 2724 642 2787 fundus
670 2727 773 2788 civilis
804 2746 923 2789 vacuus
946 2740 977 2789 et
1010 2725 1166 2788 hedificiis
1189 2726 1359 2788 destitutus
1384 2726 1417 2788 in

155 2829 227 2892 vico
252 2831 402 2893 exteriori
426 2830 661 2914 lutifigulorum
691 2835 773 2895 inter
804 2832 923 2896 fundos
946 2848 977 2896 et
1010 2833 1126 2895 domos
1150 2833 1328 2895 Clementis
1352 2833 1416 2894 cul·

155 2936 234 2998 toris
257 2952 288 2998 et
313 2936 464 3022 Symonis
488 2939 636 3001 similiter
660 2941 792 3003 cultoris
816 2941 953 3020 habitus,
978 2960 1075 3002 unam
1104 2953 1250 3022 quartam
1273 2940 1360 3002 curie
1384 2940 1417 3001 in

155 3062 189 3104 se
214 3043 392 3123 continens,
410 3045 465 3126 qui
490 3046 627 3107 condam
646 3046 770 3108 domini
797 3047 961 3109 Benedicti
979 3046 1125 3108 canonici
1150 3046 1284 3108 ecclesie
1308 3066 1417 3128 zagru-

155 3149 274 3212 biensis
298 3163 330 3212 et
352 3150 483 3232 plebani
508 3152 642 3214 ecclesie
670 3154 770 3215 sancti
802 3152 958 3214 lobannis
984 3152 1123 3234 baptiste
1154 3150 1325 3234 prefuerat,
1357 3171 1416 3234 pro

155 3273 221 3316 non
251 3255 418 3318 solucione
449 3257 616 3320 daciorum
648 3273 678 3322 et
711 3260 848 3321 aliorum
881 3259 1063 3321 debitorum
1096 3273 1127 3321 et
1157 3273 1414 3342 opportunorum

153 3360 362 3423 serviciorum
389 3377 571 3424 nostrorum
589 3366 811 3427 communium
832 3385 928 3448 super
944 3365 1209 3427 communitatem
1234 3365 1415 3443 devolutus,

154 3485 212 3549 per
234 3466 370 3529 eandem
394 3470 661 3532 communitatem
695 3471 870 3534 Benedicto
902 3471 1006 3552 jurato
1030 3484 1141 3534 nostro
1166 3471 1323 3533 moderno
1346 3470 1415 3533 filio

156 3573 322 3636 Michaelis
346 3589 393 3636 est
415 3576 565 3638 venditus
588 3591 744 3660 perpetuo
768 3578 993 3661 possidendus.

260 3680 339 3743 ltem
363 3682 495 3764 quidam
520 3681 640 3745 fundus
663 3685 766 3745 civilis
790 3685 886 3746 simul
915 3704 988 3747 cum
1013 3684 1131 3747 celario
1153 3685 1360 3746 subterraneo
1385 3698 1416 3746 et

153 3784 310 3848 hedificiis
333 3788 366 3849 in
390 3788 462 3850 vico
495 3791 642 3852 exteriori
667 3811 722 3852 seu
747 3792 851 3873 platea
879 3792 982 3853 lutosa
1008 3792 1090 3853 inter
1114 3790 1250 3852 fundum
1275 3810 1414 3852 vacuum

153 3892 274 3955 Mathei
298 3892 467 3977 freniparis
491 3910 522 3958 et
539 3897 637 3958 Lucie
662 3898 770 3959 relicte
795 3899 932 3960 condam
957 3898 1087 3977 Matbei,
1111 3900 1151 3960 ab
1169 3917 1231 3958 una
1256 3912 1356 3980 parte,
1373 3899 1413 3960 ab

153 4000 252 4062 altera
277 4021 354 4063 vero
379 4003 525 4065 Barnabe
549 4005 658 4085 generi
685 4005 798 4067 Thurlt
822 4005 949 4067 habitus
974 4020 1004 4066 et
1029 4006 1176 4083 existens,
1201 4005 1342 4066 mediam
1360 4025 1413 4067 cu·

153 4107 234 4168 riam
259 4108 299 4170 ad
325 4128 418 4171 usum
444 4111 580 4172 civitatis
612 4111 754 4194 predicte
785 4112 818 4173 in
842 4132 875 4173 se
907 4112 1085 4190 continens,
1109 4112 1164 4193 qui
1189 4111 1326 4173 condam
1351 4113 1414 4174 Ka·

152 4213 264 4296 thycze
291 4216 423 4278 muleris
447 4217 609 4300 prefuerat
633 4232 664 4280 et
680 4238 738 4300 pro
763 4238 827 4280 non
853 4219 1020 4280 solucione
1038 4217 1202 4279 daciorum
1228 4233 1259 4281 et
1275 4218 1412 4280 aliorum

152 4320 335 4383 debitorum
371 4337 402 4384 et
436 4338 694 4406 opportunorum
730 4326 940 4387 serviciorum
971 4338 1157 4387 nostrorum
1189 4325 1413 4387 communium

151 4447 247 4509 super
271 4431 537 4492 communitatem
570 4431 741 4493 devolutus
773 4445 804 4494 et
834 4431 1041 4508 redundatus‚
1067 4451 1140 4492 cum
1173 4432 1325 4492 omnibus
1348 4432 1414 4493 suis

153 4534 344 4597 utilitatibus
372 4552 402 4598 et
430 4539 637 4621 pertinenciis
666 4540 821 4600 universis
838 4539 958 4600 Jacobo
986 4539 1077 4600 aliter
1096 4539 1209 4599 larino
1234 4539 1320 4600 dicto
1344 4537 1413 4601 filio

152 4640 307 4703 Johannis
338 4643 413 4705 dicti
451 4645 550 4726 Bolye
583 4665 640 4726 pro
672 4645 894 4727 persolucione
926 4645 1143 4726 predictorum
1180 4645 1347 4707 deciorum
1380 4661 1411 4708 et

152 4746 290 4809 aliorum
323 4750 531 4811 serviciorum
564 4751 788 4812 communium
820 4751 1076 4832 supradictorum
1101 4767 1147 4816 est
1178 4753 1326 4816 venditus
1357 4772 1413 4838 per

155 4855 292 4919 eandem
318 4859 582 4920 communitatem
610 4873 766 4943 perpetuo
791 4858 1013 4941 possidendus.
