3142 5356
147 362 210 424 344
678 342 765 397 Anno
787 352 880 416 1440.

149 450 256 458 ..—

146 554 388 616 communitatis
405 553 560 628 habitam,
579 551 707 612 Andree
724 551 825 612 sutori
849 547 919 612 filio
936 550 1066 612 Thome
1086 551 1234 614 vendidit
1258 566 1410 635 perpetuo

146 659 373 743 possidendam
400 672 430 719 et
454 657 627 739 superinde
652 672 699 718 est
722 657 814 718 litera
838 658 898 718 sub
922 657 1076 738 pendenti
1101 658 1210 739 sigillo
1235 660 1412 720 communi·

146 767 219 829 tatis
243 780 403 827 emanata.

255 872 332 933 ltem
357 870 491 954 provida
516 871 633 932 mulier
658 871 796 932 Barbara
822 885 935 932 vocata
963 869 1029 932 filia
1051 871 1192 932 condam
1217 873 1323 933 Kusse
1347 891 1413 932 mu·

147 980 235 1041 lieris
269 998 354 1039 nunc
378 996 510 1039 consors
533 977 691 1057 legittima
715 976 845 1038 Andree
869 976 950 1038 fabri
980 976 1037 1039 filii
1064 976 1226 1060 Gregorii,
1251 980 1412 1061 quendam

148 1086 302 1167 (h)ortum
327 1104 421 1145 suum
454 1083 484 1144 in
519 1083 676 1144 suburbio
708 1084 846 1145 civitatis
877 1083 1019 1165 predicte
1052 1085 1134 1145 inter
1154 1085 1293 1166 (h)ortos
1319 1086 1413 1147 Blasii

148 1193 261 1254 decani
287 1207 317 1253 et
342 1192 450 1252 relicte
476 1210 513 1251 ac
536 1188 660 1250 filiastri
685 1189 822 1251 condam
849 1190 995 1252 Barnabe
1021 1189 1114 1268 labri,
1134 1191 1241 1270 jurati,
1260 1192 1415 1270 habitum,

148 1297 272 1382 prelato
298 1297 426 1358 Andree
452 1295 542 1357 labro
567 1296 703 1356 domino
728 1311 759 1356 et
783 1297 899 1357 marito
915 1315 975 1357 suo
999 1297 1161 1376 legittimo
1185 1298 1322 1360 donavit
1347 1319 1416 1380 per·

148 1420 246 1487 petuo
270 1403 504 1486 possidendum
523 1416 553 1463 et
577 1401 750 1484 superinde
770 1416 816 1464 est
833 1402 924 1464 litera
948 1404 1008 1463 sub
1032 1403 1186 1484 pendenti
1204 1404 1315 1483 sigillo
1332 1423 1418 1465 com·

148 1511 314 1573 munitatis
338 1524 496 1571 emanata.

255 1617 332 1678 Item
358 1614 519 1696 Georgius
543 1629 573 1676 et
598 1616 721 1677 Blasius
742 1615 799 1677 filii
825 1615 980 1676 Demetrii
1006 1615 1046 1677 de
1073 1615 1175 1692 Odra,
1199 1617 1331 1678 vineam
1357 1617 1418 1678 Va·

148 1724 262 1786 lentini
287 1721 460 1784 firmatoris
484 1741 633 1783 vasorum
666 1723 698 1783 in
730 1722 891 1783 territorio
923 1721 1061 1783 civitatis
1092 1722 1236 1804 predicte
1262 1723 1417 1801 habitam,

148 1849 211 1912 que
236 1829 375 1891 condam
408 1827 565 1890 lanchecz
598 1829 730 1890 cultoris
762 1826 933 1910 prefuerat,
968 1829 1043 1910 ipsis
1075 1848 1134 1910 pro
1157 1829 1276 1891 debitis
1301 1849 1417 1891 eorum

149 1936 386 1998 sentencialiter
411 1935 507 1995 vendi
533 1935 748 2012 commissam,
766 1933 925 2015 Gregorio
952 1934 1039 1996 dicto
1056 1935 1268 1997 Wrecharich
1292 1938 1419 2018 provi·

147 2044 228 2124 ginti
247 2058 319 2104 octo
338 2041 406 2103 flor.
432 2041 647 2102 vendiderunt
660 2056 816 2123 perpetuo
830 2041 1057 2123 possidendam
1075 2063 1112 2102 ex
1126 2061 1285 2104 consensu
1297 2045 1420 2106 vicino·

149 2170 219 2211 rum
237 2164 268 2210 et
279 2148 451 2230 superinde
469 2162 515 2209 est
535 2148 625 2209 litera
643 2148 702 2209 sub
714 2149 865 2230 pendenti
879 2148 988 2229 sigillo
1001 2149 1241 2210 communitatis
1260 2166 1422 2213 emanata.

255 2254 333 2315 ltem
359 2255 481 2336 Symon
507 2269 596 2315 sutor
621 2253 705 2315 tilius
740 2254 908 2331 Anthonii,
941 2255 1082 2316 concivis
1106 2270 1225 2333 noster,
1249 2256 1418 2337 quandam

151 2362 284 2422 domum
310 2380 400 2421 suam
425 2381 498 2421 cum
524 2359 626 2421 iundo
650 2375 681 2422 et
706 2358 863 2421 hedificiis
888 2361 918 2422 in
945 2362 1016 2422 vico
1045 2361 1145 2443 ipsius
1168 2362 1309 2424 civitatis
1334 2380 1424 2426 exte·

149 2469 225 2529 riori
250 2487 305 2528 seu
331 2468 436 2549 platea
461 2482 608 2528 sutorum
634 2468 715 2529 inter
743 2467 858 2528 domos
890 2468 1070 2528 liberorum
1095 2468 1265 2530 Michaelis
1288 2471 1425 2552 pistoria

149 2594 281 2657 panum,
305 2576 345 2635 ab
363 2593 437 2652 una,
463 2589 550 2656 parte
576 2576 616 2634 ab
633 2574 733 2635 altera
759 2594 834 2636 vero
853 2574 982 2656 Mathye
1007 2575 1124 2636 sutoris
1148 2575 1305 2655 habitam,
1323 2597 1424 2640 unam

150 2695 296 2763 quartam
322 2682 409 2742 curie
435 2681 465 2740 in
491 2701 523 2741 se
549 2681 781 2758 continentem,
807 2680 983 2742 Benedicto
1007 2681 1106 2742 sutori
1131 2680 1199 2744 lilio
1224 2683 1356 2746 Nicolai
1381 2685 1425 2748 de

150 2786 266 2865 Crisio,
285 2806 370 2848 novo
388 2787 514 2848 concivi
532 2801 654 2864 nostro,
672 2787 817 2848 vendidit
834 2802 992 2869 perpetuo
1011 2788 1239 2870 possidendam
1262 2805 1295 2851 et
1312 2811 1427 2873 snper·

152 2894 226 2954 inde
252 2907 298 2954 est
323 2894 413 2953 litera
438 2895 496 2953 sub
522 2894 675 2974 pendenti
701 2893 808 2973 sigillo
841 2895 1084 2956 communitatis
1108 2910 1266 2957 emanata.

256 2999 333 3060 ltem
360 3000 534 3060 Katherina
559 3001 651 3062 aliter
669 3001 778 3061 Katria
803 3015 914 3062 vocata
949 3021 1081 3062 consors
1097 3002 1257 3083 legittima
1283 3002 1424 3087 Georgii

150 3106 265 3167 literati
300 3104 413 3166 Thucz
446 3107 685 3187 cognominati,
718 3108 880 3187 quandam
921 3123 1038 3169 terram
1071 3128 1162 3170 suam
1195 3109 1355 3172 arabilem
1392 3113 1425 3174 in

150 3232 264 3294 campo
290 3213 427 3272 civitatis
451 3213 594 3293 predicte
612 3214 693 3274 inter
716 3227 816 3275 terras
841 3215 993 3296 Symonis
1017 3215 1057 3276 de
1083 3214 1216 3276 Raboch
1241 3230 1273 3276 et
1302 3232 1426 3281 terram

150 3320 282 3380 ecclesie
309 3320 501 3399 parochialis
534 3321 632 3381 sancti
667 3321 765 3381 Marci
799 3322 1005 3401 ewangeliste
1030 3323 1070 3383 ab
1104 3320 1195 3399 infra,
1222 3337 1253 3382 et
1279 3323 1426 3408 desuper

152 3426 234 3487 inter
258 3440 374 3486 terram
400 3425 576 3486 liberorum
603 3427 730 3486 Andree
759 3428 799 3486 de
823 3427 929 3487 Turre
961 3442 992 3488 et
1016 3429 1101 3489 viam
1127 3446 1339 3490 communem
1367 3430 1426 3493 ha-

150 3533 261 3610 bitam,
287 3533 365 3592 duas
390 3533 490 3592 dietas
516 3547 549 3594 ut
574 3533 689 3593 dicitur
708 3533 790 3595 inse
815 3535 1045 3612 continentem,
1071 3533 1194 3616 prelato
1213 3533 1353 3617 Symoni
1382 3538 1425 3599 de

151 3639 283 3700 llaboch
309 3638 453 3699 vendidit
479 3654 633 3719 perpetuo
658 3640 885 3720 possidendam
912 3655 942 3702 et
965 3641 1136 3723 superinde
1170 3655 1217 3701 est
1241 3641 1338 3704 litera
1362 3648 1427 3707 sub

151 3745 304 3827 pendenti
331 3744 437 3824 sigillo
464 3746 703 3806 communitatis
731 3761 888 3809 emanata.

257 3853 334 3912 Item
354 3850 497 3931 Georgio
523 3849 613 3913 labro
631 3851 698 3913 lilio
725 3854 885 3915 Francisci
907 3852 987 3915 labri
1006 3874 1062 3936 per
1087 3851 1259 3915 fassionem
1290 3856 1429 3920 Martini

151 3959 305 4040 sagiparis
330 3978 425 4039 super
451 3959 543 4018 vinea
576 3959 720 4020 eiusdem
747 3961 876 4021 Martini
910 3961 1064 4041 sagiparis
1089 3961 1120 4020 in
1153 3960 1318 4024 territorio
1344 3963 1427 4026 civi·

150 4067 223 4128 tatis
247 4066 388 4147 predicte
413 4065 521 4126 habita
547 4079 593 4125 est
609 4066 699 4127 litera
726 4067 936 4148 privilegialis
953 4068 1011 4127 sub
1029 4067 1181 4147 pendenti
1203 4067 1316 4148 sigillo
1332 4090 1428 4133 com·

151 4174 318 4235 munitatis
343 4187 500 4234 emanata.

257 4280 333 4341 ltem
368 4281 567 4361 Augustinus
600 4280 740 4342 carnifex
777 4282 904 4343 Kussne
944 4296 1094 4360 vocatus,
1131 4281 1296 4362 quandam
1329 4305 1428 4349 suam

150 4402 272 4472 partem
298 4389 456 4449 vinealem
490 4389 520 4448 in
554 4389 715 4449 territorio
749 4390 885 4450 civitatis
919 4388 1061 4470 predicte
1087 4388 1169 4450 inter
1201 4388 1317 4451 vineas
1340 4392 1428 4455 libe·

151 4516 259 4557 rorum
285 4496 415 4579 Zudych
441 4510 471 4556 et
497 4494 628 4574 Georgii
655 4496 781 4556 clientis
805 4496 959 4572 habitam,
986 4494 1114 4556 Thome
1133 4494 1326 4579 Grozynecz
1343 4519 1428 4564 ven-

152 4603 233 4663 didit
265 4617 420 4685 perpetuo
454 4603 683 4683 possidendam
716 4617 746 4663 et
780 4602 952 4683 superinde
986 4616 1031 4663 est
1055 4601 1146 4662 litera
1178 4604 1237 4664 sub
1262 4606 1428 4686 pendenti

152 4710 259 4790 sigillo
285 4711 527 4771 communitatis
552 4726 710 4772 emanata.

258 4817 333 4879 ltem
360 4817 505 4879 Andreas
530 4817 669 4897 agricola
699 4815 784 4878 filius
802 4816 867 4878 llke
884 4817 1029 4879 mulieris
1047 4817 1165 4879 sororis
1182 4816 1339 4900 Stephani
1358 4840 1428 4884 sar·
