3142 5356
200 556 283 627 ltem
312 555 398 626 leria
427 560 551 642 quarta
580 549 735 640 proxima
760 559 836 639 post
857 549 981 620 festum
1009 545 1245 621 conversionis
1273 547 1364 618 beati

636 674 733 746 Pauli
764 672 919 763 apostoli.

655 824 718 906 (26.
737 830 904 905 januarii).

256 971 335 1034 Item
354 969 536 1052 Stephanus
553 967 685 1052 pellifex
698 967 783 1030 filius
800 967 950 1050 Gregorii
968 968 1131 1050 quendam
1149 967 1307 1049 (b)ortum
1323 985 1417 1028 suum

150 1078 283 1142 totalem
308 1077 341 1138 in
365 1075 525 1139 territorio
559 1075 697 1137 civitatis
720 1089 751 1136 et
785 1075 819 1136 in
844 1075 1000 1136 suburbio
1025 1074 1162 1136 civitatis
1196 1074 1279 1136 inter
1303 1070 1414 1135 Mathi-

148 1185 276 1248 chinam
300 1182 436 1245 fluvium
463 1181 615 1244 metalem
633 1196 663 1243 et
688 1181 770 1243 inter
795 1182 966 1242 Pretokam
984 1180 1120 1243 fluvium
1138 1199 1197 1262 pro
1220 1178 1418 1242 molendinis

153 1304 298 1375 apertum
323 1309 359 1351 ac
384 1289 465 1350 inter
489 1286 644 1369 (h)0rtum
669 1287 845 1349 liberorum
871 1286 1010 1348 condam
1035 1287 1127 1348 Pauli
1152 1285 1416 1368 Thotbaryewa

152 1396 380 1480 septemtrione
405 1409 435 1455 et
459 1395 541 1456 inter
565 1393 718 1475 (h)ortum
736 1395 899 1456 Valentini
924 1394 1056 1456 cultoris
1081 1394 1239 1472 habitum,
1264 1392 1414 1455 undecim

149 1504 230 1566 lecta
266 1501 365 1583 vulgo
396 1500 494 1582 grede
534 1500 618 1562 dicta
650 1501 681 1561 in
714 1519 747 1561 se
778 1501 1018 1579 continentem,
1050 1501 1174 1562 Briccio
1207 1499 1308 1582 judici
1351 1498 1417 1560 filio

150 1607 316 1672 Benedicti
341 1625 399 1688 pro
424 1605 566 1686 quodam
591 1604 693 1666 lundo
717 1625 775 1667 suo
801 1627 902 1668 vacuo
933 1607 964 1667 in
989 1607 1061 1668 vico
1086 1606 1186 1688 ipsius
1209 1605 1351 1667 civitatis
1366 1623 1417 1665 es·

149 1713 259 1777 teriori
283 1733 340 1774 seu
364 1711 468 1793 platea
493 1709 729 1792 lutifigulorum
755 1712 837 1773 inter
862 1711 979 1774 fundos
1005 1711 1136 1792 Georgii
1162 1711 1280 1773 literati
1305 1725 1337 1772 et
1361 1710 1417 1792 Sy·

152 1819 259 1882 monis
283 1818 323 1879 de
349 1816 508 1879 Grathsan
532 1817 654 1895 habit0,
686 1837 784 1878 unam
814 1831 960 1899 quartam
993 1819 1080 1879 curie
1105 1818 1136 1878 in
1163 1836 1196 1878 se
1220 1817 1418 1893 continente,

150 1945 207 2010 per
231 1924 364 1986 modum
391 1923 642 2006 permutacionis
666 1923 756 1986 dedit
780 1937 937 2006 perpetuo
961 1922 1204 2005 possidendum.

260 2030 337 2091 ltem
355 2029 510 2090 medietas
534 2028 699 2090 cuiusdam
718 2030 835 2091 domus
855 2043 978 2091 mutate
1007 2044 1038 2091 et
1061 2028 1153 2091 fundi
1178 2043 1264 2091 retro
1282 2027 1416 2090 eandem

153 2137 253 2199 habiti
278 2136 310 2196 in
335 2134 419 2196 dicta
444 2134 572 2196 civitate
597 2134 679 2195 inter
704 2135 818 2196 domos
842 2151 872 2198 et
894 2135 1012 2197 lundos
1037 2136 1153 2197 Marini
1178 2135 1306 2217 pridem
1324 2133 1417 2215 jurati

153 2243 211 2305 filii
236 2240 377 2319 Clarich‚
394 2243 434 2302 ab
459 2260 521 2301 una
539 2253 638 2322 parte,
663 2242 703 2302 ab
724 2241 824 2302 altera
847 2262 924 2304 vero
942 2242 1075 2303 Fabiani
1093 2240 1151 2303 filii
1170 2241 1311 2319 Thome,
1329 2240 1419 2302 cuius

153 2349 256 2411 eciam
282 2347 409 2425 domus,
427 2345 518 2407 lundi
537 2360 568 2407 et
584 2344 809 2409 hedificiorum
826 2349 922 2409 aliam
947 2349 1153 2410 medietatem
1170 2348 1310 2409 Barbara
1327 2347 1419 2408 aliter

153 2456 243 2518 Jellra
275 2466 387 2514 vocata
419 2449 485 2514 filia
511 2452 676 2534 Stephani,
710 2474 795 2515 nunc
828 2474 959 2516 consors
992 2455 1126 2537 predicti
1152 2453 1289 2515 Fabiani
1312 2453 1419 2515 litera·

151 2562 232 2624 torie
257 2559 435 2621 dinoscitur
459 2558 634 2640 possidere,
660 2579 718 2640 pro
744 2579 810 2621 non
835 2562 1001 2622 solucione
1027 2561 1192 2622 deciorum
1219 2575 1249 2621 et
1273 2574 1418 2622 taxarum

152 2682 217 2730 tam
242 2666 367 2727 domini
391 2665 491 2727 nostri
523 2666 617 2746 regis,
642 2685 739 2748 quam
774 2668 874 2728 eciam
907 2682 1089 2729 nostrorum
1113 2667 1337 2729 communium
1363 2685 1419 2747 per

154 2773 361 2838 scolasticam
394 2785 424 2832 et
450 2771 584 2833 Elenam
609 2770 691 2834 filias
723 2775 861 2835 condam
892 2773 986 2836 Clare
1020 2774 1165 2835 mulieris
1188 2771 1254 2835 filie
1279 2773 1418 2834 condam

153 2878 297 2944 lwchech
322 2876 380 2939 filii
405 2879 537 2958 Begani,
563 2879 657 2940 nobis
681 2894 711 2940 et
742 2880 801 2962 ipsi
827 2880 961 2942 domino
993 2894 1103 2942 nostro
1127 2879 1194 2960 regi
1219 2898 1285 2940 non
1310 2897 1418 2961 perso·

153 2987 239 3064 lutis,
264 3003 322 3067 pro
347 2984 448 3046 tribus
472 2983 541 3046 flor.
566 2986 634 3046 auri
657 2986 762 3048 eidem
788 2988 926 3049 Barbare
946 2988 1048 3049 vicine
1074 2987 1173 3070 ipsius
1197 2986 1315 3048 domus
1332 3005 1417 3049 com-

155 3093 293 3156 munitas
318 3091 464 3153 vendidit
487 3107 644 3174 perpetuo
669 3095 907 3176 possidendam.

259 3199 338 3260 Item
364 3199 495 3260 domina
522 3200 724 3282 Margaretha
757 3203 865 3264 relicta
891 3203 1028 3264 condam
1053 3202 1179 3263 Nicolai
1212 3202 1288 3264 dicti
1314 3202 1417 3263 Dene-

154 3305 230 3393 sych
255 3305 294 3365 de
319 3304 436 3382 Mlaka,
470 3305 674 3368 medietatem
709 3309 876 3370 cuiusdam
909 3310 1024 3370 domus
1057 3323 1179 3370 mutate
1212 3323 1242 3370 et
1266 3308 1359 3370 fundi
1383 3327 1417 3370 ac

155 3411 380 3474 hedificiorum
405 3411 436 3471 in
455 3410 538 3472 dicta
556 3413 682 3474 civitate
704 3415 917 3477 inter·domos
933 3416 1080 3477 similiter
1097 3428 1237 3477 muratas
1254 3430 1285 3477 et
1302 3414 1418 3478 lundos

155 3540 190 3582 ac
223 3517 370 3580 hedificia
403 3519 584 3598 ligneorum
617 3540 752 3601 operum
786 3522 942 3583 lobannis
973 3521 1030 3583 filii
1066 3523 1146 3583 Pero
1179 3520 1295 3603 judicis
1318 3522 1417 3583 nostri

154 3625 302 3688 moderni
320 3627 359 3686 ab
377 3625 499 3686 oriente
518 3640 548 3686 et
565 3625 741 3688 liberorum
766 3628 903 3690 condam
921 3627 1073 3712 Gasparis
1089 3628 1206 3690 literati
1223 3627 1281 3690 filii
1300 3627 1418 3690 Cosme

154 3731 307 3795 aurifabri
333 3732 450 3812 habite,
476 3751 573 3793 unam
608 3748 753 3814 quartam
789 3736 876 3797 curie
901 3736 934 3797 in
957 3755 990 3796 se
1023 3735 1253 3811 continentem,
1277 3735 1339 3796 sibi
1363 3754 1418 3816 per

155 3859 213 3901 nos
237 3839 329 3899 novis
362 3839 478 3900 nostris
506 3839 606 3900 literis
639 3841 896 3922 privilegialibus
927 3855 1088 3919 statutam,
1112 3840 1290 3902 Benedicto
1314 3840 1418 3923 jurato

154 3960 262 4008 nostro
289 3945 446 4006 moderno
479 3943 546 4006 filio
572 3945 740 4007 Michaelis
772 3967 869 4009 unam
896 3948 1043 4009 similiter
1074 3961 1219 4008 octavam
1246 3947 1278 4007 in
1305 3947 1417 4008 eadem

155 4052 253 4114 domo
279 4066 402 4112 murata
420 4066 450 4113 ct
468 4051 569 4112 lundo
590 4073 627 4112 ac
650 4052 806 4114 hedificiis
823 4055 1025 4136 possidentis,
1050 4073 1107 4136 pro
1125 4054 1239 4134 viginti
1261 4053 1418 4116 donanti

155 4158 301 4221 vendidit
324 4171 480 4241 perpetuo
504 4158 732 4240 possidendam
751 4161 804 4240 ita,
829 4162 918 4242 quod
942 4162 1009 4244 ipse
1034 4159 1227 4223 Benedictus
1250 4159 1373 4241 juratus
1390 4173 1420 4221 et

155 4286 211 4349 per
236 4285 309 4326 eum
336 4265 384 4326 sui
409 4264 543 4326 heredes
568 4265 650 4326 dicte
676 4267 857 4328 medietatis
882 4287 939 4348 pro
956 4282 1099 4349 tempore
1123 4286 1325 4349 possessores
1352 4286 1417 4328 me·

157 4373 248 4433 dium
272 4371 342 4434 flor.
360 4373 429 4433 auri
454 4372 492 4433 ad
511 4372 684 4433 claustrum
707 4374 806 4436 sancti
824 4375 950 4436 Nicolai
968 4372 1159 4436 confessoris
1175 4374 1312 4455 singulis
1327 4374 1419 4436 annis

156 4479 231 4541 dare
256 4480 460 4540 tenebuntur.

263 4584 341 4646 ltem
367 4586 466 4647 Elena
493 4586 602 4647 relicta
629 4599 660 4647 et
687 4587 826 4648 Michael
843 4586 927 4648 lilius
951 4586 1089 4648 condam
1115 4587 1198 4648 Petri
1221 4587 1417 4651 balneatoris

155 4691 362 4754 medietatem
389 4693 555 4754 cuiusdam
574 4693 700 4770 domus,
725 4691 830 4771 fundi,
855 4694 961 4754 celarii
978 4693 1176 4754 subterranei
1201 4707 1231 4755 et
1254 4693 1417 4757 hedificio·

156 4818 226 4860 rum
252 4799 284 4860 in
310 4803 380 4861 vico
406 4814 515 4862 nostro
540 4800 689 4862 exteriori
713 4819 770 4861 seu
794 4800 898 4883 platea
927 4799 1178 4862 Theuthonicali
1203 4800 1418 4865 intendemus
