3142 5356
525 516 727 597 Anno1481.
753 553 794 563 —
819 534 868 598 14.
892 520 1055 584 decembres.
1403 544 1418 604 5

262 731 336 794 Item
361 752 456 793 causa
481 733 563 794 inter
587 733 796 794 Valentinum
815 733 934 815 Sporar
959 749 989 796 et
1007 734 1206 818 Stephanum
1231 735 1357 798 fabrum
1374 751 1421 800 est

183 852 255 898 causa
275 853 444 921 prorogata
469 840 508 900 ad
533 839 711 901 secundum
736 838 902 920 judicium.

265 945 337 1008 Item
373 947 566 1008 Valentinus
608 945 783 1008 lsakowich
819 964 885 1008 non
931 949 1112 1031 comparuit
1153 949 1192 1010 ad
1228 949 1417 1012 instanciam

185 1045 277 1112 llrthie
301 1051 458 1116 Thnrcin.

229 1286 314 1363 laria
342 1298 441 1363 sexta
469 1293 624 1381 proxima
651 1299 729 1381 post
757 1291 880 1364 testum
908 1291 998 1364 beati
1027 1291 1166 1364 Martini
1194 1295 1352 1384 episcopi.

644 1444 711 1526 (16.
736 1445 920 1528 novembris).

262 1585 334 1648 ltem
360 1586 452 1648 Hans
484 1586 625 1670 frenipar
656 1585 731 1650 fecit
763 1588 961 1669 proclamare
994 1607 1051 1670 pro
1085 1588 1185 1650 literis
1217 1587 1420 1669 inquirendis

185 1684 213 1745 td
231 1689 351 1755 domum
368 1693 506 1755 condam
525 1693 727 1778 Ryhtaricza,
749 1695 824 1776 quia
846 1695 913 1776 ipse
932 1695 1021 1756 Hans
1037 1694 1134 1757 habet
1151 1693 1248 1756 liliam
1274 1694 1418 1757 eiusdem

185 1788 353 1878 llihtaricza;
378 1799 498 1881 etjam
522 1801 619 1863 tercia
650 1801 719 1862 vice
749 1815 796 1863 est
828 1801 1062 1884 proclamatum
1086 1815 1118 1862 et
1149 1800 1239 1862 litere
1264 1819 1329 1862 non
1361 1821 1418 1884 po·

184 1907 281 1966 tucrum
304 1907 452 1969 inveniri.

263 2009 333 2074 ltem
358 2013 479 2074 nobilis
502 2012 684 2075 Herendicz
709 2014 749 2076 de
775 2015 877 2097 Lippa
903 2015 934 2075 in
960 2013 1020 2075 hoc
1045 2013 1187 2075 secundo
1212 2014 1333 2096 judicio
1351 2035 1417 2077 non

185 2119 329 2195 comparuit
352 2120 393 2180 ad
422 2119 612 2181 instanciam
636 2120 782 2182 mulieris
810 2120 914 2182 Katha
937 2134 1049 2182 vocate
1084 2133 1264 2181 consortem
1291 2121 1417 2182 Benaak

185 2231 229 2292 pro
246 2225 362 2308 triginta
388 2226 517 2288 duobus
548 2226 617 2291 flor.
651 2228 731 2306 auri,
763 2247 821 2310 pro
854 2228 971 2309 quibus
1000 2227 1086 2288 idem
1119 2227 1301 2289 Herendicz
1324 2247 1417 2309 agere

185 2318 290 2394 intendit
312 2347 422 2396 contra
448 2333 624 2415 predictam
654 2334 833 2396 mulierem.

264 2436 332 2500 ltem
359 2440 391 2501 in
418 2460 511 2501 causa
537 2440 619 2501 inter
636 2440 843 2502 Valentinum
864 2440 981 2522 Sporar
1010 2452 1041 2501 et
1065 2439 1264 2521 Stephanum
1289 2439 1415 2502 fabrum

185 2549 229 2609 1³10
247 2546 373 2622 quadam
399 2545 517 2625 kwtha,
540 2546 635 2628 jurati
660 2546 926 2628 adjudicaverunt
950 2543 1073 2628 prelato
1098 2546 1272 2609 Valentino
1297 2547 1416 2630 Sporar

185 2633 312 2719 deponere
337 2653 555 2732 juramentum
580 2652 658 2714 feria
682 2666 768 2714 serta
800 2653 945 2735 proxime
969 2666 1103 2714 ventura
1126 2672 1222 2735 super
1246 2673 1296 2732 eo,
1326 2655 1415 2736 quod

184 2746 274 2820 prelata
295 2760 389 2820 vestis
415 2759 521 2821 kwtha
545 2773 592 2822 est
615 2779 671 2821 sua
696 2773 728 2821 et
750 2779 807 2842 per
831 2759 936 2842 ipsum
954 2760 1127 2841 persoluta,
1153 2761 1228 2841 quia
1255 2775 1322 2823 erat
1345 2782 1416 2844 per·

184 2844 234 2914 dita
252 2859 277 2923 in
299 2865 398 2927 domo
423 2885 481 2927 sua
506 2880 536 2928 et
559 2867 665 2928 statim
690 2867 832 2949 predicta
864 2867 960 2928 vestis
985 2868 1068 2928 ltwta
1091 2866 1198 2930 eidem
1223 2867 1326 2930 detur.

263 2971 333 3035 ltem
366 2975 399 3036 in
433 2993 527 3036 causa
559 2975 642 3037 inter
674 2973 758 3035 lwan
790 2987 932 3036 sutorem
964 2988 994 3036 et
1026 2974 1167 3036 relictam
1200 2975 1336 3037 Lowrelt
1357 2995 1416 3058 pro

184 3065 342 3142 quibusdam
367 3081 641 3164 percussionibus,
662 3080 754 3162 jurati
787 3080 1062 3161 adjudicaverunt,
1095 3081 1182 3162 quod
1211 3081 1286 3162 quia
1310 3083 1415 3165 ptimo

184 3183 244 3237 ⁰¹0¹
261 3188 387 3266 predicti
415 3187 501 3248 lwan
524 3187 680 3270 percussit
703 3206 839 3270 puerum
864 3187 1006 3248 eiusdem
1036 3186 1143 3249 relicte
1168 3187 1208 3249 ad
1232 3201 1360 3267 terram,
1385 3202 1416 3250 et

182 3285 283 3354 tosthae
305 3295 371 3377 ipsa
396 3295 508 3356 relicta
531 3293 686 3377 percussit
717 3313 850 3356 uxorem
883 3294 1027 3355 eiusdem
1053 3294 1189 3356 Lowrek
1221 3294 1261 3355 ad
1286 3294 1414 3356 effusio·

183 3398 238 3452 ΜΠ]
256 3403 424 3484 sanguinis,
449 3402 537 3482 quod
562 3401 725 3485 percussio
749 3401 789 3462 sit
812 3421 875 3462 una
901 3421 958 3482 pro
979 3401 1077 3462 altera
1103 3414 1234 3477 mutuo;
1260 3420 1318 3484 pro
1336 3400 1414 3462 effu-

181 3486 250 3562 sione
273 3509 438 3591 sanguinis
470 3509 537 3590 ipsa
568 3509 677 3570 relicta
710 3507 806 3569 debet
837 3507 962 3569 solvere
995 3506 1150 3569 ducentos
1183 3506 1332 3568 denarios
1355 3527 1414 3588 pro

181 3592 298 3690 bimsslo.

261 3718 333 3783 ltem
357 3722 390 3783 in
409 3739 503 3782 causa
521 3721 603 3782 inter
620 3719 799 3782 lohannem
819 3719 1018 3781 Soldinaricz
1039 3732 1070 3780 et
1094 3720 1208 3803 Jurycz
1225 3718 1412 3780 conclusum

180 3822 216 3869 ²⁸1
234 3827 306 3901 quod
333 3827 497 3911 predictus
520 3826 682 3888 lohannes
707 3826 906 3888 Soldinaricz
931 3825 971 3887 ad
996 3825 1179 3908 proximum
1204 3823 1348 3887 futurum
1365 3824 1413 3906 ju·

180 3910 272 3993 dicium
295 3934 391 3997 debet
423 3934 600 4016 approbare
631 3952 721 3994 suam
754 3933 918 3994 accionem
943 3945 1052 3994 contra
1083 3931 1264 4015 predictum
1289 3931 1412 3994 Jwricz.

260 4037 332 4101 ltcm
358 4059 488 4102 causam
512 4059 570 4122 pro
594 4039 733 4121 quadam
758 4053 842 4101 terra
866 4039 948 4100 inter
974 4039 1172 4121 Stephanum
1197 4037 1357 4100 literatum
1382 4051 1414 4098 et

182 4128 324 4208 Nicolaum
349 4145 476 4209 labrum
508 4159 763 4228 prorogaverunt
793 4144 886 4226 jurati
917 4145 958 4206 ad
991 4144 1134 4207 futurum
1158 4145 1298 4227 primum
1329 4143 1412 4223 judi-

177 4238 251 4330 cium,
270 4253 357 4336 quod
381 4253 492 4316 medio
515 4267 660 4335 tempore
693 4253 936 4330 concordarent,
969 4267 999 4314 et
1022 4252 1047 4313 si
1080 4271 1145 4313 non
1170 4249 1413 4313 concordabunt

173 4363 232 4418 tunc
252 4374 456 4444 compareant
478 4360 519 4422 ad
542 4361 754 4443 prescriptum
777 4359 961 4421 terminum.

233 4594 325 4671 leria
353 4605 453 4670 sexta
481 4599 635 4688 proxima
663 4606 740 4688 post
767 4598 889 4671 festum
918 4599 1014 4669 beate
1042 4599 1140 4672 Lucie
1167 4585 1332 4689 virginis]

648 4757 708 4831 (14.
733 4752 905 4826 decembris).

253 4893 395 4958 Causam
419 4893 501 4957 inter
525 4893 691 4956 Matbeum
709 4892 887 4975 Spilwsych
908 4906 939 4954 et
955 4891 1124 4953 dominum
1150 4889 1325 4971 Georgium
1344 4888 1412 4972 ple·

145 5007 269 5070 bunum
293 4998 428 5063 ecclesie
444 5000 544 5063 sancti
569 4999 698 5062 Martini
716 4999 754 5061 de
774 4999 928 5062 suburbio
943 5013 1068 5064 motam
1091 4998 1224 5066 racione
1250 4997 1425 5066 cuiusdam
