3142 5356
601 330 688 386 Anno
711 324 803 405 1428.
1276 327 1331 406 165

59 434 141 442 ——-
149 434 451 441 ——---—-——--.-.—
466 436 472 440 .
481 435 502 440 .-

60 539 192 600 riorum
229 538 289 599 sibi
313 537 408 620 plene
433 537 614 620 persolutis,
646 537 792 598 vendidit
818 552 975 620 perpetuo
1010 537 1257 618 possidendam,
1283 538 1333 599 cui

63 645 205 726 quidem
232 642 421 705 molendino
446 643 660 704 communitas
684 644 840 724 quasdam
868 644 947 705 alias
970 656 1069 705 terras
1091 662 1164 704 suas
1187 644 1334 723 arabiles,

63 764 145 834 puta
160 769 360 829 communes,
377 750 498 811 ibidem
520 769 620 832 prope
637 764 668 811 et
685 769 782 831 penes
799 750 902 831 ipsum
922 748 1145 811 molendinum
1164 769 1200 810 ac
1216 749 1334 811 dictam

63 872 187 919 terram
213 857 368 918 arabilem
393 856 517 918 habitas
541 872 572 918 et
596 856 775 934 existentes,
807 857 904 918 simul
928 875 1001 918 cum
1023 855 1114 918 totali
1139 853 1228 917 senili
1252 855 1335 917 inter

64 963 199 1024 easdem
224 976 323 1025 terras
346 963 484 1024 arabiles
516 962 625 1025 habito
658 963 805 1045 desuper,
838 963 988 1024 videlicet
1019 983 1035 1023 a
1064 962 1291 1044 septemtrione
1316 982 1333 1023 a

66 1068 262 1130 molendino
286 1069 386 1130 sancti
412 1070 566 1131 lobannis
590 1069 737 1151 baptiste,
762 1084 793 1131 et
815 1067 895 1130 infra
920 1068 1085 1151 usquead
1111 1067 1334 1129 molendinum

67 1174 305 1236 monachorum
338 1174 466 1236 claustri
496 1175 580 1236 beati
613 1174 773 1236 Francisci
807 1173 999 1236 confessoris
1030 1188 1061 1235 et
1084 1193 1185 1255 usque
1210 1173 1334 1235 molen·

67 1280 183 1342 diuum
217 1278 359 1342 filiorum
384 1280 518 1362 Chupor
554 1280 593 1341 ad
626 1295 749 1362 partem
782 1280 1027 1342 meridionalem
1063 1279 1269 1362 procedendo
1300 1299 1334 1340 se

68 1387 283 1466 extendentis,
307 1407 380 1449 cum
407 1388 563 1449 universis
587 1406 697 1448 earum
715 1387 921 1470 pertinenciis
944 1387 1142 1468 applicantes
1165 1385 1334 1447 statuimus

67 1509 227 1577 perpetuo
260 1494 319 1576 ipsi
345 1493 482 1556 lohanni
516 1493 746 1576 possidendas,
779 1495 819 1554 ita
845 1508 964 1570 tamen,
997 1492 1084 1573 quod
1109 1490 1250 1574 prelatus
1281 1491 1333 1552 Jo-

67 1600 193 1662 hannes
218 1600 336 1662 Pehem
362 1614 393 1661 et
423 1601 472 1661 sui
504 1601 608 1662 cuncti
641 1620 838 1662 successores
862 1600 902 1661 de
927 1600 1041 1661 eodem
1075 1599 1265 1661 molendino
1297 1619 1333 1661 ac

69 1707 110 1769 de
135 1707 213 1789 ipsis
236 1707 328 1768 terris
351 1707 527 1768 arabilibus
551 1726 650 1767 unum
680 1706 750 1768 flor.
783 1707 852 1768 auri
875 1721 906 1767 et
931 1725 1030 1767 unum
1056 1705 1209 1767 cubulum
1234 1723 1333 1765 avene

68 1827 217 1891 tempore
234 1813 347 1873 messis
364 1813 455 1873 aunis
479 1813 613 1894 siugulis
642 1812 728 1874 etde
754 1813 823 1894 ipso
841 1811 930 1873 ienili
954 1811 1046 1874 totali
1063 1812 1157 1873 nobis
1181 1824 1211 1872 et
1227 1825 1334 1873 nostre

69 1919 296 1980 communitati
321 1918 397 1980 dare
429 1918 591 1980 tenebitur
623 1931 653 1978 et
688 1919 862 1997 debebunt,
887 1918 970 1980 viam
1003 1937 1100 2000 quam
1125 1918 1221 1979 latam
1252 1918 1334 1979 inter

69 2025 201 2086 easdem
226 2039 324 2087 terras
341 2038 371 2085 et
394 2024 536 2106 amplam
562 2025 593 2084 in
611 2025 719 2105 spacio
743 2024 882 2086 duorum
904 2025 954 2085 vel
971 2025 1067 2085 trium
1092 2037 1146 2086 aut
1171 2024 1247 2085 citra
1264 2043 1333 2085 cur·

69 2151 163 2192 ruum
190 2131 287 2192 simul
318 2131 557 2192 transeuncium
588 2150 724 2209 servare,
756 2145 887 2212 pontem
912 2133 1000 2192 bono
1032 2130 1131 2192 modo
1163 2127 1332 2193 hedificare

68 2258 197 2321 semper
220 2237 381 2299 tenebitur
405 2251 435 2298 et
461 2237 635 2298 debebunt.

176 2343 255 2404 ltem
280 2344 355 2424 quia
380 2343 498 2404 Paulus
523 2343 670 2405 Thothar
693 2343 867 2424 quemdam
897 2342 1033 2405 fundum
1060 2363 1154 2404 suum
1177 2342 1333 2404 hedificiis

70 2450 272 2528 destitutum,
298 2450 330 2510 iu
348 2450 475 2511 civitate
492 2470 590 2532 penes
607 2451 732 2511 Novam
751 2464 876 2533 portam
901 2450 1037 2513 civitatis
1053 2464 1084 2511 et
1105 2450 1186 2512 circa
1203 2470 1331 2512 murum

69 2556 215 2618 eiusdem
241 2556 386 2634 civitatis,
420 2557 451 2617 in
484 2571 635 2637 postergo
668 2557 784 2617 domus
807 2557 983 2618 liberorum
1015 2556 1152 2618 condam
1176 2555 1332 2618 Anthonii

68 2662 145 2724 dicti
172 2660 347 2723 Zernchich
385 2662 538 2741 habitam,
573 2682 669 2723 unam
704 2678 850 2743 quartam
875 2663 907 2724 in
931 2683 965 2725 se
998 2663 1226 2740 continentem,
1259 2681 1331 2723 cum

67 2788 181 2830 secura
205 2768 256 2829 via
280 2768 320 2829 ad
345 2768 453 2830 locum
471 2769 590 2847 cloace,
615 2784 710 2850 prout
735 2768 821 2830 idem
839 2767 959 2830 fundus
974 2770 1014 2831 ab
1039 2769 1173 2850 antiquo
1197 2782 1244 2831 est
1259 2787 1332 2852 pos-

67 2895 186 2954 sessus,
205 2875 329 2935 Briccio
346 2873 413 2935 filio
431 2873 558 2936 Thome
584 2876 847 2937 testamentaliter
863 2875 998 2956 legavit3
1019 2875 1093 2936 ideo
1117 2895 1176 2936 nos
1192 2874 1331 2937 eundem

68 2981 208 3043 fundum
235 3001 307 3042 cum
333 2982 496 3063 premissis
519 2983 641 3042 cunctis
664 2982 730 3043 suis
757 2982 962 3064 pertinenciis
992 2976 1097 3044 eidem
1123 2982 1247 3044 Briccio
1271 2995 1332 3043 sta·

66 3088 192 3150 tuimus
215 3086 457 3169 possidendum.

177 3194 255 3255 ltem
282 3195 478 3255 Laurencius
509 3207 598 3256 sutor
629 3194 714 3255 filius
745 3194 864 3255 Mathei
890 3195 965 3258 dicti
998 3195 1137 3275 Kuuich‚
1169 3196 1332 3277 quandam

69 3301 167 3363 unius
192 3313 304 3380 quarte
329 3300 462 3361 domum
488 3321 578 3361 suam
611 3302 641 3361 in
675 3301 746 3361 vico
770 3316 926 3380 sutorum,
959 3302 1040 3364 inter
1064 3302 1179 3363 domos
1203 3303 1331 3364 Martini

69 3407 183 3468 Ztizlra
207 3418 239 3468 et
264 3406 429 3468 Benedicti
455 3407 582 3468 lwanlra
614 3407 767 3485 habitam,
799 3427 871 3469 cum
898 3407 998 3469 fundo
1023 3422 1054 3470 et
1085 3407 1241 3470 hedificiis
1265 3410 1331 3471 Ma·

70 3515 155 3574 ricze
179 3513 318 3574 consorti
352 3533 407 3573 sue
440 3514 528 3591 alias,
565 3534 648 3575 nunc
680 3516 719 3575 ab
751 3535 789 3575 eo
822 3511 1033 3596 profugiente,
1066 3535 1124 3596 pro
1148 3515 1209 3576 alla
1233 3515 1332 3576 domo

70 3621 215 3702 ipsorum
241 3619 335 3680 unlus
359 3637 481 3698 octave,
506 3641 603 3701 quam
629 3621 660 3681 in
686 3622 833 3682 absencia
863 3623 961 3703 ipsius
985 3623 1129 3683 vendidit
1152 3642 1192 3685 ex
1216 3623 1332 3684 admis-

68 3728 161 3788 sione
186 3726 284 3786 nostri
309 3727 341 3786 in
365 3726 465 3787 literis
493 3727 749 3807 privilegialibus
781 3747 938 3808 expressa,
963 3748 998 3789 ac
1029 3749 1065 3789 ex
1091 3729 1166 3809 ipsis
1190 3730 1331 3810 supervi·

70 3832 157 3894 venti
191 3831 280 3894 dedit
313 3846 468 3913 perpetuo
500 3833 726 3914 possidendam
762 3835 814 3911 ita,
842 3833 929 3914 quod
963 3834 1094 3895 ultimus
1125 3835 1333 3916 supervivens

70 3940 190 4000 dictam
215 3938 348 3999 domum
382 3939 476 4000 unius
507 3954 617 4020 quarte
650 3939 781 4000 liberam
815 3938 930 4001 habeat
960 3940 1161 4020 gubernandi
1195 3955 1226 4002 et
1250 3961 1331 4023 quo-

71 4046 313 4127 modocumque
338 4046 476 4107 voluerit
501 4046 692 4128 disponendi
718 4046 911 4108 facultatem.

178 4153 256 4213 ltem
282 4151 445 4213 lohannes
469 4173 584 4233 parvus
619 4153 703 4213 filius
728 4152 893 4214 Michaelis
917 4153 956 4212 de
983 4153 1107 4214 Babcha
1144 4154 1262 4215 nobilis
1285 4154 1331 4235 jo·

71 4260 169 4341 hagio
195 4260 374 4337 castrensis,
399 4259 561 4340 quandam
586 4260 709 4320 vineam
728 4261 759 4320 in
784 4261 943 4321 territorio
961 4261 1095 4321 civitatis
1120 4261 1201 4322 inter
1224 4261 1332 4323 vineas

72 4366 196 4429 domini
224 4366 309 4427 Luce
335 4366 449 4426 Prislin
474 4364 531 4426 filii
557 4365 641 4427 Galli
669 4365 836 4448 freniparis
864 4382 894 4428 et
919 4366 1074 4428 Johannis
1098 4367 1250 4428 institoris
1274 4367 1331 4429 filii

74 4472 172 4535 Marci
206 4471 359 4550 habitam,
391 4471 527 4554 desuper
552 4473 636 4532 avia
658 4474 822 4534 communi
847 4472 926 4534 inira
952 4494 1052 4555 usque
1085 4474 1235 4553 rivulum,
1260 4495 1331 4536 curn

72 4579 212 4660 virgulto
236 4577 342 4640 eidem
367 4579 460 4640 vinee
485 4578 661 4655 subjacenti
685 4600 717 4639 se
751 4580 986 4658 extendentem,
1018 4601 1081 4662 que
1118 4581 1254 4642 condam
1280 4582 1331 4643 Jo-

74 4686 188 4748 hannis
211 4685 339 4746 sartoris
371 4686 477 4746 claudi
503 4685 681 4767 prefuisset,
714 4701 744 4748 et
777 4707 835 4768 pro
859 4688 974 4748 debitis
998 4688 1092 4749 certis
1116 4689 1234 4769 quibus
1265 4689 1332 4770 ipse

76 4792 238 4854 lohannes
261 4806 362 4853 sartor
398 4792 484 4853 dicto
510 4791 646 4852 lohanni
680 4812 778 4874 parvo
803 4795 900 4854 actori
925 4814 981 4875 per
1005 4795 1234 4875 litigionarium
1260 4815 1331 4877 pro·
