3142 5356
239 344 296 404 ¹88
766 354 851 404 Anno
873 362 965 424 1430.

304 564 386 635 ltem
416 567 556 637 sabbato
586 559 738 654 proximo
767 578 843 654 post
877 567 1000 638 festum
1029 569 1204 640 beatorum
1235 567 1373 640 Fabiani
1404 571 1439 640 et

304 688 491 759 Sebastiam
523 689 712 764 martirum.
741 690 773 760 in
803 692 889 761 festo
919 692 1051 763 scilicet
1071 696 1168 764 beate
1196 695 1336 781 Agnetis
1366 685 1434 763 vir·

696 817 784 903 ginis
813 824 846 886 et
874 815 1039 887 martiris.

744 969 807 1043 (21.
824 969 988 1043 januarii).

340 1090 417 1151 item
451 1091 590 1171 quedam
625 1091 741 1151 domus
773 1090 869 1151 simul
899 1110 972 1150 cum
998 1090 1099 1152 fundo
1124 1106 1154 1152 et
1179 1089 1337 1152 hedificiis
1360 1092 1449 1152 inter
1468 1106 1497 1153 et

234 1215 332 1277 penes
357 1198 472 1257 domos
496 1212 525 1257 et
550 1195 668 1256 fundos
693 1196 823 1257 Thorne
848 1212 877 1257 et
896 1195 1044 1277 Gregorii
1068 1200 1107 1258 ab
1129 1217 1204 1276 una,
1228 1212 1259 1258 et
1283 1211 1372 1280 parte
1395 1200 1435 1259 ab
1453 1199 1497 1259 al·

233 1317 298 1362 tera
324 1304 498 1364 liberorum
527 1304 664 1364 condam
683 1301 824 1364 lwchech
850 1302 969 1379 habita,
996 1303 1136 1365 mediam
1162 1304 1283 1365 curiam
1310 1305 1341 1364 in
1367 1323 1399 1364 se
1424 1324 1499 1366 con·

232 1408 398 1487 tinentem‚
427 1430 497 1471 cum
524 1411 588 1471 suis
613 1411 828 1490 pertinenciis,
853 1431 890 1470 ex
920 1410 1123 1490 obligacione
1148 1410 1305 1472 Johannis
1329 1411 1417 1490 parvi
1443 1409 1498 1472 filii

233 1515 382 1596 Gregorii
400 1536 457 1598 pro
481 1517 629 1578 undecim
648 1536 720 1577 cum
746 1517 854 1577 medio
879 1516 946 1577 flor.
965 1518 1032 1577 auri
1059 1531 1105 1578 est
1123 1536 1178 1598 per
1202 1535 1261 1577 nos
1285 1536 1341 1596 per
1365 1516 1496 1596 judicia-

232 1622 314 1682 rium
339 1642 523 1703 processum
548 1636 663 1684 statuta
699 1623 806 1683 Marco
832 1623 935 1702 jurato
964 1637 995 1683 et
1027 1623 1116 1683 litere
1142 1623 1247 1684 eidem
1270 1637 1345 1683 sunt
1368 1623 1494 1705 privile-

231 1728 332 1807 giales
357 1744 514 1790 emanare.

338 1834 415 1894 Item
442 1835 573 1895 domina
599 1834 693 1895 Clara
718 1835 827 1896 relicta
853 1835 932 1895 olim
951 1834 1171 1895 Bartholomei
1196 1835 1272 1897 dicti
1298 1837 1454 1897 Neueden
1471 1851 1498 1896 et

233 1941 332 2002 Elena
358 1940 421 2002 filia
448 1941 637 2002 eorumdem
663 1941 758 2002 Clare
788 1957 818 2002 et
851 1939 1084 2019 Bartholomei,
1109 1961 1204 2023 super
1228 1944 1382 2004 omnibus
1407 1945 1497 2003 rebus

232 2061 262 2108 et
287 2048 381 2107 bonis
408 2048 493 2129 ipsos
516 2048 602 2125 juxta
628 2061 772 2109 tenorem
805 2047 986 2109 testamenti
1012 2046 1125 2129 prelati
1151 2047 1372 2110 Bartholomei
1397 2049 1495 2110 mobi-

231 2152 315 2214 libus
350 2154 500 2215 videlicet
532 2169 563 2216 et
594 2154 804 2215 inmobilibus
838 2154 979 2214 Blasium
1011 2151 1114 2214 filium
1148 2154 1301 2235 Stephani
1337 2154 1491 2237 pellificis,

232 2258 424 2338 carnificem,
442 2275 472 2321 et
495 2281 552 2342 per
569 2280 643 2321 eum
661 2280 736 2321 suos
760 2260 893 2321 heredes
914 2279 944 2320 et
960 2280 1158 2321 successores
1175 2261 1387 2323 reddiderunt
1404 2283 1492 2344 expe·

231 2367 315 2427 ditos
340 2367 451 2447 vigore
475 2366 638 2428 literarum
664 2367 915 2447 privilegialium
940 2367 1112 2447 superinde
1137 2366 1369 2430 confectarum.

337 2473 414 2534 item
441 2473 601 2554 Georgius
623 2471 801 2553 lutifigulus
820 2472 904 2534 filius
930 2474 1019 2535 Pauli
1038 2489 1068 2534 et
1087 2474 1261 2535 Scolastica
1286 2495 1342 2536 sua
1368 2495 1495 2537 consors

231 2581 436 2641 medietatem
474 2581 639 2640 cuiusdam
679 2581 813 2657 domus,
849 2579 939 2640 fundi
977 2595 1007 2641 et
1039 2579 1282 2660 hedificiorum‚
1320 2597 1437 2642 rectam
1468 2597 1495 2641 ct

231 2688 391 2767 equalem,
418 2691 448 2748 in
475 2687 558 2748 dicta
584 2689 710 2749 civitate
736 2689 817 2748 inter
841 2689 957 2748 domos
974 2689 1116 2749 virorum
1135 2690 1345 2770 providorum
1370 2690 1493 2751 Martini

231 2793 322 2853 Turk
346 2809 376 2854 et
402 2794 535 2854 Fabiani
562 2795 751 2874 carpentarii
776 2793 893 2870 habite,
920 2814 1016 2854 unam
1041 2795 1269 2856 tantummodo
1293 2811 1440 2877 quartam
1466 2796 1493 2855 in

229 2920 262 2961 se
287 2900 516 2978 continentem,
540 2899 700 2961 Clementi
727 2899 794 2960 filio
821 2899 951 2980 Georgii
978 2899 1040 2978 jam
1060 2917 1169 2962 nostro
1194 2902 1319 2962 concivi
1343 2902 1493 2964 vendide-

230 3019 303 3066 runt
328 3019 483 3087 perpetuo
500 3005 742 3086 possidendam,
766 3007 857 3067 cuius
874 3007 990 3066 domus
1008 3021 1037 3066 et
1059 3005 1150 3067 fundi
1169 3007 1264 3068 aliam
1291 3008 1492 3070 medietatem

231 3112 323 3173 liberi
343 3112 471 3172 Thome
490 3111 701 3173 Penchewich
720 3127 750 3173 et
768 3111 924 3173 Anthonii
949 3111 1006 3172 filii
1025 3113 1074 3172 sui
1092 3112 1256 3194 possidere
1274 3114 1491 3177 dinoscuntur.

336 3218 413 3278 ltem
440 3218 622 3299 Stephanus
639 3232 727 3278 sutor
751 3217 836 3278 filius
859 3218 1008 3298 Gregorii
1032 3220 1195 3299 quandam
1214 3221 1350 3281 domum
1376 3223 1409 3282 in
1426 3223 1493 3282 vico

230 3339 373 3384 sutorum
399 3324 494 3384 simul
520 3344 592 3384 cum
627 3323 727 3383 fundo
761 3337 790 3384 et
823 3323 980 3385 hedificiis
1011 3326 1093 3387 inter
1126 3327 1270 3404 domum,
1297 3325 1435 3388 fundum
1466 3342 1491 3387 et

229 3428 375 3491 hedificia
401 3430 578 3491 liberorum
604 3430 741 3490 condam
768 3430 948 3492 Clementis
966 3431 1076 3491 decani
1103 3446 1132 3493 et
1156 3433 1223 3493 vias
1247 3453 1491 3497 communesne

231 3551 362 3618 pontem
396 3552 500 3598 nostre
532 3538 772 3597 communitatis
812 3537 964 3613 habitam,
999 3557 1098 3619 usque
1132 3539 1265 3600 fluvium
1291 3556 1436 3602 nostrum
1461 3559 1490 3602 se

228 3643 465 3720 extendentem,
498 3663 595 3704 unam
628 3658 773 3724 quartam
808 3644 839 3702 in
873 3663 904 3702 se
941 3644 1171 3722 continentem,
1196 3665 1268 3705 curn
1302 3647 1369 3708 suis
1400 3647 1490 3729 perti·

229 3751 350 3810 nenciis
376 3751 525 3811 Michaeli
551 3750 650 3810 sutori
676 3748 744 3809 lilio
771 3749 867 3809 Blasii
898 3749 1044 3811 vendidit
1068 3771 1105 3810 ex
1130 3770 1289 3812 consensu
1314 3753 1489 3814 vicinorum

228 3873 384 3938 perpetuo
406 3857 644 3938 possidendam.

333 3964 408 4024 Item
437 3964 569 4024 domina
587 3968 715 4044 Agycza
742 3963 849 4022 relicta
868 3963 1005 4022 condam
1032 3962 1161 4044 Mathye
1185 3965 1302 4024 sutoris
1319 3966 1489 4046 quemdam

226 4071 379 4152 (h)ortum
404 4091 497 4131 suum
524 4071 555 4130 in
581 4069 736 4130 suburbio
762 4069 897 4129 civitatis
923 4069 1004 4128 inter
1024 4068 1177 4149 (h)ortum
1204 4069 1302 4130 Blasii
1326 4073 1445 4133 sutoris
1461 4084 1489 4132 et

226 4179 310 4239 viam
337 4197 542 4239 communem
568 4176 724 4251 habiturn,
749 4193 822 4234 cutn
846 4174 909 4234 suis
928 4175 1143 4254 pertinenciis,
1168 4175 1275 4236 eidem
1300 4176 1408 4239 Blasio
1433 4195 1487 4259 pro

226 4286 369 4366 quinque
384 4304 456 4346 cum
467 4283 572 4344 media
584 4283 697 4343 marcis
707 4281 911 4341 denariorum
924 4281 1068 4341 vendidit
1078 4294 1233 4362 perpetuo
1248 4283 1489 4363 possidendum.

332 4392 408 4453 ltem
441 4390 595 4452 Nicolaus
619 4406 706 4450 sutor
741 4387 825 4449 filius
858 4386 1011 4468 Stephani
1037 4388 1201 4468 quandam
1233 4388 1369 4451 domurn
1402 4409 1488 4452 suam

225 4518 296 4559 cum
323 4497 424 4559 fundo
449 4511 480 4559 et
505 4496 660 4557 hedificiis
692 4497 722 4555 in
749 4495 819 4555 vico
853 4495 999 4554 exteriori
1035 4508 1180 4555 sutorum
1215 4495 1297 4556 inter
1322 4496 1440 4558 domos
1463 4511 1490 4557 et

225 4603 341 4666 lundos
366 4606 495 4666 Thorne
514 4605 630 4665 sutoris
655 4616 685 4662 et
711 4603 792 4662 Petri
812 4601 958 4660 similiter
987 4601 1103 4661 sutoris
1127 4621 1163 4661 ac
1188 4601 1322 4664 honeste
1349 4604 1491 4665 mulieris

226 4713 325 4773 Elene
359 4713 515 4773 consortis
548 4730 602 4770 sue
637 4709 790 4784 habitam,
824 4727 919 4768 unam
954 4722 1099 4787 quartam
1132 4708 1162 4768 in
1192 4728 1224 4768 se
1257 4710 1489 4783 continentem,

225 4818 368 4900 Georgio
392 4817 460 4881 lilio
479 4817 619 4894 Martini,
644 4834 730 4877 novo
747 4815 883 4891 concivi,
904 4814 1049 4878 vendidit
1073 4831 1228 4896 perpetuo
1251 4815 1491 4897 possidendam.
