3142 5356
695 322 896 404 Ann01428.
1371 347 1427 406 ¹55

147 537 328 599 dionalcru
360 554 484 620 partem
518 558 621 620 usque
653 537 729 600 dicti
763 537 883 599 montis
914 535 1023 617 finem,
1055 539 1152 600 simul
1183 557 1255 600 cum
1289 539 1429 619 virgulto

149 644 267 705 eidem
292 645 386 706 vinee
410 644 599 727 subjacenti,
624 663 657 705 se
682 642 894 720 extendentis,
919 662 957 704 ex
981 643 1226 725 adjudicacione
1251 643 1428 724 juratorum

151 751 189 812 in
229 749 386 812 katherno
421 765 532 812 nostro
567 749 711 831 judiciali
744 748 964 829 consignatam
998 763 1029 811 et
1064 769 1119 832 per
1155 749 1427 831 composicionem

154 855 478 938 quamplurimorum
511 857 654 917 virorum
688 855 880 916 idoneorum
915 874 1028 936 pacem
1060 857 1204 936 parcium
1236 854 1428 931 zelancium,

155 981 233 1024 cum
258 963 356 1023 tercia
380 976 469 1044 parte
494 961 619 1024 kouche
644 975 675 1023 et
696 960 883 1023 utensilium
908 960 1054 1022 uvalium
1072 961 1230 1039 eiusdem,
1253 980 1310 1042 per
1328 974 1428 1022 metas

156 1069 191 1129 in
215 1068 318 1129 literis
342 1069 473 1150 paribus
498 1087 556 1146 pro
580 1081 715 1148 utraque
751 1082 840 1148 parte
874 1065 1090 1149 parilormiter
1114 1066 1277 1146 conlectis,
1302 1067 1427 1148 Marga-

157 1175 248 1237 rethe
273 1173 338 1236 filie
365 1175 517 1259 Symonis
540 1174 681 1235 salivene
706 1173 808 1234 sorori
825 1173 901 1234 dicti
927 1173 1105 1236 Sebastiam
1130 1187 1161 1235 et
1185 1193 1240 1255 per
1264 1191 1334 1233 earn
1353 1171 1425 1234 Cle·

156 1282 259 1343 menti
294 1280 451 1343 Praudich
485 1295 516 1341 et
547 1281 689 1362 ipsorum
723 1278 913 1355 heredibus3
946 1279 1009 1340 due
1041 1299 1118 1341 vero
1146 1293 1250 1361 partes
1282 1278 1425 1340 eiusdem

155 1388 252 1448 vinee
277 1407 294 1447 a
320 1386 403 1447 dicta
428 1401 515 1467 parte
540 1385 792 1468 septemtrionali
818 1405 874 1466 per
894 1386 1023 1446 easdem
1048 1399 1148 1446 metas
1172 1385 1331 1463 distincte,
1348 1404 1422 1446 curn

157 1494 285 1554 duabus
307 1493 452 1574 partibus
469 1491 594 1554 kouche
611 1492 752 1573 predicte
777 1505 808 1553 et
832 1492 1019 1552 utensilium
1037 1492 1179 1552 uvalium
1205 1490 1424 1573 predictorum

160 1600 260 1660 Lucie
294 1599 403 1660 relicte
429 1612 459 1660 et
483 1598 683 1679 Margarethe
707 1597 772 1660 filie
804 1618 840 1659 ac
865 1599 959 1660 Petro
983 1597 1051 1659 filio
1083 1597 1158 1658 dicti
1192 1598 1369 1659 sebastiani
1394 1611 1425 1659 et

157 1723 272 1766 corum
298 1705 469 1766 heredibus
494 1720 655 1766 cesserunt
678 1718 834 1786 perpetuo
859 1705 1063 1786 possidende.

265 1810 341 1872 ltem
367 1810 552 1873 Anthonius
576 1825 664 1872 sutor
688 1810 773 1872 filius
795 1809 935 1887 Gerdalt,
960 1811 1100 1872 concivis
1125 1824 1243 1887 noster,
1261 1809 1422 1892 quandam

160 1917 296 1979 domum
322 1937 412 1979 suam
446 1918 477 1977 in
507 1917 578 1978 vico
602 1932 748 1979 sutorum
780 1918 861 1978 inter
893 1918 1026 1978 domum
1061 1917 1236 1999 Elyzabeth
1268 1916 1424 1978 consortis

157 2043 214 2085 sue
240 2037 271 2084 et
295 2023 420 2085 Nicolai
453 2024 569 2084 sutoris
601 2023 754 2101 habitam,
790 2043 886 2084 unam
919 2039 1065 2104 quartam
1097 2023 1184 2085 curie
1209 2023 1240 2083 in
1265 2043 1298 2085 se
1322 2023 1421 2084 conti·

155 2145 298 2209 nentem,
324 2131 503 2193 Laurencio
536 2131 635 2192 sutori
666 2129 734 2191 filio
766 2150 824 2190 suo
857 2149 914 2212 pro
943 2131 1045 2191 tribus
1077 2129 1206 2191 florenis
1230 2144 1261 2190 et
1285 2143 1423 2210 quatuor

155 2237 263 2319 pensis
287 2237 494 2298 denariorum
519 2237 665 2300 vendidit
691 2250 846 2318 perpetuo
871 2237 1110 2318 possidendam.

262 2344 340 2404 Item
366 2344 505 2405 decanus
531 2344 614 2405 lwan
648 2343 732 2405 filius
757 2344 886 2405 Martini
919 2344 1081 2424 quandam
1115 2343 1241 2404 vineam
1266 2361 1355 2403 suam
1389 2343 1420 2403 in

154 2451 317 2512 territorio
349 2451 486 2513 civitatis
518 2452 600 2512 inter
631 2452 758 2512 vineam
803 2451 929 2532 providi
962 2450 1020 2511 viri
1053 2450 1181 2511 Andree
1215 2449 1329 2528 judicis
1363 2447 1421 2510 filii

155 2557 239 2618 Petri
258 2557 395 2638 Zaphar,
420 2572 451 2619 et
476 2558 559 2619 Petri
590 2556 773 2618 Zudrouich
798 2556 952 2634 habitam,
977 2557 1114 2638 desuper
1138 2577 1155 2616 a
1181 2556 1230 2616 via
1256 2557 1420 2617 communi

154 2662 237 2724 inira
263 2683 365 2744 usque
382 2664 533 2742 rivulum,
555 2683 627 2725 cum
646 2663 785 2744 virgulto
803 2663 906 2724 eidem
925 2662 1113 2741 subjacenti,
1132 2683 1164 2722 se
1183 2662 1421 2739 extendentem,

153 2789 209 2852 per
235 2783 336 2830 metas
360 2771 510 2830 arborum
529 2770 650 2851 querci,
675 2785 820 2831 castanee
845 2782 876 2830 et
900 2769 1036 2830 duarum
1057 2769 1200 2850 pirorum
1225 2769 1418 2831 silvestrium

154 2876 304 2937 crucibus
328 2875 525 2956 signatarum
551 2890 581 2937 et
598 2876 765 2936 cuiusdam
790 2876 860 2936 rubi
878 2875 1030 2936 trabulini
1052 2875 1084 2936 in
1109 2875 1214 2937 littore
1241 2876 1335 2936 rivuli
1353 2876 1418 2936 exi·

152 2982 266 3043 stentis
290 3002 306 3042 a
332 2996 419 3062 parte
444 2982 519 3042 dicti
546 2981 673 3042 Andree
698 2982 812 3063 judicis
844 2982 875 3041 in
901 2981 1040 3061 virgulto
1070 2982 1250 3060 existentes,
1275 2981 1419 3063 predicto

153 3089 250 3149 Petro
275 3087 460 3149 Zudrouich
484 3107 543 3169 pro
567 3088 697 3169 triginta
729 3102 867 3169 quatuor
900 3088 1014 3148 marcis
1044 3087 1250 3149 denariorum
1274 3088 1419 3149 vendidit

151 3207 312 3278 perpetuo
336 3194 575 3276 possidendam.

199 3415 283 3486 ltem
312 3415 398 3486 feria
427 3406 546 3505 quinta
574 3414 727 3503 proxima
756 3424 831 3503 post
860 3416 981 3487 festum
1024 3414 1256 3487 Conversionis
1284 3417 1373 3487 beati

649 3539 744 3609 Pauli
775 3541 929 3628 apostoli.

666 3697 729 3770 (29.
747 3694 911 3769 januaria).

262 3833 336 3894 item
371 3834 446 3913 quia
479 3834 604 3915 providi
638 3835 695 3894 viri
731 3834 912 3895 Demetrius
945 3833 1065 3913 juratus
1091 3849 1198 3895 noster
1231 3833 1415 3911 modernus,

152 3937 239 4001 filius
263 3940 403 4018 Andree,
428 3941 532 4000 dictus
556 3941 645 4018 Ress,
674 3954 704 4002 et
737 3941 821 4001 lwan
847 3940 998 4001 laichiew
1031 3939 1115 4000 iilius
1141 3941 1305 4021 Stephani,
1329 3960 1417 4001 com·

153 4047 290 4108 missarii
316 4062 346 4109 et
378 4062 563 4109 executores
594 4049 775 4109 testamenti
809 4048 934 4129 providi
969 4047 1105 4107 condam
1141 4048 1197 4106 viri
1225 4047 1314 4107 Pauli
1341 4047 1415 4107 dicti

153 4153 313 4231 Thothar,
337 4155 524 4214 auctoritate
559 4155 775 4214 commissaria
808 4155 980 4234 quemdam
1007 4153 1161 4234 (hlortum
1196 4154 1227 4213 in
1261 4154 1415 4214 suburbio

153 4260 289 4320 civitatis
313 4273 408 4341 atque
434 4261 594 4322 territorio
627 4262 709 4321 inter
733 4260 884 4341 (h)ortum
917 4260 1091 4320 liberorum
1117 4280 1172 4320 seu
1196 4279 1415 4320 successorum

153 4365 291 4426 condam
317 4365 472 4426 iohannis
497 4367 571 4428 dicti
600 4367 698 4443 Bon,
723 4368 763 4427 ab
796 4367 929 4444 oriente,
953 4386 989 4426 ac
1014 4387 1111 4447 penes
1137 4367 1203 4427 vias
1227 4386 1416 4428 communes

154 4473 449 4553 aseptemtrionali
482 4487 512 4533 et
544 4473 735 4533 occidentali
765 4473 907 4553 partibus
939 4472 1095 4549 habitum,
1119 4473 1215 4533 simul
1240 4492 1312 4534 cum
1344 4473 1413 4534 uni-

154 4578 253 4639 versis
283 4579 348 4639 suis
380 4579 587 4658 utilitatibus,
625 4580 747 4640 Briccio
780 4577 847 4639 lilio
879 4578 1043 4641 Benedicti
1075 4579 1173 4659 judici
1205 4593 1314 4640 nostro
1346 4599 1413 4640 mo·

157 4685 267 4762 derno,
291 4705 350 4767 pro
374 4687 486 4767 viginti
520 4689 664 4768 quinque
696 4687 809 4747 marcis
841 4687 1045 4746 denariorum
1079 4686 1314 4761 vendiderunt3
1341 4685 1413 4746 idco

159 4792 373 4855 communitas
397 4794 501 4858 eidem
535 4795 638 4877 ipsum
672 4794 826 4877 (mortum
851 4794 960 4856 statuit
990 4808 1146 4877 perpetuo
1170 4793 1412 4875 possidendum.
