3156 5364
564 519 651 575 Anno
674 528 764 594 1524.
790 551 832 561 —
856 531 904 577 12.
928 521 1057 597 augusti.
1390 536 1450 599 235

191 729 323 792 Michael
356 729 548 812 Oprasnycb
581 729 621 790 de
653 729 774 811 judicio
806 729 969 790 seniorum
1002 749 1067 791 non
1100 744 1288 809 contentus,
1321 750 1449 793 causam

189 835 286 918 ipsam
311 855 385 898 cum
411 836 500 898 omni
526 854 678 918 processu
702 855 761 896 suo
786 836 825 897 ad
843 836 1033 918 magistrum
1056 837 1317 899 thavernicorum
1342 839 1452 921 appel·

187 941 261 1004 lavit
285 956 317 1004 et
341 943 539 1024 provocavit,
564 956 595 1004 et
619 956 763 1025 preterea
788 956 855 1004 tota
873 943 1089 1004 communitas
1114 963 1172 1025 pro
1197 945 1284 1005 bono
1308 945 1397 1026 pacis
1421 959 1452 1007 et

187 1050 358 1112 concordie
382 1049 542 1131 prefatum
562 1049 753 1111 Michaelem
780 1049 970 1132 Oprasnych
989 1064 1020 1111 et
1037 1050 1167 1110 Petrum
1193 1050 1353 1112 literatum
1372 1071 1448 1113 con·

187 1155 409 1234 cordaverunt‚
434 1155 522 1238 quod
546 1156 571 1216 si
597 1156 676 1216 alias
701 1156 769 1236 ipse
791 1155 929 1217 Michael
954 1156 1005 1217 vel
1023 1155 1105 1216 alius
1129 1156 1326 1237 quicumque
1345 1157 1452 1219 taliter

187 1263 314 1324 Petrum
339 1263 501 1325 literatum
527 1261 697 1324 infamaret
713 1263 744 1323 in
770 1282 851 1344 pena
869 1262 1014 1344 superius
1038 1281 1184 1345 expressa
1209 1278 1405 1344 permaneat.

291 1369 417 1431 Eodem
443 1369 493 1430 die
521 1368 681 1450 Georgius
706 1369 833 1430 Maxian
858 1368 898 1429 ad
916 1368 1106 1430 instanciam
1132 1368 1272 1430 Emerici
1297 1368 1449 1432 aurifabri

186 1475 290 1558 primo
314 1476 428 1538 citatus
452 1494 517 1536 non
542 1475 733 1556 comparuit.

286 1581 412 1644 Eodem
426 1582 477 1643 die
488 1581 652 1643 Dorothea
664 1581 865 1666 chhychna
876 1582 915 1642 ad
931 1583 1119 1644 instanciam
1130 1583 1284 1646 Iohannis
1295 1583 1446 1666 Zproday

187 1689 283 1751 tercio
309 1689 403 1750 citata
436 1688 631 1770 respondere
664 1688 779 1766 noluit,
811 1688 867 1749 sed
899 1688 992 1750 datus
1016 1703 1063 1750 est
1093 1689 1201 1752 eidem
1224 1689 1381 1751 terminus
1405 1689 1444 1751 ad

189 1794 448 1878 respondendum
476 1794 579 1877 prima
603 1794 753 1856 videlicet
777 1795 845 1855 dies
868 1794 1015 1875 juridica.

212 2013 309 2088 Faria
338 2023 437 2087 sexta
465 2013 618 2105 proxima
656 2022 734 2087 ante
762 2015 885 2087 festum
913 2015 1168 2107 assumptionis
1196 2018 1292 2090 beate
1321 2016 1426 2090 Mario

738 2142 893 2229 virginis.
1094 2164 1107 2201 s

703 2295 767 2372 (12.
799 2296 940 2370 augusta).

290 2435 324 2497 In
343 2454 438 2496 causa
455 2434 537 2496 inter
557 2434 754 2496 Dorotheum
770 2454 902 2496 uxorem
917 2436 1071 2518 Stephani
1087 2438 1272 2499 mercatoris
1285 2452 1316 2499 et
1333 2437 1452 2499 Karbe-

182 2543 285 2607 tinam
319 2561 453 2605 uxorem
488 2543 657 2618 Laurencii
690 2543 818 2622 Repecz
850 2541 1025 2605 advenerat
1056 2544 1213 2606 terminus
1244 2564 1301 2627 per
1332 2543 1452 2624 juratos

174 2652 362 2733 assignatus
385 2648 571 2726 Katherine,
596 2662 631 2710 ut
655 2651 806 2730 probaret
829 2664 939 2711 contra
964 2649 1162 2712 Dorotheam
1187 2650 1354 2712 infamiam
1380 2670 1448 2712 ma·

170 2759 302 2821 ximam
328 2756 360 2817 in
386 2756 549 2818 sentencia
581 2754 758 2836 juratorum
793 2755 909 2817 clarius
939 2776 1132 2837 expressam,
1164 2777 1230 2839 quo
1259 2757 1451 2820 adveniente

163 2867 319 2942 probare
344 2881 410 2923 non
435 2862 551 2944 potuit,
575 2861 631 2922 sed
656 2861 695 2921 de
721 2861 841 2943 judicio
866 2862 1043 2944 juratorum
1073 2883 1137 2924 non
1162 2878 1310 2925 contenta
1336 2864 1375 2925 ad
1400 2884 1448 2926 se·

162 2975 289 3036 niores
314 2969 437 3051 judices
458 2969 644 3052 appellavit.
670 3005 709 3014 —
736 2969 829 3030 Feria
853 2984 967 3050 quarta
992 2985 1064 3051 post
1087 2967 1204 3031 festum
1230 2971 1314 3032 beati
1339 2975 1451 3051 Augu·

156 3079 252 3144 atini
279 3075 426 3159 episcopi
451 3088 481 3137 et
505 3073 697 3137 confessoris
720 3075 863 3136 seniores
895 3075 1017 3153 iudices
1050 3076 1248 3137 sentenciam
1274 3076 1451 3158 juratorum

155 3184 319 3249 omnino
351 3183 571 3264 approbarunt
603 3194 633 3243 et
665 3179 937 3242 confirmaverunt
969 3181 1050 3242 inter
1083 3180 1280 3243 Dorotheam
1318 3201 1451 3244 uxorem

156 3288 338 3374 Stephani
364 3289 520 3350 institoris
543 3300 574 3350 et
605 3287 814 3348 Katherinam
847 3285 1005 3368 (uxorem)
1032 3288 1201 3349 Laurencii
1234 3289 1362 3370 Repecz
1396 3288 1452 3350 ad·

156 3400 249 3462 dito
276 3410 398 3474 tamen,
425 3395 513 3476 quod
546 3394 691 3455 convicta
721 3412 836 3474 penam
868 3392 1029 3472 judicibus
1061 3393 1146 3473 iuxta
1171 3407 1287 3455 statuta
1312 3394 1448 3456 civitatis

153 3506 307 3570 solvere
332 3501 457 3564 debeat.
484 3500 667 3561 —Eodem
693 3499 744 3560 die
769 3499 852 3560 dicta
878 3498 1051 3559 Katherina
1077 3499 1116 3561 de
1141 3499 1261 3580 judicio
1286 3500 1450 3561 seniorum

152 3604 327 3683 iudicum
352 3626 418 3668 non
446 3620 607 3684 contenta,
639 3625 767 3667 causam
800 3605 901 3688 ipsam
924 3624 995 3667 cum
1022 3606 1110 3666 omni
1143 3625 1294 3688 processu
1327 3625 1385 3667 suo
1409 3606 1451 3668 ad

152 3716 370 3798 magistrum
395 3713 655 3775 thavernicorum
680 3712 865 3794 appellavit.

287 3823 367 3884 Item
392 3821 507 3884 eodem
534 3821 586 3883 die
610 3821 739 3882 racione
764 3834 921 3881 certarum
940 3817 1144 3881 infamiarum
1170 3834 1201 3881 et
1224 3820 1373 3902 vituperii
1392 3839 1447 3901 per

157 3926 395 3996 Katherinam
421 3948 553 3990 uxorem
580 3927 749 3989 Laurencii
774 3927 902 4006 Repecz
927 3940 958 3987 et
989 3939 1124 3987 matrem
1150 3925 1294 3986 eiusdem
1319 3930 1447 3986 Annam

152 4052 291 4101 contra
325 4048 426 4097 totam
459 4033 725 4096 communitatem
751 4032 959 4113 prolatarum,
988 4046 1084 4113 prout
1115 4031 1175 4093 hoc
1201 4030 1368 4093 manifeste
1394 4052 1450 4113 per

151 4150 276 4207 testes
302 4142 475 4224 probatum
501 4153 558 4218 est,
583 4140 658 4200 licet
681 4138 765 4221 juxta
791 4138 868 4218 juris
895 4139 1057 4200 tramitem
1083 4139 1305 4219 gravissimam
1332 4157 1449 4218 penam

157 4251 401 4325 merebantur,
425 4261 566 4309 attamen
592 4245 807 4308 communitas
832 4244 871 4305 ad
896 4244 1090 4326 peticionem
1116 4259 1274 4306 certorum
1301 4244 1451 4306 domino·

154 4369 262 4433 rum,
290 4368 404 4437 utputa
429 4353 573 4435 Capituli
598 4352 814 4433 zagrabiensis
839 4364 870 4412 et
897 4351 1036 4412 aliorum
1062 4351 1222 4412 nobilium
1248 4350 1369 4412 eisdem
1396 4371 1450 4432 pe·

154 4462 292 4539 percit,
317 4461 360 4523 ita
384 4474 505 4538 tamen,
530 4473 564 4521 ut
588 4460 613 4520 si
637 4478 693 4539 per
718 4457 857 4539 amplius
882 4457 913 4518 in
939 4457 994 4518 tali
1021 4457 1157 4538 negocio
1181 4455 1300 4519 fuerint
1324 4470 1450 4539 reperte

156 4583 207 4632 et
231 4567 365 4651 probari
391 4566 519 4648 poterit,
544 4585 602 4626 nec
626 4564 688 4626 hoc
712 4563 832 4624 eisdem
859 4564 1049 4626 remittetur.

286 4673 366 4735 item
393 4672 506 4734 eadem
532 4672 584 4732 die
616 4671 779 4732 Johannes
812 4669 1043 4752 Lonchyarych
1077 4669 1117 4731 ad
1150 4669 1340 4731 instanciam
1366 4669 1451 4730 Petri

157 4772 297 4846 literati
322 4778 465 4841 secundo
491 4779 604 4840 citatus
629 4796 692 4838 non
719 4777 910 4857 comparuit.

286 4885 366 4948 ltem
391 4885 504 4946 eadem
537 4885 589 4945 die
621 4889 715 4944 Anna
748 4883 857 4943 relicta
888 4882 1026 4943 condam
1060 4882 1171 4943 Jacobi
1200 4881 1312 4943 decani
1338 4880 1377 4941 ad
1403 4881 1450 4942 in·

162 4993 338 5065 nunciam
363 4991 486 5059 Mathie
511 4989 679 5072 freniparis
703 4990 810 5071 primo
835 4989 929 5050 citata
955 5008 1021 5050 non
1047 4988 1238 5070 comparuit.
