3142 5356
207 347 268 410 194
732 320 823 382 Anno
845 335 936 400 1430·

204 538 385 600 concivium
403 536 544 597 habitam
563 548 594 597 et
610 536 809 613 existentem,
835 553 932 594 unam
951 533 1106 613 integram
1125 533 1247 593 curiam
1267 533 1299 592 in
1317 552 1351 593 se
1368 532 1470 593 conti·

204 658 351 718 nentem3
379 643 454 702 item
480 642 643 722 quandam
677 641 804 702 vineam
839 640 870 701 in
895 639 1057 700 territorio
1083 638 1220 700 civitatis
1244 636 1366 721 prefate
1391 639 1472 698 inter

204 750 313 810 vineas
336 749 479 809 virorum
504 746 713 829 providorum
741 745 894 828 Stephani
913 745 1006 825 jurati
1032 747 1130 806 nostri
1156 746 1305 806 moderni
1331 761 1363 805 et
1381 745 1470 805 Pauli

205 855 335 917 sartoris
357 852 414 914 filii
447 853 603 914 iohannis
635 872 670 913 ac
703 853 878 915 liberorum
910 872 966 913 seu
998 871 1219 912 successorum
1252 851 1392 928 Thome,
1417 872 1473 934 per

205 975 307 1022 metas
330 961 480 1021 arborum
507 959 538 1019 in
564 958 664 1019 literis
687 972 893 1040 expressatas,
910 958 1048 1038 desuper
1076 978 1092 1017 a
1119 959 1170 1018 via
1194 957 1373 1035 communi,
1391 956 1472 1018 infra

121 1075 131 1094 ·
206 1086 307 1148 usque
333 1065 450 1126 vallem
475 1084 532 1125 seu
564 1064 733 1125 decursum
762 1084 845 1145 aque
876 1064 1027 1146 pluvialis
1062 1064 1128 1125 sive
1165 1083 1266 1144 usque
1292 1065 1473 1124 communis

206 1173 257 1233 vie
281 1172 380 1254 ipsius
412 1170 532 1232 montis
554 1190 587 1230 se
620 1169 878 1248 demonstrante,
911 1171 972 1247 ita,
1003 1171 1092 1250 quod
1116 1169 1220 1231 vineis
1251 1170 1473 1251 superioribus

206 1279 435 1341 commetaneis
460 1278 544 1338 viam
569 1280 628 1339 sub
653 1278 746 1338 vinea
771 1297 977 1338 communem
1004 1276 1153 1338 claudere
1185 1296 1250 1338 non
1276 1278 1377 1359 possit
1400 1297 1472 1359 pos-

207 1406 310 1447 sessor
335 1385 433 1467 ipsius
450 1384 561 1460 vinee3
580 1384 655 1445 item
681 1384 833 1445 directam
858 1398 888 1445 et
905 1384 1055 1464 equalem
1073 1383 1279 1445 medietatem
1304 1384 1471 1445 cuiusdam

207 1493 311 1570 vinee,
335 1511 397 1572 que
422 1489 558 1552 condam
579 1491 693 1552 Briccii
718 1490 876 1552 Jollanow
894 1488 1064 1572 prefuerat,
1081 1490 1229 1552 similiter
1253 1491 1285 1551 in
1310 1491 1472 1553 territorio

208 1598 344 1659 civitatis
368 1597 450 1659 inter
473 1597 582 1657 vineas
606 1596 748 1658 virorum
772 1596 982 1678 providorum
1008 1595 1137 1657 Thome
1162 1596 1238 1657 dicti
1263 1595 1413 1658 Oczwirlr
1439 1611 1469 1657 et

208 1704 336 1766 Martini
361 1703 490 1764 sartoris
514 1703 638 1784 pridem
663 1701 767 1782 jurati,
787 1702 939 1779 concivis,
964 1701 1071 1762 habite
1095 1717 1126 1762 er
1149 1702 1324 1782 existentis,
1349 1702 1471 1764 medie-

207 1826 304 1872 tatem
330 1810 422 1870 vinee
446 1822 570 1870 tantum
604 1824 734 1889 aparte
767 1808 842 1868 dicti
868 1808 996 1868 Martini
1023 1807 1116 1887 jurati
1149 1807 1303 1886 habitam,
1328 1827 1401 1869 cum
1427 1829 1470 1869 se-

210 1936 284 1978 cura
310 1916 359 1975 via
385 1914 522 1976 curruali
541 1915 738 1990 vicinorum;
765 1915 839 1975 item
865 1913 1020 1994 quasdam
1038 1928 1137 1974 terras
1160 1913 1309 1975 sedecim·
1327 1914 1378 1974 vel
1396 1915 1470 1974 citra

210 2024 368 2084 dietarum
394 2041 492 2103 penes
516 2020 649 2082 fluvium
667 2022 810 2082 Zawicza
836 2041 852 2081 a
876 2020 1079 2082 meridionali
1099 2035 1187 2103 parte
1213 2034 1244 2082 et
1269 2021 1351 2082 inter
1375 2035 1472 2081 terras

211 2128 348 2190 arabiles
372 2127 435 2208 jam
470 2127 500 2186 in
527 2125 635 2187 senilia
669 2127 814 2188 dimissas
847 2128 1016 2188 Laurencii
1049 2127 1141 2208 jurati
1168 2147 1183 2187 a
1208 2127 1303 2208 plaga
1327 2128 1472 2188 orientali

209 2237 285 2298 sitas
309 2256 346 2296 ac
378 2254 468 2295 secus
500 2222 584 2295 viam
610 2254 815 2296 communem
850 2235 1017 2315 antiquam
1049 2255 1067 2296 a
1099 2235 1354 2317 septemtrionali
1388 2249 1473 2317 parte

210 2341 353 2403 habitam
385 2360 484 2422 penes
516 2338 667 2401 fossatum
701 2341 887 2402 earumdem
921 2357 1075 2402 terrarum
1108 2342 1207 2423 ipsius
1246 2340 1413 2402 Michaelis
1445 2356 1473 2402 et

212 2448 293 2509 inter
318 2461 415 2507 terras
439 2446 614 2506 liberorum
640 2446 777 2508 condam
801 2445 923 2528 Gaspar
940 2447 1056 2508 literati
1081 2448 1120 2507 ab
1145 2447 1313 2508 occidente
1330 2448 1473 2524 sitarum,

211 2568 242 2614 et
265 2552 428 2634 quandam
454 2552 571 2613 vallem
604 2573 620 2613 a
650 2552 853 2614 meridionali
887 2567 975 2634 parte
1008 2552 1161 2632 habitam,
1187 2573 1258 2614 cum
1292 2554 1357 2614 suis
1382 2555 1473 2637 perti-

211 2658 346 2736 nenciis,
371 2678 466 2739 super
499 2658 585 2739 ipsos
608 2679 666 2740 pro
691 2660 874 2740 octuaginta
899 2678 952 2720 sex
973 2658 1042 2720 flor.
1067 2660 1135 2720 auri
1159 2679 1216 2741 per
1240 2660 1471 2741 litigionarium

211 2783 393 2847 processum
412 2763 589 2842 devolutas,
615 2766 767 2844 magistro
792 2765 930 2826 lohanni
948 2765 1087 2846 lapicide
1111 2764 1180 2827 filio
1205 2766 1290 2827 Petri
1317 2765 1357 2827 de
1376 2767 1473 2846 Praga

210 2870 273 2951 jam
299 2884 407 2930 nostro
433 2871 556 2930 concivi
582 2890 640 2951 pro
665 2873 849 2952 octuaginta
882 2870 952 2934 flor.
976 2872 1045 2932 auri
1080 2871 1295 2933 vendiderunt
1319 2886 1473 2954 perpetuo

210 2976 428 3059 mmmMm

317 3082 394 3143 ltem
419 3081 559 3163 prelatus
576 3082 738 3144 lohannes
754 3061 893 3164 lapicida
919 3083 1081 3164 quandam
1100 3082 1259 3144 vinealem
1284 3085 1472 3166 particulam

212 3189 295 3249 dicte
319 3189 411 3248 vinee
436 3208 491 3249 sue
517 3188 597 3249 inter
622 3189 730 3249 vineas
754 3189 832 3250 dicti
858 3189 971 3250 Briccii
995 3188 1153 3250 Joffanow
1177 3209 1194 3250 a
1219 3190 1473 3272 septemtrionali

212 3308 299 3377 parte
324 3307 354 3355 et
379 3294 507 3354 Martini
540 3294 665 3376 pridem
689 3295 781 3376 jurati
812 3293 868 3355 lilii
902 3295 1031 3356 Thome
1056 3294 1176 3375 habite,
1201 3316 1257 3378 per
1289 3311 1409 3358 metam
1444 3297 1473 3358 in

211 3401 310 3463 literis
342 3420 521 3482 expressam
555 3402 713 3462 metaliter
746 3417 936 3482 separatam,
969 3422 985 3462 a
1011 3417 1100 3484 parte
1133 3403 1242 3483 itaque
1267 3402 1352 3466 dicte
1384 3405 1474 3464 vinee

212 3507 311 3588 ipsius
336 3507 464 3568 Martini
489 3507 698 3587 adjacentem,
723 3507 829 3568 eidem
853 3508 992 3568 Martino
1010 3509 1138 3569 racione
1164 3509 1336 3570 vicinitatis
1363 3524 1394 3571 et
1417 3528 1474 3590 pro

214 3629 298 3676 certa
323 3614 532 3696 pecuniarum
558 3615 734 3694 quantitate
758 3633 829 3675 curn
848 3614 1015 3675 securitate
1040 3615 1089 3676 vie
1115 3615 1269 3676 cursualis
1296 3615 1474 3676 vicinorum

214 3721 244 3782 in
270 3720 361 3781 litera
386 3739 544 3801 expressa,
568 3719 714 3780 vendidit
738 3734 893 3802 perpetuo
919 3721 1159 3802 possidendam.

319 3826 395 3886 ltem
429 3826 503 3906 quia
529 3826 647 3887 nobilis
680 3826 810 3887 domina
845 3832 954 3908 Agnes
986 3840 1097 3888 vocata
1130 3826 1195 3888 fitia
1221 3825 1354 3910 Georgii
1381 3828 1475 3890 Erke·

212 3947 338 4017 steyner
362 3931 401 3992 de
429 3932 614 4014 Erlresteyn,
639 3933 748 3993 relicta
781 3933 917 3994 condam
944 3933 1099 3994 iohannis
1124 3933 1242 3995 Pehem
1276 3954 1362 3996 nunc
1400 3954 1475 3996 con·

212 4060 280 4100 sors
305 4038 490 4100 Melchioris
514 4037 570 4099 filii
596 4039 752 4100 lobannis
786 4039 899 4118 Heess,
923 4040 998 4121 quia
1032 4040 1133 4101 literis
1155 4040 1412 4121 privilegialibus
1446 4041 1476 4102 id

212 4145 446 4226 comprobavit,
464 4145 631 4225 quomodo
648 4143 789 4226 prefatus
807 4144 969 4208 lohannes
986 4145 1104 4207 Pehem
1123 4146 1329 4208 medietatem
1348 4167 1477 4208 suarum

212 4251 449 4332 possessionum
477 4251 546 4332 ipso
570 4252 696 4312 vivente
730 4251 880 4312 videlicet
904 4252 1072 4313 cuiusdam
1107 4253 1224 4313 domus
1248 4267 1372 4315 rnurate
1397 4254 1478 4314 inter

212 4355 328 4416 domos
352 4356 466 4416 Briccii
490 4356 614 4438 pridem
640 4356 765 4436 judicis,
790 4358 930 4418 concivis
967 4359 1066 4419 nostri
1092 4356 1148 4419 filii
1175 4359 1354 4439 Benedicti,
1381 4379 1475 4421 unam

212 4463 332 4524 curiam
359 4463 513 4542 integram
537 4463 568 4522 in
594 4482 626 4522 se
652 4464 857 4541 continentis,
883 4479 912 4524 et
930 4477 1017 4545 parte
1044 4466 1083 4525 ab
1110 4464 1208 4526 altera
1234 4464 1367 4526 Henrici
1385 4465 1477 4527 Pater

212 4582 320 4630 noster
343 4568 419 4630 dicti
444 4568 561 4646 habite,
597 4588 694 4629 unam
720 4570 874 4650 integram
901 4570 1021 4630 curiam
1048 4571 1079 4630 in
1105 4590 1138 4631 se
1163 4571 1375 4648 continentis3
1401 4571 1475 4633 item

213 4674 419 4736 medietatem
445 4675 611 4735 cuiusdam
635 4675 728 4735 vinee
753 4676 783 4736 in
809 4676 969 4737 territorio
993 4696 1049 4737 seu
1073 4691 1156 4739 terra
1182 4689 1289 4738 nostra
1314 4677 1476 4739 condicio·

213 4782 277 4842 nali
304 4783 385 4843 inter
409 4782 519 4842 vineas
543 4782 683 4843 Francze
709 4795 739 4842 et
763 4782 853 4842 Pauli
879 4783 1069 4844 Mozlauech
1094 4783 1169 4844 dicti
1195 4783 1314 4862 habite,
1339 4783 1476 4866 desuper
