3142 5356
643 375 729 433 Ακιιο
750 387 843 452 1433.
1312 390 1370 454 ²4¹

110 583 200 647 rethe
224 584 371 668 privigne
408 604 464 647 sue
497 604 556 668 pro
589 584 825 667 quinquaginta
858 583 927 647 flor.
952 584 1021 646 auri
1052 585 1198 647 vendidit
1220 598 1377 668 perpetuo

109 690 286 754 literatorie
310 690 552 775 possidendam.

216 798 295 860 Item
320 796 468 881 Mathyas
500 797 644 860 literatus
676 795 763 859 filius
794 797 932 859 condam
958 797 1069 860 Jacobi
1101 797 1266 860 castellani
1299 798 1376 861 dicti

110 904 280 987 porlrolab,
304 903 459 967 directam
485 917 516 966 et
540 902 690 986 equalem
715 902 923 966 medietatem
948 902 1115 966 cuiusdam
1139 916 1222 965 terre
1247 904 1377 966 arabilis

109 1010 142 1071 in
167 1030 283 1094 campo
307 1025 419 1073 nostro
445 1010 527 1072 inter
548 1024 650 1072 terras
667 1008 798 1094 Mathye
822 1009 900 1071 dicti
917 1008 1050 1071 Philech
1075 1022 1107 1072 et
1130 1008 1265 1071 lluvium
1283 1009 1377 1072 llicza

109 1130 260 1179 vocatum
286 1116 405 1195 habite,
425 1116 523 1178 simul
548 1135 621 1178 cum
642 1115 761 1178 directa
786 1129 817 1178 et
835 1116 942 1198 equali
960 1115 1130 1178 medietate
1147 1114 1255 1179 fenilis
1270 1115 1376 1179 eidem

109 1237 196 1286 retro
219 1223 363 1305 jacentis,
387 1222 485 1284 simul
509 1242 582 1284 cum
615 1223 767 1284 omnibus
795 1225 860 1284 suis
891 1222 1084 1285 utilitatibus
1107 1235 1138 1284 et
1171 1223 1377 1304 pertinenciis

109 1329 268 1391 universis
292 1329 422 1412 Mathye
447 1329 534 1392 dicto
558 1329 677 1391 Farlras
700 1327 768 1392 filio
792 1329 898 1412 Egidii
922 1348 981 1412 pro
1006 1329 1144 1411 quadam
1170 1349 1226 1391 sua
1250 1349 1376 1412 posses-

108 1437 201 1498 sione
226 1450 257 1498 et
287 1437 441 1518 porcione
474 1437 723 1519 possessionaria
757 1436 788 1498 in
821 1435 968 1498 Kloltoch
998 1437 1029 1497 in
1061 1437 1262 1519 possessione
1288 1437 1375 1499 Koz-

108 1555 247 1625 tannycz
272 1557 303 1604 et
326 1563 425 1626 penes
449 1557 550 1605 metas
574 1541 651 1604 dicti
675 1542 805 1626 Mathye
829 1542 945 1604 literati
976 1542 1131 1621 habitam,
1156 1561 1211 1624 per
1235 1543 1373 1605 modum

111 1649 293 1711 concambii
311 1662 342 1711 et
353 1649 605 1732 permutacionis
618 1648 758 1711 dedisset
769 1662 924 1731 perpetuo
937 1648 1113 1711 literatorie
1130 1648 1370 1731 possidendam.

216 1754 293 1816 ltem
319 1755 473 1817 Nicolaus
496 1755 620 1836 pridem
645 1754 740 1835 judex
773 1753 859 1817 filius
887 1755 1032 1834 Fabiani,
1056 1756 1220 1837 quandam
1244 1756 1371 1818 vineam

109 1879 201 1922 suam
226 1860 258 1922 in
283 1861 444 1924 territorio
476 1875 587 1924 nostro
611 1862 693 1924 inter
724 1861 833 1923 vineas
857 1860 1004 1942 Gregorii
1037 1859 1094 1923 filii
1120 1860 1206 1924 Galli
1231 1876 1263 1924 et
1287 1863 1371 1924 Lau·

110 1966 209 2027 rencii
234 1964 291 2028 filii
318 1966 495 2045 Benedicti,
520 1981 703 2029 nostrorum
728 1967 876 2030 similiter
893 1968 1076 2030 concivium
1094 1967 1235 2030 habitam
1260 1983 1292 2030 et
1307 1969 1372 2030 exi·

108 2085 256 2152 stentem,
280 2072 418 2156 desuper
442 2093 460 2135 a
484 2073 535 2135 via
560 2067 724 2136 communi
760 2072 841 2135 inlra
871 2093 973 2156 usque
1006 2074 1157 2153 rivulum,
1180 2074 1277 2136 simul
1302 2094 1375 2137 cum

108 2178 249 2260 virgulto
274 2179 380 2241 eidem
403 2179 581 2260 subjacenti
605 2200 637 2241 se
666 2179 903 2258 extendentem,
928 2200 1001 2242 cum
1026 2181 1091 2242 suis
1114 2181 1321 2264 pertinenciis
1344 2194 1376 2244 et

107 2284 302 2347 utilitatibus
325 2286 482 2348 universis
505 2286 650 2369 predicto
675 2285 835 2369 Gregorio
862 2284 930 2348 filio
959 2287 1059 2370 ipsius
1083 2286 1182 2366 Galli,
1209 2300 1243 2349 ut
1265 2287 1373 2349 ricino

108 2411 169 2454 auo
193 2412 231 2454 ex
255 2411 416 2457 consensu
446 2393 628 2455 vicinorum
659 2393 877 2473 predictorum
906 2393 1053 2454 vendidit
1085 2407 1241 2476 perpetuo
1274 2393 1376 2475 possi·

108 2496 250 2560 dendam
276 2518 334 2581 pro
350 2498 480 2580 triginta
505 2519 624 2562 novem
642 2498 712 2562 flor.
736 2500 804 2561 auri
822 2499 918 2582 plene
934 2499 1117 2582 persolutis,
1134 2499 1196 2562 hoc
1213 2519 1374 2582 expresso,

107 2604 197 2686 quod
222 2603 364 2687 prelatus
398 2603 576 2686 Gregorius
607 2620 638 2667 et
669 2606 718 2667 sui
749 2625 947 2667 successores
979 2606 1119 2667 universi
1152 2606 1251 2688 ipsius
1282 2606 1374 2668 vinee

108 2730 170 2793 pro
193 2724 338 2794 ternpore
363 2731 563 2795 possessores
586 2713 645 2774 sub
670 2712 782 2774 eadem
816 2713 909 2774 vinea
934 2732 992 2774 sua
1015 2712 1150 2774 liberam
1175 2725 1206 2774 et
1229 2730 1374 2775 securam

106 2816 195 2878 viam
219 2836 369 2880 curruum
396 2818 494 2880 eundi
528 2832 559 2881 et
588 2818 745 2880 reduendi
779 2837 880 2900 usque
909 2819 1036 2880 vineam
1069 2818 1129 2879 viri
1162 2818 1290 2901 providi
1315 2818 1375 2880 Mi·

107 2919 360 3005 chaelis'judicis
380 2922 437 2985 lilii
457 2924 636 2986 Sebastiani
653 2924 758 2986 eidem
778 2925 929 2987 Michaeli
954 2925 1051 3007 judici
1077 2939 1108 2987 et
1130 2944 1187 3007 per
1211 2944 1285 2987 eum
1308 2925 1375 2986 suis

106 3027 281 3091 heredibus
305 3043 337 3092 et
359 3031 598 3092 successoribus
621 3031 779 3092 universis
802 3050 928 3113 semper
952 3031 1135 3113 permittere
1167 3031 1373 3094 tenebuntur.

215 3135 292 3197 ltem
311 3136 509 3199 Laurencius
534 3137 660 3199 institor
676 3136 800 3220 pridem
820 3136 941 3218 juratus
962 3151 992 3198 et
1008 3137 1150 3199 concivis
1167 3151 1274 3201 noster
1289 3135 1375 3200 filius

106 3241 206 3321 Petri,
230 3242 393 3324 quendam
417 3242 572 3324 (h)ortum
597 3263 690 3305 suum
714 3257 801 3307 extra
826 3245 950 3305 Novam
984 3257 1108 3326 portam
1134 3244 1270 3306 civitatis
1291 3244 1374 3307 inter

106 3347 263 3433 (h)ortum
299 3349 425 3412 discreti
450 3350 510 3411 viri
541 3349 665 3411 domini
694 3351 850 3412 Anthonii
875 3352 1041 3433 presbiteri
1074 3352 1204 3433 plebani
1237 3352 1371 3415 ecclesie

107 3470 217 3518 nostre
242 3455 434 3539 parochialis
458 3457 542 3519 beati
567 3458 666 3519 Marci
691 3458 908 3540 ewangeliste,
933 3458 1094 3521 mediante
1119 3458 1283 3540 quoddam
1308 3457 1371 3520 los·

104 3575 175 3624 sato
193 3581 292 3643 parvo
309 3581 366 3626 seu
382 3576 490 3625 meatu
506 3583 590 3645 aque
613 3584 631 3626 a
658 3565 896 3647 septemtrione,
922 3578 985 3626 eta
1010 3564 1190 3627 meridione
1208 3565 1289 3628 inter
1306 3563 1370 3627 fos·

106 3681 212 3730 satum
237 3682 345 3730 nostre
377 3670 618 3731 communitatis
649 3670 813 3749 habitum,
846 3669 983 3752 desuper
1015 3691 1033 3731 a
1061 3671 1112 3732 via
1143 3671 1308 3733 communi
1341 3684 1372 3733 et

107 3772 190 3836 inlra
215 3794 317 3856 usque
343 3774 476 3837 fluvium
506 3776 668 3838 mediante
702 3776 752 3837 via
777 3797 833 3838 seu
858 3777 970 3838 semita
1003 3777 1168 3838 communi
1193 3796 1292 3858 penes
1315 3796 1372 3839 seu

105 3898 207 3962 prope
233 3881 337 3963 ipsum
362 3880 498 3942 fluvium
523 3881 629 3943 habita
666 3901 699 3942 se
724 3882 962 3962 extendentem,
990 3903 1087 3944 unam
1112 3896 1258 3965 quartam
1283 3883 1372 3945 curie

106 3988 141 4049 in
165 4007 198 4048 se
230 3989 462 4067 continentem,
495 4008 567 4050 cum
600 3989 665 4051 suis
697 3990 903 4070 pertinenciis
935 4004 966 4051 et
999 3988 1190 4051 utilitatibus
1215 3989 1372 4051 universis

106 4093 169 4156 sibi
195 4107 266 4176 post
289 4095 415 4156 obitum
440 4095 581 4178 Philippi
606 4094 663 4157 filii
688 4096 737 4156 sui
763 4096 937 4157 literatorie
961 4110 1127 4174 statutum,
1152 4096 1288 4158 Nicolao
1304 4093 1372 4157 filio

105 4199 271 4262 Valentini
297 4199 336 4261 de
362 4201 526 4283 Krappina
551 4221 671 4282 genero
696 4221 755 4263 suo
789 4202 922 4265 donavit
949 4216 1105 4285 perpetuo
1129 4202 1372 4285 possidendum.

213 4305 291 4368 ltem
316 4308 509 4369 Ambrosius
532 4306 674 4390 lrenipar
702 4308 789 4370 filius
817 4309 901 4370 Petri
927 4309 1069 4370 concivis
1100 4324 1219 4388 noster,
1252 4309 1373 4372 medie·

103 4424 203 4475 tatem
236 4413 404 4475 cuiusdam
436 4413 564 4493 domus,
596 4413 686 4478 fundi
720 4429 751 4477 et
784 4415 891 4477 celarii
918 4416 949 4477 in
984 4417 1056 4478 vico
1088 4431 1199 4478 nostro
1224 4416 1373 4479 exteriori

102 4531 251 4581 sutorum
277 4519 359 4581 inter
383 4519 499 4582 domos
525 4521 621 4583 Blasii
651 4521 730 4582 alias
762 4521 876 4583 decani
900 4536 1046 4584 sutorum
1078 4521 1136 4584 lilii
1162 4521 1316 4605 Stephani
1342 4536 1373 4584 et

102 4624 236 4688 Thome
261 4625 338 4688 dicti
363 4625 453 4688 Zima
477 4627 517 4688 ab
542 4646 605 4689 una
630 4641 729 4708 parte,
755 4628 794 4688 ab
811 4627 909 4689 altera
933 4647 1010 4690 vero
1031 4628 1207 4690 liberorum
1232 4628 1370 4690 condam

102 4731 236 4794 Thome
260 4732 377 4794 sutoris
401 4733 477 4794 dicti
504 4731 712 4796 Gerdsewich
730 4734 849 4812 habite,
869 4735 1075 4797 medietatem
1100 4735 1252 4797 videlicet
1267 4754 1370 4816 suam,

99 4839 293 4924 porcionem
324 4859 341 4900 a
373 4854 463 4922 parte
488 4839 573 4902 dicte
606 4839 722 4902 domus
754 4841 897 4923 ipsorum
930 4841 1105 4903 liberorum
1139 4842 1215 4904 dicti
1241 4840 1371 4904 Thome

1270 4932 1306 4994 16
