3142 5356
670 341 757 400 Atmo
782 351 869 418 1427.

1344 361 1397 422 ¹4¹

134 448 490 457 ——--—--—
504 448 555 454 --—
1036 449 1141 455 ....-—

130 555 262 617 civitate
288 555 370 615 inter
394 554 510 615 domos
534 567 564 614 et
587 551 706 614 fundos
731 554 856 616 Nicolai
886 555 1013 636 Laczky
1037 569 1067 616 et
1092 553 1225 636 Georgii
1250 553 1401 635 Crouaci,

132 659 289 739 habitam,
322 660 463 722 mediam
496 660 617 721 curiam
651 660 684 720 in
716 680 748 720 se
780 661 1019 738 continentem,
1051 680 1123 722 curn
1156 660 1221 721 suis
1245 658 1403 722 hedificiis

132 768 236 830 Paulo
262 766 402 829 carnifici
426 764 496 828 filio
521 766 674 849 Stephani
711 787 768 848 pto
792 787 845 829 sex
877 767 991 828 marcis
1017 768 1222 828 denariorum
1247 766 1402 828 vendide-

131 887 205 935 tunt
230 888 388 955 perpetuo
413 873 652 955 possidendam.

239 979 317 1040 ltem
344 979 457 1041 Petrus
480 977 566 1039 filius
591 979 733 1057 Lukasii,
759 980 900 1041 concivis
924 994 1040 1057 noster,
1065 980 1240 1062 quemdam
1264 976 1401 1042 fundum

131 1104 227 1146 suum
253 1085 349 1146 unius
373 1099 485 1166 quarte
512 1085 543 1145 in
569 1086 641 1146 vico
674 1100 819 1148 sutorum
847 1087 929 1147 inter
963 1085 1082 1147 fundos
1107 1087 1260 1168 Stephani
1285 1088 1402 1149 sutoris

132 1205 161 1251 et
185 1191 353 1253 Benedicti
379 1191 527 1251 similiter
544 1193 661 1252 sutoris
683 1193 883 1258 existentem.
901 1193 991 1254 cuius
1016 1190 1108 1254 fundi
1133 1192 1228 1254 aliam
1254 1208 1401 1273 quartam

133 1297 318 1359 Anthonius
349 1295 436 1358 filius
465 1296 584 1358 Mathei
618 1298 765 1359 similiter
797 1312 886 1360 sutor
910 1299 1088 1360 dinoscitur
1120 1300 1296 1382 possidere,
1327 1321 1401 1362 cum

132 1404 285 1464 omnibus
310 1404 463 1484 premisse
490 1405 671 1465 medietatis
704 1405 798 1465 unius
823 1419 948 1486 quarte,
980 1406 1085 1466 eidem
1111 1405 1277 1467 Anthonio
1301 1408 1400 1468 sutori

133 1526 160 1570 et
184 1511 253 1571 suis
286 1510 459 1570 heredibus
491 1530 549 1591 pro
583 1511 695 1592 viginti
729 1526 849 1592 septem
888 1512 995 1592 pensis
1026 1512 1231 1573 denariorum
1258 1513 1402 1574 vendidit

131 1631 289 1698 perpetuo
316 1616 555 1697 possidendam.

244 1721 320 1783 ltem
355 1722 536 1803 Stephanus
568 1721 652 1783 lilius
685 1721 817 1803 Georgii
850 1738 950 1784 sartor
982 1737 1012 1784 et
1036 1744 1123 1785 rasor
1154 1744 1336 1806 pannorum
1370 1739 1401 1787 et

130 1824 265 1888 honesta
290 1827 423 1888 domina
450 1829 550 1889 Elena
584 1848 717 1889 consors
749 1829 905 1906 eiusdem,
938 1830 1100 1911 quandam
1134 1846 1249 1891 terram
1282 1850 1394 1892 eorum

130 1936 284 1996 arabilem
312 1937 342 1996 in
368 1937 530 1998 territorio
548 1937 684 1998 civitatis
710 1938 796 2016 Krog
815 1938 900 1998 dieto
919 1958 1017 2018 penes
1035 1954 1133 1998 terras
1150 1938 1286 1999 arabiles
1305 1938 1392 1999 l'auli

130 2042 206 2103 dicti
227 2042 374 2103 Thothar
391 2057 421 2104 et
437 2043 555 2104 Mathie
571 2043 701 2103 sartoris
718 2043 871 2120 habitam,
888 2063 939 2104 sex
954 2044 1028 2123 (vel)
1043 2044 1120 2104 citra
1145 2043 1247 2105 dietas
1263 2059 1344 2105 terre
1362 2045 1393 2105 in

130 2170 159 2211 ae
186 2148 421 2226 continentem,
446 2169 518 2210 cum
543 2150 608 2210 suis
639 2149 845 2230 pertinenciis
877 2149 1021 2230 predicto
1054 2149 1155 2210 Paulo
1180 2149 1327 2211 Thothar
1351 2149 1396 2211 vi·

130 2256 202 2316 :ino
229 2274 288 2315 suo
314 2275 370 2336 pro
396 2255 535 2336 quadam
561 2256 654 2316 vinea
675 2255 818 2315 eiusdem
839 2255 928 2316 Pauli
954 2255 985 2314 in
1017 2255 1177 2316 territorio
1203 2256 1302 2336 ipsius
1319 2256 1395 2317 civi-

130 2361 202 2421 tatis
229 2361 310 2421 inter
334 2361 443 2421 vineas
467 2361 644 2421 liberorum
670 2360 786 2442 Gyuan
812 2361 927 2441 judicis
960 2376 991 2422 et
1015 2380 1234 2422 successorum
1260 2363 1397 2423 condam

130 2466 288 2527 Anthonii
317 2468 420 2544 Kone,
446 2482 475 2527 et
500 2468 571 2527 aliis
588 2468 653 2527 suis
682 2468 898 2548 pertinenciis,
916 2487 972 2548 per
990 2468 1123 2528 modum
1148 2469 1399 2550 permutacionis

130 2573 289 2635 dederunt
314 2589 344 2634 et
368 2574 570 2655 assignarunt
596 2590 751 2654 perpetuo
776 2573 1015 2655 possidendam.

235 2679 312 2740 ltem
330 2681 405 2762 quia
423 2681 578 2761 providus
594 2681 641 2739 vir
659 2681 804 2741 Thomas
814 2679 1080 2762 Hungarusfilius
1094 2681 1233 2759 Andree‚
1248 2681 1278 2741 id
1293 2680 1393 2743 literis

130 2785 267 2846 civitatis
285 2787 539 2867 privilegialibus
557 2786 640 2863 iuxta
659 2786 894 2847 continenciam
913 2806 1068 2848 novarum
1087 2786 1249 2847 literarum
1269 2803 1390 2848 nostra·

130 2911 198 2952 tum
212 2892 461 2972 privilegialium
473 2893 705 2974 comprobavit,
721 2907 754 2952 ut
771 2893 925 2954 medietas
942 2893 1107 2953 cuiusdam
1122 2894 1238 2953 domus
1255 2908 1286 2955 et
1303 2892 1393 2954 fundi

130 2999 160 3058 in
186 2998 269 3059 dicta
295 3000 422 3061 civitate
448 3000 479 3059 in
513 3000 617 3080 platea
642 3000 792 3061 videlicet
817 2998 1024 3076 Carnifieum,
1062 3018 1146 3060 nunc
1172 3001 1253 3061 inter
1278 3001 1392 3061 domos

130 3120 159 3166 et
183 3104 303 3166 fundos
328 3106 463 3186 provide
488 3106 632 3167 mulieris
657 3107 790 3187 Agnetis
815 3108 854 3167 ab
873 3125 946 3183 una,
971 3118 1001 3166 et
1025 3119 1113 3186 parte
1138 3125 1175 3165 ex
1200 3106 1296 3166 altera
1316 3106 1394 3166 libe·

130 3231 237 3271 rorum
264 3230 320 3271 seu
353 3231 571 3273 successorum
605 3212 743 3273 condam
778 3212 861 3272 Petri
895 3210 1005 3271 lwsich
1039 3210 1145 3272 habite
1170 3226 1201 3273 et
1225 3212 1397 3289 existentis,

129 3337 226 3378 unam
253 3332 399 3398 quartam
433 3319 463 3378 in
488 3331 558 3379 toto
591 3318 622 3378 in
655 3339 687 3378 se
721 3318 934 3394 continentis,
968 3318 1123 3378 medietas
1155 3332 1266 3399 utputa
1298 3318 1397 3399 ipsius

130 3424 247 3485 domus
271 3438 355 3485 recta
379 3424 530 3484 videlicet
562 3438 592 3485 et
625 3425 761 3505 equalis,
794 3443 891 3484 unam
924 3437 1070 3484 octavam
1096 3424 1126 3484 in
1152 3444 1184 3483 se
1217 3425 1395 3502 continens,

130 3531 188 3590 sibi
215 3550 271 3610 per
296 3530 462 3610 providam
487 3531 656 3590 mulierem
689 3531 825 3590 condam
854 3529 1088 3609 Margaretham
1113 3544 1188 3591 tunc
1213 3545 1395 3592 consortem

130 3656 218 3697 suam
246 3636 376 3713 donata,
410 3650 440 3696 et
472 3636 533 3696 alia
567 3637 722 3696 medietas
754 3637 898 3697 eiusdem
929 3636 1045 3696 domus
1079 3650 1162 3696 recta
1187 3636 1334 3698 similiter
1365 3651 1397 3698 et

130 3742 263 3824 equalis,
288 3762 385 3803 unam
411 3757 556 3804 octavam
584 3744 614 3803 in
640 3763 671 3802 se
698 3744 864 3820 denotans,
894 3763 949 3824 per
974 3742 1152 3823 Georgium
1176 3742 1278 3804 filium
1298 3745 1396 3826 ipsius

130 3848 330 3930 Margaretbe
363 3850 545 3930 privignum
579 3850 652 3910 dicti
687 3850 815 3910 Thomc
849 3849 1007 3929 Hungari,
1039 3850 1142 3909 eidem
1177 3850 1305 3911 Thome
1338 3871 1395 3932 pro

130 3957 230 4017 tribus
255 3956 370 4016 marcis
387 3956 591 4015 denariorum
618 3956 747 4016 vendita
765 3956 935 4031 extitisset;
961 3957 1033 4016 ideo
1060 3976 1117 4016 nos
1142 3957 1276 4017 eandem
1295 3972 1394 4017 totam

130 4061 264 4122 domum
290 4062 384 4122 unius
409 4075 520 4141 quarte
545 4081 617 4121 cum
643 4061 708 4121 suis
740 4061 946 4143 pertinenciis
979 4062 1122 4142 predicto
1148 4063 1277 4123 Thome
1304 4063 1393 4123 Hun-

130 4187 217 4248 garo,
243 4165 305 4246 jam
342 4182 451 4227 nostro
488 4168 632 4243 concivi,
665 4181 696 4228 et
727 4168 791 4228 suis
827 4166 999 4228 heredibus
1035 4169 1203 4228 statuimus
1238 4183 1394 4250 perpetuo

130 4273 368 4356 possidendam.

236 4380 312 4440 ltem
339 4381 492 4461 providus
510 4382 557 4441 vir
584 4380 756 4461 Dyonisius
775 4379 915 4461 frenipar
941 4379 1025 4440 filius
1051 4378 1137 4441 Galli
1163 4396 1193 4440 et
1219 4380 1318 4440 Elena
1336 4399 1390 4439 sua

130 4504 260 4547 consors
284 4487 446 4566 quandam
473 4487 604 4546 domum
640 4505 751 4545 eorum
786 4485 816 4544 in
846 4486 916 4545 vico
942 4486 1041 4566 ipsius
1076 4486 1213 4548 civitatis
1245 4485 1392 4546 exteriori

130 4605 271 4652 sutorum
298 4592 379 4651 inter
397 4593 511 4651 domos
538 4592 656 4651 Maline
683 4591 825 4651 mulieris
843 4592 950 4651 relicte
972 4591 1109 4651 condam
1135 4591 1289 4652 lobannis
1314 4591 1389 4652 dicti

130 4696 250 4759 Ozchel
275 4699 392 4757 sutoris
416 4712 446 4758 et
471 4698 599 4758 Thome
625 4697 771 4756 similiter
803 4698 918 4758 sutoris
943 4717 978 4756 ac
1003 4697 1086 4756 lalse
1112 4697 1256 4757 mulieris
1280 4715 1391 4756 socrus

131 4803 229 4884 ipsius
257 4802 385 4864 Thome
410 4804 450 4863 ab
475 4823 549 4879 una,
574 4820 602 4862 et
636 4819 723 4882 parte
748 4805 788 4862 ab
820 4803 917 4864 altera
945 4803 1024 4883 Elye
1057 4802 1210 4864 faretrarii
1236 4817 1266 4864 et
1293 4804 1391 4864 bene-
