3156 5364
352 485 441 543 Anno
463 494 552 558 1519.
579 517 618 527 -
643 498 694 560 24.
711 485 861 558 junuarii.
1178 502 1240 566 209

88 695 239 757 Ultimate
264 695 536 773 concludendum,
555 694 643 775 quod
660 693 783 776 prefata
801 695 932 756 domina
957 694 1121 757 Dorothea
1138 716 1239 778 usque

71 801 233 884 isprivium
266 819 339 862 cum
372 799 460 863 affini
491 820 549 863 suo
583 820 769 883 comparere
801 801 932 863 debebit
962 815 1148 864 attractare
1182 823 1237 885 pa-

77 927 135 992 pro
168 908 304 990 pecunia
336 906 515 989 specificata
547 907 597 969 vel
634 927 737 989 usque
770 907 1037 989 Carnispriviutn,
1069 927 1143 970 casu
1174 929 1240 991 quo

71 1013 213 1076 saffinis
244 1034 317 1076 cum
353 1016 465 1076 eadem
500 1015 718 1093 constitueret,
754 1015 809 1076 ubi
841 1034 917 1076 vero
953 1034 1059 1097 neque
1091 1017 1240 1078 constitui

71 1121 360 1204 eCarnisprivium
392 1135 510 1204 posset,
544 1135 575 1183 et
607 1140 713 1202 neque
737 1119 892 1203 prefatam
924 1121 1094 1203 pecuniam
1118 1120 1241 1204 prefato

71 1227 177 1290 trdino
201 1227 336 1290 reddere
360 1241 478 1310 posset,
510 1241 626 1288 extunc
660 1227 772 1308 elapso
796 1225 920 1308 prefato
951 1227 1088 1289 termino
1114 1226 1240 1289 Carnis-

73 1383 81 1413 ,
106 1334 266 1416 assignato
291 1335 355 1395 alio
379 1333 519 1396 termino
543 1353 600 1416 per
625 1352 684 1394 nos
700 1332 836 1394 arbitros
861 1331 899 1393 ad
917 1332 1100 1394 reddendos
1124 1346 1155 1395 et
1178 1333 1239 1394 sol-

71 1460 97 1502 >s
121 1438 261 1522 prefatos
285 1440 521 1522 quinquaginta
547 1439 628 1500 duos
660 1438 740 1517 flor,
773 1438 859 1520 quod
885 1439 909 1499 si
936 1438 1037 1500 nollet
1061 1452 1116 1501 aut
1140 1440 1240 1521 negli-

88 1547 139 1608 vel
163 1566 229 1607 non
254 1559 389 1624 curaret,
413 1546 523 1627 elapso
548 1546 696 1627 proximo
728 1544 867 1606 termino
899 1564 956 1626 per
980 1545 1117 1607 arbitros
1142 1545 1241 1628 depu-

77 1651 199 1734 prefata
217 1652 350 1715 domina
375 1651 540 1713 Dorothea
558 1665 589 1712 et
609 1652 744 1713 domum
762 1670 853 1711 suam
879 1651 1042 1712 ruinosam
1068 1666 1098 1712 et
1115 1651 1240 1712 vineam

71 1760 96 1820 ia
115 1760 201 1820 bona
220 1759 365 1820 eiusdem
390 1777 449 1841 pro
466 1756 597 1840 prefatis
613 1757 847 1839 quinquaginta
867 1756 993 1817 duobus
1010 1756 1079 1818 flor.
1103 1757 1241 1818 liberum

71 1866 120 1926 isit
144 1880 200 1927 aut
224 1865 408 1927 vendicioni
427 1884 587 1946 exponere
611 1878 665 1925 aut
681 1883 740 1945 pro
769 1883 801 1924 se
819 1863 888 1944 ipso
913 1883 1092 1939 reservare3
1118 1864 1240 1945 adque

71 1992 83 2032 a
108 1986 140 2033 et
165 1972 292 2053 singula
318 1992 351 2032 se
376 1986 489 2054 sponte
514 1971 554 2031 ad
580 1970 612 2030 id
636 1969 803 2048 obligavit.

541 2095 671 2155 Arbitri.

443 2219 581 2281 Michael
606 2219 759 2281 literatus.

439 2325 522 2386 lwan
549 2325 699 2388 decanus.

443 2431 623 2514 Stephanus
647 2430 817 2493 aurifaber.

440 2537 630 2598 Valentinus
653 2535 805 2620 frenipar.
