3142 5356
145 423 185 488 7²
503 405 590 463 Anao
613 414 704 481 1491.
727 435 772 447 —
791 416 843 464 20.
867 401 1028 462 decembr-is.

146 617 288 680 sedecim
311 618 350 678 ab
375 617 445 698 ipso
469 615 643 677 Valentino
669 614 792 696 judice3
828 613 959 675 tandem
986 633 1060 676 vero
1093 613 1155 674 hiis
1179 613 1296 676 habitis
1321 614 1412 675 Hans

149 723 289 806 lrenipar
313 739 466 803 tanquam
490 719 596 782 allinis
620 736 651 782 et
683 721 940 801 consanguineus
973 720 1072 802 ipsius
1096 720 1193 780 Blasii
1219 719 1251 780 in
1276 739 1412 801 persona

148 831 291 892 eiusdem
318 829 413 892 Blasii
439 842 470 889 et
495 827 669 889 Katherine
695 827 838 908 puellule
870 825 935 888 filie
960 827 1053 888 unice
1084 827 1183 908 ipsius
1207 827 1316 905 Blasii,
1344 828 1412 910 ipsa

148 956 256 998 coram
281 936 375 996 nobis
399 933 609 1016 personaliter
632 933 791 1011 veniente,
817 933 954 1015 reposita
973 932 1061 1014 prius
1084 933 1152 1014 ipsa
1176 952 1302 994 summa
1327 935 1411 1012 flor.,

148 1062 229 1125 quos
246 1042 400 1104 habuerat
417 1055 448 1103 et
464 1055 626 1122 receperat
643 1041 710 1122 ipsa
725 1040 812 1101 Jellca
828 1042 859 1101 in
878 1053 996 1101 sortem
1013 1039 1112 1121 ipsius
1125 1040 1251 1118 domus,
1265 1041 1416 1102 arestavit

147 1164 178 1212 et
202 1149 351 1225 inhibuit,
376 1148 489 1210 volens
513 1148 615 1229 ipsam
640 1147 774 1208 domum
798 1166 986 1209 conservare
1018 1146 1078 1228 ipsi
1103 1147 1211 1208 Blasio
1235 1161 1267 1209 et
1291 1147 1412 1209 Kathe-

150 1257 217 1317 rine
242 1254 306 1317 filie
331 1275 386 1316 sue
412 1268 441 1314 et
466 1275 503 1315 ex
528 1273 593 1334 quo
618 1254 718 1314 eciam
744 1253 867 1314 audivit
883 1253 1058 1313 adventum
1084 1272 1121 1313 ex
1146 1252 1288 1314 Thurcia
1314 1254 1417 1336 ipsius

149 1362 258 1441 Blasii,
291 1361 383 1438 jurati
418 1360 461 1421 ita
485 1360 731 1436 adinvenerunt,
762 1359 1038 1439 adjudicaverunt,
1071 1359 1159 1440 quod
1189 1360 1256 1442 ipse
1281 1360 1363 1421 liber
1387 1375 1419 1423 et

149 1468 348 1529 voluntarius
382 1481 428 1528 est
459 1480 595 1528 arestare
629 1466 729 1547 ipsam
755 1466 890 1527 domum
923 1467 955 1526 in
984 1484 1121 1547 persona
1155 1466 1230 1527 dicti
1255 1466 1352 1528 Blasii
1388 1481 1419 1529 et

152 1573 215 1635 filie
249 1593 304 1634 sue
330 1587 360 1634 et
384 1592 489 1653 neque
515 1573 649 1633 eandem
684 1571 780 1633 vendi
813 1571 919 1652 potuit
944 1572 1011 1653 ipsa
1045 1572 1135 1633 lelka
1159 1573 1226 1633 sine
1251 1572 1420 1634 voluntate

151 1681 293 1761 ipsorum
326 1679 639 1758 consanguineorum
670 1678 769 1759 ipsius
803 1677 900 1738 Blasii
933 1690 964 1738 et
988 1678 1198 1759 permissione
1230 1678 1329 1759 ipsius
1353 1676 1420 1741 filie

150 1786 225 1846 dicti
251 1785 347 1846 Blasii
373 1805 410 1845 ex
448 1804 513 1866 quo
546 1785 636 1845 heres
669 1798 715 1845 est
748 1798 779 1845 et
810 1783 964 1860 lrabetur;
989 1784 1075 1845 idem
1100 1783 1289 1846 Valentinus
1321 1785 1419 1866 judex

152 1911 216 1952 non
241 1906 409 1952 contentus
433 1891 607 1973 appellavit
630 1890 669 1951 ad
695 1891 846 1954 seniores.

405 2129 550 2199 Sabbato
580 2135 658 2199 ante
686 2129 809 2199 festum
837 2130 926 2200 beati
957 2127 1149 2216 Augustini.

673 2283 734 2358 (27.
759 2283 896 2358 augusta).

259 2422 397 2485 Causam
431 2422 512 2483 inter
544 2422 751 2483 Valentinum
784 2421 862 2483 alias
893 2421 1032 2502 judicem
1061 2436 1092 2484 et
1123 2422 1247 2483 Jelkam
1280 2441 1414 2484 uxorem

151 2527 247 2589 Blasii
273 2526 441 2610 freniparis
466 2529 593 2589 racione
619 2529 735 2589 domus
759 2548 815 2610 per
846 2527 966 2607 juratos
989 2527 1205 2608 adjudicatam
1230 2541 1261 2589 et
1283 2548 1341 2609 per
1365 2549 1413 2590 se·

151 2633 257 2694 niores
280 2633 401 2714 judices
432 2635 568 2695 revisam
600 2649 630 2695 er
658 2635 890 2713 examinatam,
922 2635 1065 2696 seniores
1097 2633 1219 2713 judices
1252 2633 1417 2714 adjudica·

153 2740 279 2801 cionem
308 2739 483 2819 juratorum
509 2740 779 2803 confirmaverunt
806 2756 836 2802 et
860 2741 1051 2804 confirmant
1083 2741 1143 2802 hoc
1168 2739 1304 2821 adjecto,
1329 2742 1419 2824 quod

151 2865 311 2907 summam
335 2846 530 2909 florenorum
549 2849 581 2908 in
598 2848 841 2928 adjudicacione
858 2848 1036 2927 juratorum
1061 2862 1293 2930 expressatam,
1319 2868 1418 2931 quam

153 2971 313 3013 summam
345 2954 411 3034 ipse
445 2954 534 3014 Hans
567 2952 706 3036 frenipar
737 2974 810 3015 cum
845 2955 1020 3016 Katherina
1054 2953 1197 3036 puellula
1222 2952 1288 3016 filia
1321 2955 1421 3018 Blasii

153 3055 321 3140 freniparis
345 3059 536 3141 deposuerat
560 3073 591 3121 et
615 3060 764 3142 deposuit
788 3080 895 3122 coram
924 3061 1018 3122 nobis
1043 3061 1074 3121 in
1099 3060 1203 3143 specie
1228 3080 1287 3142 pro
1318 3063 1422 3124 tribu·

155 3163 219 3224 nali
244 3164 440 3243 sedentibus,
457 3166 592 3227 eandem
616 3186 776 3228 summam
792 3166 983 3228 Valentinus
1006 3166 1101 3248 judex
1125 3186 1184 3249 pro
1207 3187 1240 3228 se
1264 3167 1420 3231 rehabere

154 3285 184 3332 et
207 3271 348 3361 recipere
374 3271 497 3334 debeat.

189 3504 287 3579 Feria
315 3510 485 3581 secunda?
515 3500 655 3603 (tercia)
685 3519 763 3583 ante
791 3512 913 3584 lestum
946 3514 1037 3586 beati
1066 3514 1190 3586 Thone
1218 3514 1376 3604 apostoli.

660 3666 723 3742 (20.
747 3667 919 3744 decembris).

259 3803 364 3866 Causa
395 3825 457 3887 que
490 3807 572 3868 inter
602 3808 868 3891 circumspectum
901 3809 1110 3873 Dominicum
1142 3812 1245 3874 filium
1277 3814 1422 3877 condam

157 3911 311 3971 iohannis
337 3912 520 3994 l‘erowych,
546 3917 585 3973 ab
610 3934 684 3992 una,
708 3928 797 3997 parte
822 3936 897 3978 vero
915 3937 952 3979 ex
977 3919 1075 3980 altera
1100 3919 1267 3981 dominam
1284 3920 1420 4002 Magda-

158 4017 263 4077 lenam
289 4018 430 4078 relictam
456 4019 593 4080 condam
616 4018 747 4101 Georgii
766 4020 868 4083 fratris
892 4024 1012 4086 scilicet
1028 4026 1163 4086 carnalis
1188 4026 1332 4089 eiusdem
1352 4027 1423 4090 Do·

160 4123 270 4184 minici
288 4124 416 4185 racione
440 4124 611 4186 domorum
629 4147 664 4187 ac
690 4129 910 4190 universarum
931 4132 1180 4212 possessionum,
1196 4153 1372 4215 rerumque
1390 4150 1423 4199 et

157 4230 316 4290 bonorum
342 4231 512 4292 mobilium
531 4245 561 4292 et
581 4233 787 4295 inmobilium
806 4236 882 4297 dicti
907 4237 1043 4298 condam
1062 4239 1216 4300 Johannis
1240 4240 1419 4324 Perowych

159 4349 245 4396 mota
270 4333 362 4413 loret,
388 4337 419 4396 in
443 4338 561 4418 quibus
586 4340 652 4419 ipse
670 4340 805 4401 condam
831 4341 990 4423 Georgius
1014 4345 1072 4405 sub
1090 4345 1222 4426 aliquali
1247 4358 1422 4410 testamen·

160 4441 238 4501 taria
263 4441 428 4521 legacione
452 4459 524 4524 post
547 4459 684 4506 mortem
716 4466 806 4507 suam
832 4449 969 4509 eandem
1002 4449 1167 4511 dominam
1192 4451 1422 4532 Magdalenam

157 4548 277 4628 absque
302 4547 456 4608 heredum
481 4551 601 4610 solacio
626 4551 809 4632 reliquerat,
835 4554 976 4635 prelatus
1001 4576 1076 4616 vero
1103 4557 1294 4621 Dominicus
1310 4557 1422 4622 huius-

158 4653 245 4714 modi
268 4654 383 4714 domus
407 4674 442 4715 ac
467 4657 629 4717 universas
664 4661 890 4739 possessiones,
922 4682 1035 4743 resque
1068 4678 1098 4724 et
1123 4665 1206 4724 bona
1231 4665 1366 4727 mobilia
1390 4682 1423 4728 et

159 4761 325 4821 inmobilia
351 4762 530 4842 supradicta
556 4762 623 4840 jure
648 4780 781 4846 paterno
806 4782 836 4828 et
868 4769 984 4830 avitico
1009 4770 1069 4831 sibi
1094 4771 1252 4852 pertinere
1276 4790 1423 4833 asserens

158 4887 193 4930 ac
207 4868 378 4948 superinde
393 4868 607 4931 illustrissimo
621 4873 757 4953 principi
772 4873 906 4934 domino
920 4875 1057 4936 iohanni
1073 4875 1219 4938 Coruino
1234 4876 1422 4959 Sclauonie,

160 4973 352 5057 Lypthouie,
378 4974 592 5059 Oppauieque
625 4977 698 5040 duci
723 4993 782 5042 etc.
814 4981 1088 5064 supplicacionem
1118 4983 1286 5067 porrigens
1309 5001 1422 5069 postu·
