3142 5356
560 459 763 535 Ann01495.
788 491 830 500 -
847 471 902 535 31.
919 458 1004 534 julii.

182 556 566 572 —Q——ffl---
587 565 603 569 .,
626 565 727 570 .——-
754 565 793 569 ..-
816 566 833 570 ,
857 565 920 569 --
979 564 1055 569 -...
1085 566 1091 569 ,

379 676 477 750 Feria
506 687 605 750 sexta
635 681 668 749 in
698 678 784 749 sesto
814 678 910 750 beate
939 677 1038 749 Eleae
1067 679 1189 764 regine.

675 835 741 905 (22.
773 831 874 901 ninii).

262 973 359 1037 Causa
386 975 468 1036 inter
493 974 635 1036 blasium
659 989 800 1036 sutorem
820 989 851 1036 et
877 975 996 1036 Lucam
1022 973 1196 1055 agricolam
1215 973 1254 1035 de
1279 974 1351 1036 vico
1368 994 1419 1036 su·

179 1082 270 1158 torum,
291 1082 405 1143 citacio
430 1082 543 1164 prima.

260 1186 359 1248 Causa
386 1188 468 1249 inter
493 1188 709 1249 Laurencium
737 1188 856 1270 Sporar
888 1203 919 1250 et
943 1189 1086 1250 lwanum
1113 1189 1292 1250 institorem
1317 1202 1348 1250 et
1372 1207 1419 1249 re·

177 1281 260 1355 littam
282 1295 434 1356 Jeliczam
460 1295 491 1355 in
517 1296 623 1377 primo
652 1294 774 1376 judicio
808 1295 868 1376 ipsi
901 1309 1011 1357 contra
1036 1295 1252 1357 Laurenoium
1276 1295 1418 1358 testimo-

178 1390 245 1460 nium
266 1401 442 1483 producere
468 1401 633 1463 debebunt
657 1415 688 1464 et
712 1402 817 1464 eidem
843 1402 1049 1484 respondere.

257 1526 359 1590 Causa
386 1528 469 1589 inter
494 1528 609 1610 Elyam
636 1525 830 1610 lreniparem
856 1541 887 1589 et
919 1526 1031 1589 fratres
1056 1547 1131 1589 suos
1155 1542 1186 1590 et
1209 1527 1418 1589 Valentinum

175 1619 342 1716 lteniparem
367 1648 397 1695 et
430 1654 520 1696 susm
554 1633 711 1695 familiam
742 1635 871 1695 racione
901 1648 932 1697 et
963 1648 1109 1715 pretextu
1145 1634 1199 1695 ubi
1225 1634 1284 1716 ipsi
1307 1630 1420 1696 fratres

172 1730 228 1800 dicti
252 1742 328 1826 Elye
354 1761 427 1802 cum
454 1741 583 1802 famulis
616 1741 715 1821 ipsius
739 1741 902 1802 Valentini
940 1755 1054 1802 mutuo
1085 1762 1118 1802 se
1144 1741 1365 1821 vituperarunt
1388 1754 1419 1802 et

172 1837 247 1908 iidem
271 1846 385 1911 fratres
409 1847 484 1909 dicti
510 1847 592 1930 Elye
610 1847 741 1908 eosdem
766 1848 896 1908 armatis
912 1847 1072 1924 manibus,
1101 1847 1217 1928 gladiis
1242 1846 1420 1927 evaginatis

169 1965 237 2016 extra
259 1969 456 2016 vocaverunt
480 1969 510 2015 et
534 1955 593 2015 sub
618 1954 718 2014 domo
750 1954 850 2034 ipsius
876 1953 1037 2015 Valentini
1071 1954 1102 2014 in
1129 1953 1272 2034 quodam
1299 1953 1418 2034 angulo

167 2062 324 2141 evaginatis
347 2060 464 2142 gladiis
489 2060 620 2122 eosdem
644 2073 880 2141 spectaverunt,
903 2074 999 2141 prout
1022 2079 1118 2140 super
1142 2061 1203 2122 hoc
1226 2074 1322 2122 testes
1346 2079 1418 2141 pro-

166 2161 310 2229 duxerunt
335 2181 365 2228 et
390 2166 464 2228 lassi
483 2181 567 2242 sunt,
593 2167 666 2227 ideo
692 2166 789 2226 iidem
813 2164 924 2227 fratres
949 2166 1024 2227 dicti
1051 2167 1131 2248 Elye
1157 2181 1266 2228 contra
1284 2166 1418 2227 domum

164 2267 246 2351 ipsius
277 2273 441 2335 Valentini
475 2274 507 2333 in
539 2273 688 2354 potencia
725 2272 862 2333 convicti
899 2287 991 2348 sunt;
1023 2272 1078 2333 ubi
1112 2291 1187 2333 vero
1222 2272 1288 2353 ipse
1323 2272 1419 2354 Elyas

161 2378 267 2442 dictum
295 2381 503 2442 Valentinum
530 2381 699 2461 antiquum
722 2399 834 2441 canem
855 2380 1048 2460 vituperavit
1072 2393 1103 2441 et
1128 2380 1308 2441 nominavit
1324 2394 1419 2461 prout

160 2499 241 2551 testes
266 2489 497 2569 deposuerunt,
523 2487 688 2548 convictus
706 2502 751 2547 est
769 2487 854 2547 idem
874 2487 971 2569 Elyas
995 2487 1026 2546 in
1052 2486 1163 2548 decem
1190 2487 1297 2569 pensis
1321 2487 1417 2548 dena-

159 2594 278 2674 riorum,
312 2595 472 2675 judicibus
505 2614 581 2655 vero
614 2595 645 2654 in
679 2608 806 2654 centum
841 2594 997 2669 denariis;
1034 2595 1089 2655 ubi
1123 2614 1198 2656 vero
1231 2594 1298 2676 ipse
1324 2594 1420 2678 Elyas

159 2703 350 2784 proponebat
381 2701 599 2783 suspicionem
633 2714 744 2761 contra
780 2698 939 2781 prelatum
964 2699 1173 2762 Valentinum
1208 2715 1238 2761 et
1263 2699 1416 2762 Mathiam

157 2802 341 2890 freniparem
374 2807 483 2869 dicens
518 2807 605 2887 quod
632 2807 691 2888 ipsi
724 2806 880 2868 dixissent
912 2806 1011 2887 judici
1044 2807 1132 2888 quod
1165 2807 1231 2889 ipse
1265 2807 1360 2891 Elyas
1385 2807 1417 2866 in

159 2911 245 2976 domo
270 2914 434 2975 habuisset
451 2914 575 2995 aliquas
592 2914 703 2991 scalas,
729 2929 763 2975 ut
780 2913 857 2974 dum
879 2914 1002 2995 aliquid
1021 2913 1105 2975 male
1130 2927 1327 2995 perpetraret
1344 2933 1417 2975 cum

160 3016 309 3098 iratribus,
334 3041 389 3103 per
414 3040 543 3082 murum
568 3022 677 3097 exiret,
704 3020 777 3081 ideo
807 3019 901 3097 jurati
934 3020 1211 3099 adjudicaverunt,
1244 3020 1332 3102 quod
1358 3021 1416 3102 ipsi

160 3125 189 3185 td
210 3128 526 3209 quintumdecimum
552 3127 639 3188 diem
665 3127 801 3208 quilibet
823 3128 1009 3189 terciusmet
1033 3127 1137 3205 jurare
1162 3127 1303 3205 habebit,
1328 3126 1416 3208 quod

161 3228 207 3310 ipsi
231 3233 330 3313 iudici
357 3235 489 3294 minime
508 3248 743 3314 exposuerunt;
768 3234 823 3294 ubi
846 3253 922 3294 vero
940 3234 1007 3315 ipse
1025 3235 1121 3318 Elyas
1139 3234 1242 3295 minas
1267 3232 1416 3295 Michaeli

161 3332 233 3401 iratri
267 3339 383 3423 prelati
417 3340 535 3402 Mathis
569 3341 768 3422 imponebat,
801 3355 896 3422 prout
927 3360 1023 3421 super
1055 3341 1115 3401 hoc
1147 3355 1243 3402 testes
1266 3339 1418 3422 produxit

163 3460 257 3508 contra
285 3446 436 3525 eundem,
462 3449 628 3509 convictus
661 3462 707 3507 est
731 3447 836 3507 eidem
858 3447 889 3507 in
923 3446 1033 3508 decem
1068 3447 1175 3528 pensis
1200 3447 1417 3522 denariorum,

167 3548 313 3626 judicibus
331 3555 362 3615 in
380 3568 507 3615 centurn
526 3554 685 3630 denariis;
701 3552 842 3635 prelatus
859 3553 957 3636 Elyas
975 3574 1039 3615 non
1057 3568 1226 3616 contentus
1243 3554 1418 3635 appellavit

163 3659 192 3718 ad
214 3663 356 3722 seniores
381 3676 411 3722 et
434 3661 582 3722 similiter
607 3659 747 3743 prefatus
771 3661 972 3724 Valentinus.

197 3896 288 3971 leria
318 3907 417 3970 sexta
446 3903 601 3988 proxima
632 3907 709 3971 ante
739 3900 862 3971 festum
892 3902 1001 3970 sancti
1032 3899 1122 3971 Petri
1153 3901 1193 3970 ad
1222 3901 1370 3971 vincula.

696 4055 756 4130 (31.
774 4054 872 4130 julii).

251 4195 285 4256 ln
304 4193 445 4275 quadam
463 4214 557 4255 causa
575 4215 638 4277 que
656 4197 839 4256 vertebatur
855 4195 937 4257 inter
954 4196 1103 4257 honestas
1121 4196 1269 4257 dominas
1287 4201 1414 4258 Annam

159 4313 327 4363 consortem
346 4319 477 4362 uxorein
494 4301 644 4384 Gasparis
662 4301 841 4386 Kysewych
860 4317 894 4364 ut
911 4303 1075 4380 actricem,
1092 4304 1132 4364 ab
1150 4323 1224 4382 una,
1249 4318 1280 4365 et
1298 4303 1415 4366 Kathe·

157 4403 247 4468 tinam
273 4421 458 4469 consortem
484 4408 607 4470 Alberti
642 4409 756 4470 literati
791 4409 881 4470 utin
913 4429 1039 4470 causam
1073 4424 1249 4488 attractam,
1273 4411 1416 4492 partibus

154 4512 187 4573 ab
208 4513 320 4592 altera,
344 4514 475 4576 racione
500 4515 713 4596 quarumdam
737 4516 902 4577 literarum
920 4515 1196 4577 infamatoriarum
1222 4518 1254 4578 in
1280 4517 1415 4581 domum

152 4616 244 4701 ipsius
270 4619 423 4702 Gasparis
449 4620 649 4701 injectarum,
675 4636 770 4703 prout
798 4623 830 4683 in
855 4636 1011 4703 quaterno
1037 4637 1146 4685 nostro
1171 4639 1315 4705 tempore
1333 4624 1414 4703 judi·

150 4739 234 4788 catus
258 4726 335 4788 dicti
360 4725 476 4806 judicis
511 4726 551 4789 de
577 4729 676 4790 verbo
709 4729 748 4789 ad
783 4729 916 4790 verbum
951 4749 1116 4809 processus
1148 4730 1230 4792 dicte
1255 4750 1349 4792 cause
1374 4731 1414 4793 sd

148 4831 279 4915 plenum
305 4832 478 4915 inscriptus
502 4834 693 4913 continetur,
719 4835 750 4896 in
777 4835 976 4916 quaquidem
994 4856 1086 4897 causa
1110 4837 1185 4899 licet
1208 4857 1265 4919 per
1291 4837 1413 4919 judices

145 4939 288 5002 seniores
321 4939 353 5001 id
390 4954 595 5023 compertum
628 4955 659 5003 et
682 4941 900 5024 adjudicatum
925 4941 1031 5022 luerit,
1056 4944 1141 5024 quod
1167 4944 1251 5006 dicta
1283 4944 1415 5007 domina
