3142 5356
731 505 881 562 Addenda.
1376 523 1438 583 245

272 610 547 619 ——-—-—--.-
561 613 708 618 -—-—--—
788 613 815 617 -—
837 613 892 617 —-
921 612 1153 618 -—-——-——
1175 614 1440 620 --.-..-..—.——

207 598 271 612 *x

286 715 355 777 ltem
374 717 579 778 fideiussores
592 736 650 798 pro
665 716 793 777 Thoma
810 731 929 794 sutore,
947 717 1002 797 qui
1017 717 1057 777 ad
1074 715 1188 778 lestum
1203 719 1285 779 beati
1306 717 1437 796 Georgii

202 828 250 886 Pf0
269 824 441 884 centenario
459 842 526 883 uno
543 823 712 902 pulverum
737 824 929 884 tenebantur
946 823 1021 883 dare
1046 822 1114 886 flor.
1140 823 1271 884 decem:
1301 824 1440 883 lacobus

199 912 367 1009 Belethych,
393 927 571 1009 Gregorius
606 929 737 1006 Pethko,
771 927 884 990 Gurlto
916 943 1014 1007 sutor,
1040 928 1154 991 Gallus
1184 943 1273 990 sutor
1297 929 1336 990 de
1367 929 1439 989 vico

98 1072 100 1077 .
194 1036 326 1097 tutorum,

786 1159 820 1224 4.

280 1303 367 1364 Feria
405 1317 492 1364 sexta
525 1301 671 1383 proxima
706 1316 778 1382 post
810 1300 925 1362 festum
959 1301 1096 1362 Dionisii
1131 1303 1277 1363 martiris.
1315 1303 1439 1363 Primus

185 1401 264 1465 teStis
285 1409 467 1471 Anthonius
492 1409 635 1469 literatus
652 1406 748 1469 frater
771 1407 894 1469 domini
914 1407 1043 1469 Thome
1068 1407 1209 1469 Kowach
1234 1408 1437 1490 prebendarii

184 1496 262 1572 chOri
285 1517 415 1577 ecclesie
441 1514 668 1594 zagrabiensis,
693 1513 725 1573 in
758 1510 843 1575 facto
875 1515 1000 1574 domini
1028 1515 1183 1576 lobannis
1216 1516 1361 1575 canonici
1387 1534 1438 1577 ec-

182 1602 269 1680 clesie
291 1621 507 1704 zagrabiensis
531 1641 567 1682 ac
601 1619 768 1681 koucharii
798 1636 828 1682 et
860 1621 1066 1681 decimatoris
1099 1635 1185 1682 extra
1210 1636 1334 1703 portam
1360 1621 1436 1683 Car·

183 1710 300 1788 nificum
325 1728 503 1804 constituti,
529 1745 565 1787 ac
583 1726 665 1787 inter
683 1726 825 1787 BIasium
844 1727 1034 1803 institorem,
1053 1727 1154 1788 civem
1182 1728 1266 1789 dicte
1291 1728 1436 1805 civitatis,

182 1811 212 1877 5¹¹
239 1826 311 1896 facto
337 1854 394 1918 per
420 1835 523 1916 ipsum
543 1832 713 1893 dominum
739 1832 920 1894 lohannem
940 1847 1049 1894 contra
1075 1834 1178 1915 ipsum
1205 1834 1345 1895 Blasium
1364 1853 1436 1914 pro·

181 1933 295 2017 posim
318 1941 480 2002 secundus
511 1938 599 1999 testis
628 1951 674 1998 est
706 1937 858 2000 Clemens
891 1940 1043 2001 literatus.
1068 1976 1111 1984 —
1143 1939 1229 2000 ldem
1254 1939 1436 2001 Anthonius

179 2019 274 2106 fassus
303 2060 360 2124 est,
393 2045 482 2127 quod
507 2045 573 2125 ipse
606 2043 732 2104 Blasius
765 2046 902 2106 venisset
935 2046 966 2105 in
1000 2065 1114 2106 ersano
1147 2060 1177 2106 et
1202 2046 1322 2106 ibidem
1354 2045 1434 2106 circa

177 2146 296 2213 crutem
312 2152 428 2214 sedens
452 2150 590 2211 eundem
616 2151 785 2211 dominum
812 2152 992 2213 lohannem
1018 2153 1210 2214 inavenisset
1234 2167 1264 2213 et
1289 2152 1434 2213 dixisset:

174 2247 245 2313 (luis
266 2256 347 2319 lilius
372 2257 548 2318 meretricis
572 2257 679 2318 caules
704 2277 794 2318 meos
819 2257 858 2318 de
882 2273 963 2319 terra
989 2278 1060 2319 mea
1085 2260 1204 2340 recepit
1229 2273 1259 2320 et
1285 2278 1335 2319 me
1361 2277 1434 2340 spo·

170 2336 293 2452 flamen
315 2377 393 2426 tunc
418 2364 486 2444 ipse
511 2362 663 2423 dominus
688 2363 851 2424 lohannes
883 2365 1022 2441 dixisset,
1055 2364 1142 2446 quod
1169 2365 1235 2446 ipse
1344 2363 1432 2445 quod

167 2461 238 2524 ¹9⁸0
262 2490 324 2532 non
350 2483 432 2532 esset
456 2467 541 2530 filius
566 2469 765 2531 meretricis.
785 2521 791 2532 .
811 2520 817 2532 .
837 2521 843 2532 .
873 2472 1046 2551 (illegibile).

784 2681 817 2748 5.

171 2900 180 2912 ,
271 2827 364 2890 Feria
388 2840 476 2888 sexta
501 2840 574 2887 ante
599 2825 715 2888 festum
748 2825 832 2886 beati
865 2823 1031 2887 Anthonii.
1066 2824 1170 2887 Causa
1195 2826 1277 2886 inter
1310 2824 1431 2907 Grego-

152 2915 248 2990 r¹¹¹1u
272 2949 427 2995 sartorem
454 2933 584 2994 Therek
610 2932 730 2993 dictum
757 2944 787 2992 et
809 2932 890 2991 inter
916 2930 1108 3012 Gregorium
1128 2930 1298 3013 pellificem
1324 2932 1356 2992 in
1382 2951 1431 3010 e0,

150 3020 303 3102 quantes
326 3040 426 3102 iidem
452 3059 561 3102 coram
588 3039 680 3100 nobis
705 3053 942 3120 proposuerunt
962 3039 1128 3099 accionem
1152 3058 1242 3100 suam
1268 3053 1376 3100 contra
1402 3054 1432 3100 et

148 3120 317 3208 adversus
341 3147 463 3207 dictum
490 3145 684 3226 Gregorium
718 3144 890 3225 pellificem
917 3145 949 3204 in
982 3164 1031 3218 eo,
1056 3145 1195 3206 nescitur
1227 3146 1344 3226 quibus
1368 3164 1429 3205 res·

148 3232 310 3342 l³}Ctibus
335 3255 450 3315 ductus
474 3254 506 3314 in
533 3252 666 3313 domum
702 3251 836 3311 Fabiani
871 3252 1044 3332 pulsatoris
1067 3251 1194 3332 (irruit),
1227 3252 1336 3332 ibique
1361 3270 1429 3332 pre·

147 3323 285 3422 d'ctum
312 3360 507 3441 Gregorium
533 3373 687 3420 sartorem
713 3378 784 3418 cum
811 3357 953 3437 quodam
983 3358 1087 3418 bucali
1113 3377 1214 3438 usque
1239 3357 1278 3417 ad
1304 3357 1429 3418 effusio-

147 3446 236 3522 nem
271 3468 437 3549 sanguinis
470 3467 624 3547 percussit
656 3465 695 3525 ad
726 3479 839 3545 caput;
876 3484 940 3543 quo
980 3465 1048 3524 viso
1081 3464 1221 3545 prelatus
1254 3463 1430 3544 Gregorius

149 3553 292 3635 plellifex
309 3574 486 3657 respondit,
511 3573 598 3654 quod
625 3573 690 3653 ipse
709 3571 793 3649 lecit,
815 3571 1019 3651 eundemque
1038 3570 1231 3651 Gregorium
1256 3569 1427 3652 pellificem

152 3661 305 3742 prefatus
329 3680 507 3762 Gregorius
531 3694 632 3741 sartor
657 3678 823 3759 vituperiis
848 3691 878 3738 et
903 3677 1079 3738 inhonestis
1103 3678 1208 3738 verbis
1232 3676 1345 3737 affecit.

272 3788 333 3850 Ubi
357 3788 451 3869 jurati
479 3787 560 3847 inter
584 3799 688 3867 partes
720 3785 878 3866 predictas
909 3785 1006 3845 talem
1039 3783 1312 3845 deliberacionem
1346 3782 1427 3860 judi-

162 3881 272 3952 cantes
293 3894 514 3971 decreverunt,
531 3892 618 3972 quod
637 3911 695 3973 pro
722 3891 877 3951 effusione
895 3891 1060 3971 sanguinis
1077 3892 1103 3951 si
1128 3891 1193 3972 ipse
1212 3890 1427 3968 juramentum

169 3988 234 4087 {¹011
258 3998 448 4083 deposuerit,
473 3999 576 4060 solvat
601 4019 715 4080 pensas
743 3997 949 4058 denariorum
975 3997 1088 4078 viginti
1114 3998 1276 4078 quinque;
1301 3997 1325 4056 si
1351 4015 1427 4056 vero

175 4097 379 4170 luramentum
405 4107 601 4189 deposuerit,
627 4120 741 4166 extunc
774 4124 832 4186 pro
865 4105 986 4164 lesione
1019 4105 1156 4165 membri
1179 4105 1282 4164 solvat
1306 4122 1427 4163 marcas

182 4188 278 4273 decem
290 4236 298 4289 ;
311 4216 377 4296 ipse
391 4233 468 4274 vero
484 4212 659 4293 Gregorius
672 4226 773 4273 sartor
786 4211 890 4272 eidem
906 4231 962 4292 pro
977 4211 1142 4292 vituperiis
1155 4211 1258 4271 solvat
1271 4209 1339 4272 flor.
1355 4224 1426 4271 tres.

273 4319 393 4383 Eodem
418 4320 470 4381 die
495 4335 629 4400 utraque
655 4339 726 4401 pars
753 4319 792 4379 de
813 4317 933 4396 judicio
957 4319 1131 4399 juratorum
1146 4368 1150 4379 .
1165 4336 1230 4378 non
1263 4331 1423 4393 contenta,

189 4419 406 4490 alllellaverunt
430 4426 470 4488 ad
495 4427 636 4488 seniores
660 4426 791 4507 judices.

778 4637 811 4702 6.

277 4779 363 4843 Feria
389 4796 475 4843 sexta
500 4797 572 4864 post
589 4782 752 4844 Valentini
771 4782 917 4842 martiris.
941 4782 1064 4841 Blasius
1080 4795 1180 4840 sartor
1198 4782 1309 4841 citatus
1327 4781 1426 4841 fassus

197 4878 230 4925 ⁸⁸¹
248 4897 294 4948 0te
315 4889 447 4971 proprio
471 4889 651 4950 voluntarie
677 4889 798 4968 absque
823 4889 969 4968 quolibet
992 4901 1153 4948 tormento
1179 4889 1210 4947 in
1236 4889 1425 4950 consistorio

198 4983 279 5049 ⁰⁰⁸¹st
300 4995 548 5074 communitatis,
573 4995 661 5077 quod
679 4996 745 5075 ipse
771 4993 929 5056 interfecit
945 4995 1148 5056 Anthonium
1171 4991 1304 5058 labrum
1326 4996 1434 5057 ciuem
