3142 5356
658 353 743 405 Anno
768 345 857 424 1436.
1331 364 1392 426 297

123 575 275 642 quartam
301 561 387 623 curie
412 561 444 621 in
476 581 508 621 se
540 559 741 638 retinentem,
768 561 865 622 Lucie
890 560 998 622 relicte
1036 556 1172 619 condam
1200 557 1328 638 Mathye
1354 556 1393 617 de

123 667 197 728 vico
223 667 412 728 Latinorum
437 666 583 728 vendidit
607 680 762 747 perpetuo
786 665 1025 748 possidendam.

233 771 309 832 ltem
335 773 431 834 tercia
458 791 529 854 pars
546 771 714 832 cuiusdam
739 771 832 834 vinee
859 773 890 833 in
908 771 1069 833 territorio
1100 769 1237 830 civitatis
1252 769 1393 851 predicte

124 879 207 939 inter
231 878 341 939 vineas
365 877 499 960 Georgii
525 876 735 961 Zupanichyn
762 892 793 939 et
817 878 901 939 Iwan
931 877 1006 939 dicti
1033 874 1190 937 Truntich
1215 875 1333 952 habite,
1358 895 1393 936 ac

122 984 221 1045 tercia
246 1004 318 1065 pars
341 999 496 1046 terrarum
521 983 694 1045 arabilium
726 983 757 1043 in
784 1003 898 1065 campo
932 983 1073 1043 civitatis
1098 981 1239 1064 predicte
1272 979 1392 1042 habita·

123 1110 207 1168 rum,
232 1110 294 1171 que
318 1091 440 1152 scilicet
464 1091 556 1151 vinea
581 1103 612 1151 et
638 1103 720 1151 terre
755 1090 891 1150 arabiles
916 1089 1070 1150 Johannis
1096 1087 1184 1169 parvi
1210 1086 1285 1147 dicti
1313 1087 1393 1147 Kra-

123 1195 244 1258 thehen
277 1195 472 1279 prefuerunt,
505 1195 705 1277 Margarethe
738 1196 847 1257 relicte
874 1196 972 1276 ipsius
1004 1194 1159 1255 Johannis
1183 1192 1270 1274 parvi
1308 1211 1392 1252 nunc

124 1303 265 1365 consorti
301 1303 473 1384 Augustini
507 1303 616 1362 Kusne
642 1303 718 1363 dicti
751 1315 798 1362 est
829 1301 1070 1382 privilegialiter
1102 1298 1306 1375 confirmata3
1331 1299 1392 1359 due

124 1423 233 1471 autem
259 1422 364 1489 partes
389 1407 533 1469 eiusdem
566 1409 658 1468 vinee
683 1421 714 1469 et
749 1407 906 1468 dictarum
932 1422 1086 1468 terrarum
1112 1406 1281 1467 arabilium
1306 1405 1392 1466 sirni-

124 1516 199 1576 liter
223 1513 467 1596 privilegialiter
490 1528 563 1574 sunt
592 1511 778 1574 confirmate
815 1513 990 1575 Benedicto
1014 1512 1083 1575 filio
1116 1513 1215 1594 ipsius
1240 1511 1394 1573 Johannis

125 1621 216 1704 parvi
242 1634 398 1702 perpetuo
415 1619 609 1701 possidende
634 1621 692 1680 sub
711 1620 804 1680 metis
821 1634 852 1681 et
876 1620 1020 1680 terminis
1038 1620 1068 1680 in
1088 1620 1164 1701 ipsis
1181 1619 1280 1679 literis
1297 1617 1392 1700 privi-

124 1727 298 1808 legialibus
322 1726 521 1807 expressatis.

232 1832 311 1894 Item
338 1831 530 1894 Benedictus
555 1844 655 1892 sartor
680 1829 765 1892 filius
789 1832 929 1910 Andree,
962 1831 1105 1892 concivis
1129 1844 1245 1909 noster,
1272 1830 1393 1892 medie·

124 1954 224 2001 tatem
250 1938 417 1999 cuiusdam
435 1938 550 1999 domus
568 1956 624 2000 sue
649 1952 772 2000 murate
793 1952 823 1999 et
841 1936 931 1999 fundi
957 1958 993 1999 ac
1010 1935 1233 1998 hedificiorum
1259 1936 1290 1997 in
1309 1936 1393 1997 dicta

125 2046 255 2107 civitate
280 2045 361 2105 inter
386 2045 502 2105 domos
526 2044 673 2105 similiter
707 2059 846 2105 muratas
870 2058 901 2106 et
933 2043 1051 2105 fundos
1075 2064 1112 2104 sc
1136 2042 1282 2105 hedificia
1308 2043 1392 2103 viro·

124 2171 197 2212 rum
221 2150 432 2233 providorum
457 2149 606 2231 Gregorii
641 2150 680 2211 de
713 2149 873 2210 Vrnowch
906 2163 936 2210 et
966 2149 1119 2231 Stephani
1145 2148 1331 2211 Pithachich
1356 2169 1393 2209 ac

125 2256 250 2317 domini
269 2255 404 2317 Fabiani
429 2257 595 2338 presbiteri
614 2256 743 2338 plebani
769 2256 806 2315 de
825 2255 957 2317 Cassina
976 2255 1094 2334 habite,
1121 2275 1218 2316 unam
1243 2271 1392 2336 quartam

125 2364 215 2424 curie
240 2363 272 2422 in
296 2382 329 2423 se
347 2364 578 2440 continentem,
595 2382 667 2422 cum
690 2363 754 2422 suis
778 2362 982 2444 pertinenciis
1000 2362 1175 2424 Benedicto
1193 2361 1309 2424 cultori
1326 2359 1393 2422 filio

127 2468 269 2530 Emerici
303 2467 342 2528 de
367 2469 524 2549 Vgrowcz
556 2467 701 2530 vendidit
732 2482 887 2549 perpetuo
919 2468 1148 2548 possidendam
1174 2488 1211 2529 ex
1236 2487 1393 2528 consensu

125 2575 309 2637 vicinorum
335 2575 562 2656 predictorum.
