3142 5356
510 499 597 559 Anno
621 494 712 578 1485.
736 534 781 544 —
803 512 856 575 29.
882 500 995 575 aprilis.
1350 517 1388 581 33

230 710 303 772 Item
322 712 354 772 in
373 731 467 772 causa
482 712 563 772 inter
577 712 793 773 Laurentium
805 711 1042 794 carpentarium
1057 724 1087 773 et
1106 711 1249 773 Blasium
1264 713 1388 795 Nestyn

152 830 250 896 propter
273 818 438 899 quandam
461 818 609 897 domum,
637 819 731 899 jurati
763 816 1041 898 adjudicaverunt,
1072 817 1161 899 quod
1185 819 1268 880 sIcut
1291 819 1390 879 cicius

155 917 326 986 fabricabitur
357 925 500 1006 sIgiIIum
532 924 667 1006 judicis,
698 939 775 986 tunc
807 939 921 986 octavo
953 925 1005 986 die
1029 938 1113 1007 post,
1145 924 1263 986 dentur
1296 925 1387 987 litere

156 1024 311 1109 laurencio,
337 1032 446 1093 Blasio
470 1045 578 1094 autem
605 1031 790 1114 persolvant
819 1031 965 1095 domum.

234 1135 308 1199 Item
334 1139 366 1199 in
392 1157 485 1199 causa
511 1137 660 1219 Gregorii
679 1139 845 1200 Bekancze
866 1157 939 1199 cum
964 1137 1074 1199 relicta
1091 1138 1221 1220 Dragyn
1240 1137 1272 1198 in
1296 1137 1389 1198 deso·

157 1235 248 1303 Iacione
260 1244 437 1322 cuiusdam,
461 1244 555 1325 jurati
574 1244 808 1325 judicaverunt,
833 1245 920 1326 quod
940 1243 1021 1305 iufra
1038 1244 1282 1325 quIndecImum
1301 1244 1387 1306 diem

158 1342 293 1412 reformare
317 1365 445 1413 tenetur
469 1351 580 1413 relicta
606 1351 736 1434 Dragyn
758 1352 790 1412 in
816 1370 882 1432 quo
900 1350 1078 1433 dampnum
1103 1349 1199 1413 habet
1224 1352 1290 1432 Ipse
1310 1350 1388 1413 Gre-

157 1452 242 1533 gorius,
263 1470 292 1518 et
315 1458 341 1518 si
367 1476 432 1518 non
451 1457 590 1519 voluerit
607 1457 674 1539 ipse
693 1456 880 1539 Gregorius,
900 1457 930 1518 In
957 1471 1079 1538 quanto
1096 1457 1274 1539 dampnum
1292 1456 1388 1518 habet

158 1553 225 1621 debet
244 1563 299 1624 sibi
325 1563 466 1644 persolvi
491 1565 558 1646 ipsa
584 1564 692 1626 relicta
718 1565 859 1647 Dragyn.

159 1770 223 1850 laria
246 1792 339 1855 sexta
369 1782 523 1873 proruma
552 1793 630 1856 ante
667 1784 791 1856 festum
820 1785 995 1856 beatorum
1024 1782 1166 1873 Philippi
1205 1791 1238 1855 et
1266 1783 1385 1874 Jacobi

633 1910 875 1999 apostolorum.

642 2059 710 2141 (29.
734 2064 862 2139 aprilr's).

230 2200 299 2264 Item
325 2203 358 2264 in
383 2223 479 2264 causa
504 2203 586 2266 iuter
615 2203 817 2266 Demetrium
850 2202 957 2266 Sichki
982 2217 1013 2265 et
1036 2204 1192 2265 Iacobum
1217 2217 1385 2281 sartorem,

159 2298 229 2374 prima
250 2309 373 2372 citaci0.

231 2413 300 2477 Item
335 2416 368 2476 in
403 2435 497 2477 causa
529 2416 613 2478 inter
644 2416 728 2478 Iwan
762 2417 942 2478 institorem
975 2430 1005 2478 et
1036 2415 1238 2477 Demetrium
1264 2415 1385 2494 Sichki,

156 2520 260 2582 secundo
285 2523 400 2584 citatus
424 2542 491 2583 non
517 2523 706 2605 comparuit.

228 2626 299 2690 Item
326 2649 424 2690 causa
459 2629 541 2690 inter
572 2629 658 2710 Jwrg
689 2641 843 2690 sartorem
876 2643 907 2690 et
935 2628 1167 2690 Maximianum
1192 2628 1385 2690 modernum

155 2715 270 2814 iunium,
294 2737 399 2818 prima
424 2736 547 2798 citacio.

229 2840 301 2903 Item
335 2843 368 2903 in
401 2862 495 2904 causa
528 2843 610 2904 inter
641 2843 821 2904 Janlconem
853 2842 953 2904 PoIaIc
984 2855 1015 2904 et
1046 2842 1217 2904 Nicolaum
1250 2842 1384 2925 Halycz,

154 2938 227 3011 Prima
248 2949 373 3012 citacio.

228 3054 299 3117 Item
325 3056 358 3116 in
383 3075 477 3117 causa
503 3055 585 3118 Inter
609 3056 817 3118 Valentinum
849 3069 990 3117 sutorem
1024 3054 1217 3117 modernum
1244 3055 1382 3135 juratum

153 3159 173 3205 ‘l
189 3154 327 3224 decanum
354 3176 386 3223 et
410 3161 543 3224 Gallum
569 3163 746 3247 Kudelycz,
770 3164 873 3244 prima
903 3162 1027 3240 citacio,
1051 3182 1177 3244 semper
1201 3182 1295 3223 causa
1320 3163 1383 3224 Va-

153 3248 233 3327 lentini
254 3269 443 3330 antecedere
468 3269 564 3331 habet
589 3269 620 3329 in
647 3270 734 3331 sede.

229 3373 301 3436 Item
327 3375 359 3436 in
385 3395 479 3437 causa
504 3375 587 3436 inter
620 3376 739 3437 Lucam
772 3376 931 3457 Ribarycz
965 3374 1157 3436 modernum
1190 3373 1328 3454 juratum
1354 3390 1385 3436 et

153 3461 311 3556 Gregenum
350 3495 493 3543 sutorem
530 3481 768 3544 Banschakoicz
811 3481 952 3559 dictum,
991 3480 1133 3542 secundo
1169 3481 1282 3542 citatus
1318 3502 1383 3543 non

151 3588 307 3664 comparuit.

229 3692 300 3755 Item
326 3713 421 3756 causa
454 3694 536 3756 inter
569 3693 746 3775 Georgium
780 3693 929 3775 Hercheg
962 3709 992 3756 et
1016 3695 1186 3756 Nicolaum
1221 3695 1381 3773 Horuath,

150 3798 254 3860 secunda
278 3801 408 3863 citaci0.

227 3903 299 3967 Item
326 3907 359 3967 iu
384 3926 479 3968 causa
503 3907 585 3968 inter
617 3907 747 3969 Petrum
773 3909 910 3970 chhak
943 3923 973 3969 et
1004 3908 1175 3969 Mariczam
1202 3908 1382 3988 mulierem,

150 3999 224 4073 arima
244 4013 370 4075 citacio.

227 4115 300 4180 Item
326 4119 358 4180 in
392 4138 486 4180 causa
520 4120 602 4180 inter
634 4119 717 4182 Iwan
750 4122 927 4183 institorem
962 4135 993 4183 et
1021 4121 1156 4182 Paulum
1183 4120 1380 4183 aurifabrum

150 4223 248 4298 propter
269 4226 446 4307 quemdam
472 4245 607 4308 equum,
630 4227 723 4306 jurati
752 4228 1027 4308 adjudicaverunt,
1052 4227 1141 4309 quod
1166 4228 1262 4289 habet
1278 4228 1381 4309 jurare

151 4308 210 4386 ¹th
228 4329 350 4394 institor
373 4332 485 4413 quanti
510 4332 628 4394 valoris
652 4332 712 4396 fuit
735 4354 838 4416 equus
862 4335 994 4416 quando
1011 4349 1141 4396 venerat
1162 4335 1201 4396 de
1227 4336 1293 4417 ipsa
1319 4337 1381 4415 via,

150 4428 202 4490 tunc
220 4438 431 4499 communitas
454 4438 558 4500 solvat
588 4439 649 4500 sibi
680 4459 817 4520 equum3
846 4441 981 4502 eandem
1017 4460 1144 4501 causam
1171 4441 1209 4501 ad
1235 4443 1379 4503 seniores

149 4537 299 4612 apellavit.

225 4646 297 4712 Item
321 4650 353 4712 iu
378 4670 474 4712 causa
498 4651 580 4714 inter
604 4652 739 4714 Paulum
773 4651 970 4715 aurifabrum
1004 4666 1034 4714 et
1059 4653 1240 4714 Johannem
1274 4653 1380 4714 Soldi·

150 4753 233 4830 ¹¹⁸tycz
254 4754 346 4837 jurati
369 4773 624 4841 prorogaverunt
647 4759 687 4820 ad
712 4757 854 4820 futurum
880 4761 1020 4841 prImum
1045 4759 1215 4839 judicIum.

226 4859 299 4925 Item
323 4864 355 4926 in
381 4884 476 4927 causa
498 4865 581 4927 inter
605 4865 813 4928 Dominicum
839 4867 982 4950 Peroych
1008 4881 1038 4926 et
1063 4866 1243 4927 Iohannem
1271 4866 1377 4926 Soldi-

147 4969 235 5043 sstrycz
255 4967 347 5050 jurati
371 4985 627 5054 prorogaverunt
651 4971 691 5033 ad
715 4973 857 5054 primum
882 4970 1025 5036 futurum
1052 4973 1221 5053 judIcium.

1285 5092 1304 5158 3
