3142 5356
694 115 893 190 Anno1427.
1367 133 1421 194 131

143 326 265 387 ubivis
289 325 406 387 habitis
430 341 459 386 et
477 326 685 387 existentibus
708 339 897 406 receperunt
925 339 955 387 et
979 339 1238 407 assumpserunt;
1262 341 1293 388 et
1309 346 1326 387 e
1343 346 1418 388 con·

151 450 253 493 verso
278 447 476 493 memoratus
507 432 634 492 Marcus
667 445 781 512 sponte
813 429 977 492 consessus
1001 444 1058 509 est,
1084 445 1118 493 ut
1150 434 1215 514 ipse
1240 433 1272 492 in
1298 451 1419 493 recom-

154 557 292 622 pensam
328 537 475 599 beneficii
508 536 697 599 eorumdem
731 536 842 597 Friche
876 550 907 598 et
932 537 1106 598 Katherine
1137 551 1237 598 certas
1269 538 1421 619 pecunias

157 646 189 706 in
216 645 308 706 litera
335 659 539 726 expressatas,
565 643 795 724 universasque
827 663 876 704 res
900 656 931 704 et
956 645 1040 705 bona
1062 663 1118 704 sua
1144 644 1176 704 in
1201 642 1321 725 prefata
1347 644 1422 704 civi·

156 766 222 812 tate
250 765 281 811 et
305 751 373 812 eius
397 751 559 811 territorio
584 749 718 827 habitas,
744 751 848 831 ipsum
877 750 935 810 rite
960 764 1199 828 concernentes,
1224 751 1300 832 ipsis
1323 765 1423 811 extra·

156 857 225 918 dari
252 857 505 935 recommendat,
532 857 574 916 ita
609 871 726 932 tamen,
753 870 788 917 ut
820 856 970 937 cuiquam
997 871 1027 916 et
1051 856 1127 938 ipsis
1160 857 1301 938 premoti
1325 856 1427 918 conti-

156 962 256 1043 gerit,
281 976 396 1023 extunc
422 962 554 1023 ultintus
587 962 796 1043 supervivens
829 981 900 1023 cum
926 962 1004 1044 ipsis
1035 962 1290 1045 possessionibus
1313 961 1428 1024 habeat

156 1068 353 1150 disponendi
385 1066 581 1129 facultatem.

265 1173 343 1234 ltem
368 1175 445 1255 quia
470 1173 625 1255 providus
650 1173 697 1234 vir
727 1174 839 1234 Petrus
865 1173 1048 1254 Hungarus,
1081 1172 1202 1251 juratus
1226 1187 1334 1236 noster
1359 1193 1427 1235 mo·

157 1279 289 1357 dernus,
314 1279 345 1340 id
368 1277 564 1341 sufficienter
589 1281 822 1360 comprobavit,
849 1279 935 1360 quod
954 1279 1032 1339 dum
1057 1279 1192 1360 provida
1217 1279 1334 1341 mulier
1360 1281 1426 1341 Ma·

157 1386 241 1446 ricza
267 1399 379 1446 vocata
406 1383 470 1445 lilia
498 1385 657 1466 Dyonisii,
691 1404 823 1446 consors
855 1385 999 1446 eiusdem
1026 1385 1109 1445 Petri
1135 1384 1293 1466 Hungari,
1318 1385 1349 1446 in
1375 1405 1426 1448 ex·

157 1492 269 1553 tremis
294 1492 357 1553 vite
390 1511 446 1552 sue
478 1492 664 1568 laborasset,
695 1506 771 1552 tunc
805 1492 870 1572 ipsa
904 1492 1070 1553 universas
1093 1511 1166 1551 suas
1199 1491 1427 1572 possessiones,

157 1598 260 1679 ipsam
288 1596 422 1676 juridice
447 1611 686 1673 concernentes,
720 1597 752 1656 in
782 1597 931 1678 dictaque
964 1597 1090 1658 civitate
1114 1612 1145 1658 et
1169 1598 1238 1658 eius
1261 1597 1421 1658 territorio

157 1703 294 1781 habitas,
326 1704 386 1764 sibi
419 1704 613 1764 verbotenus
645 1703 822 1783 legavisset‚
856 1717 951 1784 prout
980 1704 1010 1763 in
1045 1705 1176 1763 katerno
1200 1718 1309 1764 nostro
1334 1724 1420 1764 com-

157 1810 247 1871 muni
276 1808 418 1888 judiciali
440 1809 503 1870 alio
532 1808 706 1889 inscriptis
730 1808 813 1869 clare
839 1809 1038 1883 continetur;
1066 1828 1123 1889 pro
1152 1828 1191 1869 eo
1209 1829 1267 1870 nos
1292 1809 1420 1870 easdem

157 1917 323 1976 universas
355 1935 428 1976 suas
452 1915 685 1997 possessiones,
711 1915 860 1975 videlicet
882 1915 1086 1976 medietatem
1112 1915 1278 1976 cuiusdam
1304 1916 1420 1977 domus

155 2036 187 2082 et
206 2022 412 2082 medietatem
438 2020 605 2082 cuiusdam
623 2021 733 2096 vinee;
752 2020 827 2081 item
850 2020 1003 2101 quasdam
1022 2020 1102 2081 duas
1126 2021 1235 2082 vineas
1259 2041 1332 2082 curn
1350 2023 1419 2082 uni·

156 2127 258 2188 versis
272 2128 458 2188 earumdem
477 2127 667 2188 utilitatibus
685 2142 715 2188 et
732 2128 936 2208 pertinenciis
953 2128 1119 2205 universis,
1134 2127 1233 2208 ipsam
1249 2128 1419 2189 Mariczam

156 2234 330 2294 mulierem
357 2233 490 2314 juridice
516 2247 547 2295 et
570 2233 744 2294 literatorie
777 2247 1015 2309 concernentes,
1040 2233 1126 2312 juxta
1151 2248 1299 2295 contenta
1324 2235 1415 2296 litere

155 2354 265 2400 nostre
291 2339 501 2421 privilegialis
533 2359 591 2420 pro
620 2354 709 2420 parte
742 2340 885 2400 eiusdem
912 2340 994 2400 Petri
1027 2340 1199 2420 superinde
1224 2338 1368 2401 conlecte
1393 2355 1423 2402 et

156 2461 320 2523 emanare,
345 2445 450 2506 eidem
476 2445 572 2506 Petro
596 2445 700 2525 jurato
725 2446 894 2506 statuimus
918 2461 1074 2526 perpetuo
1099 2445 1319 2526 possidendas.

266 2551 343 2612 ltem
367 2551 557 2613 Valentinus
582 2550 703 2630 juratus
721 2551 797 2613 olim
824 2565 854 2613 et
878 2551 1020 2612 concivis
1037 2565 1144 2612 noster
1168 2549 1252 2611 filius
1270 2550 1424 2632 Stephani

152 2658 238 2720 alias
254 2659 476 2736 stacionarius,
500 2659 629 2719 terciam
649 2672 772 2740 partem
790 2657 1011 2719 universarum
1029 2676 1158 2718 suarum
1183 2658 1422 2739 possessionum

153 2784 265 2829 rerum
291 2779 387 2846 atque
418 2766 576 2826 bonorum
611 2765 833 2846 quorumlibet
866 2765 896 2824 in
923 2765 1007 2825 dicta
1039 2764 1165 2825 civitate
1189 2778 1220 2825 et
1244 2765 1313 2825 eius
1336 2765 1422 2824 terri-

153 2871 244 2932 torio
277 2885 307 2931 et
338 2871 417 2931 alias
447 2871 553 2931 ubivis
584 2871 767 2931 habitorum
801 2883 831 2930 et
864 2871 1073 2930 existencium
1107 2871 1209 2951 ipsum
1236 2870 1369 2951 juridice
1394 2885 1424 2930 et

154 2978 334 3040 literatorie
360 2992 414 3038 aut
438 2977 689 3058 quomodolibet
714 2976 805 3038 aliter
822 2977 881 3037 rite
907 2991 937 3036 et
959 2977 1117 3056 legittime
1142 2977 1422 3055 concernencium,

153 3085 244 3165 juxta
269 3097 419 3144 contenta
445 3083 608 3144 literarum
634 3097 814 3143 nostrarum
832 3082 1084 3163 privilegialium
1102 3101 1160 3163 pro
1184 3096 1273 3163 parte
1298 3081 1421 3142 domini

156 3189 300 3251 Ladislai
325 3187 431 3250 fratris
447 3189 495 3249 sui
520 3187 656 3268 junioris
674 3203 704 3249 et
721 3189 857 3249 carnalis
873 3189 1045 3270 superinde
1070 3187 1300 3267 confectarum,
1317 3189 1420 3248 eidem

153 3294 248 3355 dedit
272 3309 302 3355 et
326 3294 458 3356 tradidit
482 3293 550 3374 jure
584 3309 740 3376 perpetuo
766 3310 796 3355 et
820 3295 1072 3355 irrevocabiliter
1096 3294 1334 3375 possidendam.

266 3399 342 3461 ltem
368 3401 481 3462 Petrus
515 3400 655 3483 frenipar
679 3400 764 3461 filius
792 3400 939 3479 Fabiani,
971 3401 1112 3461 concivis
1137 3416 1254 3478 noster,
1279 3400 1424 3462 vendidit

154 3507 322 3590 quandam
347 3509 474 3569 vineam
503 3509 532 3568 in
558 3509 721 3568 territorto
754 3508 890 3583 civitatis
914 3508 1082 3591 Zernnyak
1115 3522 1343 3589 nuncupatam,
1368 3507 1421 3567 de-

154 3632 254 3694 super
278 3634 294 3673 a
320 3614 438 3675 vertice
462 3615 582 3675 montis
606 3628 636 3673 et
661 3612 741 3674 infra
766 3634 868 3694 usque
893 3614 977 3674 viam
997 3632 1202 3673 communem
1228 3627 1421 3693 protensam,

154 3721 240 3780 inter
257 3734 287 3781 ct
310 3739 409 3801 penes
425 3720 560 3780 eandem
587 3720 670 3780 viam
688 3720 809 3797 subtus,
834 3734 897 3780 eta
923 3734 1011 3801 parte
1029 3719 1232 3780 meridionali
1257 3719 1419 3800 quandam

154 3826 283 3886 vineam
318 3823 502 3887 inforestam
536 3826 711 3886 liberorum
746 3826 881 3886 condam
917 3824 1040 3907 Gaspar
1070 3826 1187 3886 literati
1212 3823 1269 3886 filii
1295 3824 1418 3887 Cozme

153 3929 307 3994 aurifabri
326 3951 382 4012 per
405 3932 645 4013 separacionem
669 3948 824 3992 metarum
844 3933 875 3991 in
893 3933 983 3992 litera
1002 3951 1233 4013 expressarum,
1258 3951 1331 3992 curn
1355 3932 1420 3993 suis

153 4037 364 4120 pertinenciis
388 4037 533 4099 vendidit
559 4038 730 4098 Valentino
748 4039 851 4118 jurato
876 4036 944 4098 filio
970 4037 1033 4097 lwlr
1052 4037 1127 4097 dicti
1146 4036 1282 4097 Prahula
1308 4052 1337 4097 et
1354 4038 1421 4098 suis

152 4142 329 4205 heredibus
354 4163 412 4225 pro
437 4157 557 4224 septem
584 4144 691 4225 pensis
715 4144 921 4204 denariorum
947 4157 977 4203 et
1002 4142 1150 4203 trecentis
1175 4143 1300 4203 cubulis
1325 4144 1419 4204 musti

151 4251 217 4332 jam
244 4249 338 4329 plene
363 4250 545 4330 persolutis,
570 4264 726 4330 perpetuo
751 4249 989 4330 possidendam.

263 4354 340 4415 ltem
373 4355 449 4436 quia
475 4355 642 4416 Elizabeth
677 4375 808 4417 consors
840 4355 996 4417 Anthonii
1028 4356 1145 4417 sutoris
1170 4355 1201 4416 id
1226 4353 1422 4418 sufficienter

151 4480 229 4525 curn
254 4461 440 4522 testimonio
465 4459 629 4542 fidedigno
662 4462 895 4543 comprobavit,
928 4461 1016 4543 quod
1043 4461 1201 4543 Georgius
1226 4475 1314 4521 sutor
1338 4460 1422 4522 lilius

152 4568 290 4649 Georgii
323 4569 465 4630 concivis
497 4582 603 4629 noster
636 4570 798 4649 quandam
831 4569 966 4631 domurn
999 4570 1030 4630 in
1063 4569 1134 4630 vico
1163 4582 1307 4630 sutorum
1340 4569 1422 4630 inter

1311 4670 1328 4708 t
