3142 5356
464 507 552 566 Anno
575 520 665 586 1497.
690 543 734 554 -
756 521 785 586 7.
809 509 927 583 apulis.

481 739 489 754 ·
528 720 684 781 Martinus
708 721 880 804 Ribarych.

523 828 714 889 Ambrosius
737 840 847 890 sartor.

525 935 671 996 Andreas
695 933 794 997 faber.

527 1040 709 1103 anthonius
732 1056 844 1103 sartor.

525 1147 681 1210 Martinus
705 1148 818 1210 cultor.

526 1254 637 1316 Petrus
662 1254 791 1337 Sporar.

525 1359 701 1441 Gregorius
724 1375 823 1424 sutor.

520 1466 673 1529 Clemens
697 1481 795 1529 sutor.

526 1573 687 1635 Fabianus
712 1588 811 1636 sutor.

525 1679 706 1763 Stephanus
729 1696 830 1743 sutor.

521 1786 641 1850 Paulek
667 1802 765 1852 sutor.

524 1893 628 1956 Lucas
652 1895 766 1958 cultor.

525 2000 677 2063 Nicolaus
701 2001 834 2085 Wyecz.

522 2107 668 2170 Andreas
689 2107 842 2172 Cranecz.

525 2213 650 2296 Gregur
679 2215 792 2279 cultor.

210 2468 298 2542 Faria
327 2480 426 2543 sexta
456 2481 534 2560 post
571 2470 768 2543 dominicam
803 2471 904 2561 Quasi
935 2475 1030 2544 modo
1060 2472 1171 2561 geniti.

584 2643 626 2720 (7·
651 2643 782 2723 onlo-

177 2792 265 2861 Causa
290 2801 373 2862 inter
398 2801 606 2863 Valentinum
630 2801 781 2883 judicem,
810 2817 845 2863 ut
868 2815 1020 2881 actorem,
1046 2817 1076 2864 et
1102 2803 1205 2864 Eliam
1225 2801 1320 2864 freni·

99 2901 189 2978 imm,
208 2906 315 2968 citacio
341 2908 454 2989 prima,
481 2927 545 2968 nou
571 2908 761 2989 comparuit.

175 3025 265 3092 Causa
291 3033 375 3095 inter
398 3033 554 3094 Jacobum
588 3032 784 3115 bekethych,
818 3047 851 3095 ut
880 3048 1031 3112 actorem,
1057 3048 1087 3096 et
1113 3035 1247 3096 Paulum
1273 3035 1318 3114 ju·

97 3115 172 3190 dicen
191 3140 311 3200 racione
337 3138 575 3200 interfercionis
599 3140 765 3200 cuiusdam
796 3141 883 3220 equi,
907 3141 1022 3201 citacio
1047 3141 1161 3222 prima.

173 3260 265 3326 Causa
299 3264 382 3325 inter
415 3264 590 3325 Maricham
624 3279 654 3326 et
686 3264 886 3345 Stephanum
920 3265 1158 3350 Franchevvych
1191 3267 1319 3328 racione

95 3369 280 3448 percussionis,
313 3370 504 3451 quiquidem
530 3371 561 3431 in
587 3371 689 3452 prima
714 3371 869 3432 citacione
895 3392 959 3433 nou
985 3373 1177 3454 comparuit.

167 3490 264 3557 Causa
289 3496 372 3557 inter
397 3494 571 3556 Maricham
595 3515 729 3556 uxorem
747 3496 909 3557 Valentini
932 3496 1192 3558 Konthowschak
1218 3511 1248 3559 et
1272 3517 1318 3559 rc·

85 3588 167 3658 lictam
190 3601 305 3663 Mathei
331 3601 452 3682 Dragin
476 3602 605 3662 racione
629 3615 660 3662 et
684 3615 829 3683 pretextu
853 3602 1028 3664 invasionis
1053 3602 1169 3664 domus
1192 3619 1222 3664 et
1248 3624 1317 3685 per·

81 3703 211 3769 cassionis
228 3708 373 3769 eiusdem
393 3707 513 3785 relicte,
530 3721 560 3769 et
578 3728 615 3767 ex
639 3727 705 3788 quo
723 3709 789 3788 ipsa
808 3709 839 3768 iu
858 3709 960 3769 noctis
976 3710 1109 3770 silencio
1135 3711 1166 3770 in
1184 3710 1317 3772 domum

73 3827 149 3871 auara
172 3813 298 3875 intravit
323 3827 354 3874 et
376 3812 512 3874 eandem
539 3815 719 3874 verberavit
750 3834 786 3874 ac
811 3815 1015 3894 vituperavit,
1048 3815 1122 3876 idco
1147 3816 1237 3897 jurati
1263 3818 1317 3876 ad-

67 3916 285 3999 iudicaverunt‚
311 3921 400 4002 quod
427 3941 464 3983 ex
488 3941 553 4002 quo
583 3922 648 4002 ipsa
683 3940 761 3982 uxor
785 3921 948 3983 Valentini
982 3923 1073 3984 irruit
1096 3924 1319 4004 potencialiter

61 4026 91 4087 in
117 4026 242 4088 domum
269 4027 414 4088 eiusdem
440 4027 589 4089 intrando
615 4047 750 4108 eamque
773 4029 963 4106 verberavit,
977 4029 1121 4091 convicta
1147 4045 1192 4090 est
1208 4045 1316 4092 contra

56 4132 186 4194 eandem
205 4134 236 4194 in
254 4134 416 4215 potencia,
440 4150 470 4194 et
487 4154 545 4214 pro
569 4134 773 4216 percussione
793 4134 949 4195 indecem
969 4136 1075 4216 pensis
1100 4137 1317 4217 denariorum,

52 4242 163 4323 juratis
185 4262 261 4304 vero
295 4243 328 4303 in
352 4255 481 4304 centum
514 4242 670 4317 denariis3
704 4243 960 4324 vituperaciones
992 4258 1097 4304 autem
1131 4264 1211 4325 quas
1235 4245 1318 4306 inter

48 4369 84 4412 se
110 4347 300 4426 habuerunt,
325 4349 469 4430 quelibet
486 4349 657 4424 sustineat;
683 4363 824 4430 preterea
843 4350 897 4409 ubi
923 4349 990 4430 ipse
1015 4349 1204 4411 Valentinus
1230 4351 1316 4411 Kon-

47 4454 235 4518 tbowschak
261 4454 341 4516 dixit
365 4454 453 4536 quod
486 4455 683 4535 obligaretur
711 4455 770 4515 sibi
804 4455 975 4515 duodecim
1000 4454 1081 4533 flou,
1106 4456 1160 4516 ubi
1187 4456 1317 4519 haberet

46 4564 168 4647 pignus
191 4561 309 4623 domus
343 4574 374 4621 et
406 4561 479 4638 alia,
503 4561 570 4642 ipsa
603 4580 679 4622 vero
711 4561 839 4641 negavit
866 4575 990 4621 tantum
1024 4562 1178 4640 debitum,
1203 4562 1257 4622 sed
1284 4563 1315 4623 in

46 4682 140 4752 parte
166 4687 241 4745 non,
266 4667 341 4729 ideo
367 4667 435 4750 ipse
459 4666 650 4728 Valentinus
682 4668 721 4728 ad
754 4666 1068 4747 quintumdecimum
1101 4668 1187 4729 diem
1212 4667 1316 4748 jurare

47 4775 184 4839 debebit
202 4778 365 4856 quantum
382 4793 415 4834 se
440 4774 582 4835 extendit
599 4774 719 4835 dictum
737 4774 893 4850 debitum,
918 4788 949 4834 et
966 4774 1042 4834 durn
1061 4774 1221 4854 juraverit,
1239 4791 1315 4836 tunc

44 4884 117 4966 ipsa
150 4881 260 4944 relicta
290 4881 416 4943 solvere
447 4880 507 4941 sibi
543 4881 656 4959 debet,
691 4881 716 4941 ai
748 4899 824 4940 vero
857 4900 921 4940 non
955 4879 1051 4941 habet
1081 4901 1153 4942 curn
1186 4882 1315 4962 quibus,

42 5002 167 5053 extunc
199 4987 267 5071 ipae
298 4986 489 5053 Valentinus
527 4985 609 5051 illud
640 4987 756 5070 pignus
787 4987 868 5048 liber
899 4987 939 5050 sit
972 4987 1133 5071 vendere,
1178 4988 1325 5077 prelatus
