3142 5356
471 499 559 557 Anno
581 496 675 576 1496.
700 533 743 542 -
767 513 816 560 ro.
839 501 1011 575 septembris.
1319 521 1376 580 ¹¹5

152 701 203 768 latis
221 709 340 774 Thome
364 725 396 772 et
415 710 588 773 Francisco
604 710 656 772 vel
673 731 706 773 se
723 709 929 773 defendendo
952 725 1061 774 contra
1079 711 1211 775 eosdem
1227 731 1381 795 apparere

152 808 266 892 debeant,
279 837 316 879 ex
329 836 395 898 quo
408 816 508 879 iidem
517 816 625 879 literas
642 830 749 879 nostre
766 817 1006 880 communitatis
1019 818 1233 901 privilegiales
1249 818 1381 880 aviticas

150 921 327 985 ostendebant
351 942 488 1003 quarum
514 924 624 1004 vigore
649 923 859 986 intendebant
875 943 1032 1006 occupare
1057 924 1220 1006 quandam
1246 924 1380 987 domum

148 1039 189 1083 teu
206 1028 354 1107 palacium
378 1048 478 1112 penes
502 1042 627 1111 portam
656 1029 817 1112 lapideam
843 1043 874 1093 et
905 1030 968 1092 alia
993 1031 1141 1092 universa
1166 1032 1251 1093 bona
1276 1031 1380 1093 inmo·

148 1127 204 1192 bilia
223 1135 367 1197 videlicet
382 1149 493 1215 terras,
511 1135 632 1215 vineas,
646 1136 742 1197 silvas
758 1149 789 1198 et
806 1134 927 1215 senilia,
944 1155 1024 1218 quas
1046 1150 1156 1219 etque
1181 1139 1265 1200 bona
1283 1156 1382 1220 penes

148 1231 226 1300 literas
246 1242 371 1304 domini
396 1242 496 1305 nostri
528 1242 620 1304 ducis
652 1243 799 1326 superius
828 1244 961 1305 insertas
993 1243 1173 1326 occupavit,
1204 1262 1269 1305 non
1294 1243 1381 1305 enim

148 1353 182 1402 ert
198 1348 425 1410 consvetudinis
449 1361 556 1410 nostre
582 1349 768 1430 quempiam
794 1349 825 1410 in
852 1351 936 1410 bona
961 1349 1075 1411 avitica
1100 1349 1302 1411 introducere
1326 1363 1382 1411 aut

146 1457 261 1517 uetuere.
296 1455 366 1516 Nos
396 1454 494 1536 igitur
526 1456 734 1517 observantes
769 1455 1034 1518 consuetudinem
1075 1469 1217 1518 nostram
1250 1454 1381 1517 eosdem

149 1548 277 1621 Thomam
304 1575 335 1622 et
359 1560 568 1623 Franciscum
600 1561 735 1623 minime
768 1562 937 1623 statuimus
961 1561 1001 1623 ad
1026 1563 1110 1624 bona
1133 1561 1249 1624 avitica
1271 1580 1381 1644 supra·

148 1656 215 1727 dicta.
235 1666 383 1729 Tandem
409 1687 485 1729 vero
510 1668 634 1750 expleta
667 1668 749 1731 trina
775 1667 894 1730 forensi
927 1668 1186 1752 proclamatione
1218 1669 1296 1729 dum
1321 1687 1381 1730 nos

148 1761 216 1842 judex
236 1774 356 1835 eisdem
380 1775 555 1836 terminum
592 1774 763 1855 juridicum
797 1773 1042 1858 prefixissemus‚
1074 1774 1261 1836 nominibus
1285 1787 1316 1836 et
1348 1774 1380 1836 in

149 1880 267 1959 personis,
293 1881 428 1942 veniens
452 1896 640 1964 procurator
663 1881 815 1944 videlicet
848 1881 1011 1943 Fabianus
1041 1878 1171 1961 pellifex
1195 1881 1273 1942 alias
1304 1900 1379 1943 con-

150 1977 203 2042 civis
221 2001 333 2065 noster,
360 1987 515 2049 heredum
540 1987 654 2070 prelati
682 1988 862 2050 Domkonis
885 1988 1036 2051 videlicet
1058 1992 1153 2050 Anne
1177 1986 1240 2049 filie
1264 1986 1381 2050 Domi·

151 2085 202 2166 uici,
220 2090 376 2156 Gabrielis
400 2109 431 2156 et
456 2093 608 2177 Gasparis
632 2093 773 2156 filiorum
809 2095 885 2158 dicti
911 2095 1092 2157 Domkonis
1116 2095 1148 2156 in
1172 2094 1248 2157 sede
1272 2109 1380 2158 nostra

152 2185 281 2265 judiciaria
306 2200 437 2282 publice
462 2215 493 2263 et
517 2199 686 2264 manifeste
715 2202 908 2264 contradixit
939 2216 970 2264 et
994 2201 1134 2264 inhibuit
1157 2221 1264 2264 coram
1288 2202 1382 2265 nobis

153 2297 180 2356 tb
197 2307 398 2388 occupacione
423 2320 509 2369 etse
534 2308 773 2370 intromissione
806 2307 1023 2391 predictorum
1049 2310 1209 2370 bonorum
1242 2309 1380 2370 inmobi-

154 2398 218 2485 libus,
237 2411 352 2492 dicens,
376 2427 561 2496 temporum
582 2415 613 2475 in
632 2434 783 2496 processu
808 2434 881 2476 cum
897 2413 1047 2497 sepefatis
1071 2414 1201 2477 Thomu
1226 2428 1257 2477 et
1281 2415 1380 2477 Fran·

154 2504 213 2572 circo
231 2516 263 2579 de
294 2520 458 2601 premissis
482 2519 551 2599 jure
584 2521 730 2603 experiri,
764 2520 852 2602 quod
886 2540 945 2583 nos
976 2521 1098 2584 eisdem
1131 2521 1291 2602 denegare
1315 2541 1380 2583 non

155 2614 278 2703 volumus,
300 2626 379 2707 quin
412 2626 524 2708 pocius
557 2628 598 2688 ob
631 2627 926 2689 contradiccionem
950 2629 1138 2710 premissam
1170 2628 1219 2710 jus
1242 2628 1267 2689 si
1292 2627 1380 2710 quod

157 2711 273 2791 haberent
294 2731 326 2792 in
350 2732 543 2814 supradictis
575 2733 670 2795 bonis
701 2733 913 2796 inmobilibus
946 2735 1067 2797 eisdem
1092 2734 1382 2797 contradictoribus

157 2839 309 2899 reservatum
333 2840 447 2902 extitit.
