3142 5356
526 469 725 546 Ann015o2.
751 501 792 509 -
818 480 865 543 14.
893 465 1007 539 aprilis.

607 678 962 760 MfflfflMQmm

606 788 768 850 lohannes
792 786 939 849 Briuach.

605 894 767 957 Johannes
790 908 889 957 sutor.

603 1001 764 1083 Georgius
787 1002 927 1083 sellipar.

605 1108 743 1171 Michael
768 1109 897 1191 Sporar.

604 1214 781 1297 Gregorius
805 1229 903 1278 sutor.

601 1322 687 1383 iwan
712 1323 833 1404 Zynek.

603 1429 715 1490 Petrus
740 1426 859 1490 Benair.

605 1536 708 1596 Lucas
732 1550 830 1597 sutor.

603 1641 748 1703 Andreas
771 1641 919 1702 similiter
943 1655 1042 1703 sutor.

602 1747 738 1809 Mathias
761 1746 858 1810 faber.

602 1855 754 1916 Nicolaus
779 1854 935 1917 Thothar.

605 1960 786 2042 Stephanus
810 1962 943 2044 Wyccz.

603 2067 850 2129 Bartholomeus
874 2081 972 2130 sutor.

360 2305 456 2378 Feria
485 2317 583 2378 sexta
612 2316 688 2396 post
718 2308 918 2379 dominicam
947 2305 1048 2396 Quasi
1076 2308 1182 2377 modo.

665 2457 709 2533 (8.
735 2460 866 2534 aprilis).

243 2620 349 2681 Causa
374 2621 456 2682 inter
481 2621 637 2682 Jacobum
670 2634 701 2682 et
730 2620 914 2681 Emericum
939 2619 1081 2680 seniores
1106 2618 1227 2700 judices
1251 2638 1291 2681 ex
1315 2635 1405 2699 parte

137 2726 313 2806 nonaginta
338 2725 418 2805 flor„
436 2747 518 2808 quos
537 2728 603 2809 ipse
630 2728 768 2788 Jacobus
791 2727 902 2788 asserit
918 2726 1105 2807 peccuniam
1123 2745 1213 2786 suam
1240 2723 1319 2804 fore,
1337 2726 1407 2807 ipse

136 2852 213 2893 vero
238 2833 404 2894 Emericus
436 2834 516 2895 dixit
548 2832 615 2894 fore
648 2833 836 2915 peccuniam
870 2832 978 2893 uxoris
1008 2851 1064 2892 sue
1096 2844 1127 2892 et
1151 2831 1303 2913 prolium,
1330 2831 1407 2893 ideo

137 2939 243 3000 eidem
267 2954 391 3001 recusat
415 2940 501 3018 dare,
527 2940 620 3019 jurati
653 2940 931 3019 adjudicaverunt,
964 2939 1052 3019 quod
1082 2940 1220 3000 Jacobus
1244 2938 1339 3020 judex
1363 2940 1404 3001 ad

137 3045 248 3107 feriam
266 3061 385 3107 sextam
400 3046 517 3127 jurabit
534 3047 621 3128 quod
639 3061 686 3107 est
703 3047 856 3127 peccunia
874 3065 929 3106 sua
948 3060 978 3105 et
1002 3065 1066 3106 non
1081 3045 1189 3107 uxoris
1203 3045 1352 3123 Emerici‚
1378 3048 1404 3108 si

138 3151 264 3230 jurabit,
278 3167 354 3214 tunc
378 3154 445 3235 ipse
464 3155 630 3215 Emericus
647 3168 718 3235 post
735 3153 951 3233 juramentum
965 3153 1064 3213 tercio
1082 3152 1133 3213 die
1159 3152 1264 3214 eidem
1282 3152 1405 3215 Jacobo

138 3259 238 3340 ipsam
264 3261 451 3339 peccuniam
471 3260 658 3337 extradabit,
676 3265 700 3320 si
727 3279 803 3321 vero
829 3279 894 3320 non
911 3259 1039 3340 jurabit,
1063 3275 1139 3321 tunc
1156 3259 1223 3341 ipsa
1248 3259 1404 3341 peccunia

137 3366 280 3427 manebit
303 3367 389 3447 apud
412 3368 517 3448 ipsum
552 3367 754 3442 Emericum
779 3365 920 3448 prefatus
952 3386 1028 3427 vero
1053 3367 1191 3427 Jacobus
1216 3365 1256 3426 de
1281 3364 1404 3444 judicio

137 3470 314 3552 juratorum
340 3493 403 3534 non
430 3487 598 3535 concentus
622 3473 797 3556 appellavit
820 3474 860 3534 ad
886 3475 1037 3536 seniores.

204 3671 300 3745 Feria
330 3679 448 3765 quinta
478 3676 633 3765 proxima
662 3685 739 3765 post
769 3674 967 3747 dominicam
998 3673 1228 3746 Misericordia
1258 3676 1320 3746 dei.

656 3846 719 3908 (1⁷²-
744 3828 877 3905 aprilis).

244 3971 394 4033 Seniores
418 3972 539 4051 judices
563 3975 658 4036 huius
682 3975 817 4037 civitatis
841 3992 968 4035 causam
994 3985 1115 4033 motam
1141 3973 1222 4033 inter
1246 3972 1405 4034 Jacobum

137 4093 168 4140 et
192 4079 376 4140 Emericum
403 4080 575 4157 literatum,
594 4083 735 4142 seniores
752 4082 884 4159 judices,
901 4080 1030 4141 racione
1049 4078 1263 4160 quarumdam
1288 4097 1405 4160 peccu-

137 4186 261 4247 niarum
287 4185 438 4247 videlicet
462 4187 636 4267 nonaginta
663 4187 742 4265 flor,
774 4208 837 4269 que
861 4187 1016 4269 peccunia
1041 4183 1101 4247 fuit
1132 4200 1278 4262 arenata,
1303 4185 1405 4249 modo

137 4292 292 4374 premisso
317 4312 374 4373 per
399 4292 518 4369 juratos
542 4293 768 4370 adjudicatam,
793 4309 898 4376 partes
914 4312 991 4353 vero
1016 4291 1137 4373 prefate
1162 4311 1226 4353 non
1251 4304 1404 4354 contente

136 4398 192 4461 sed
209 4399 454 4480 appellaverunt
470 4399 508 4458 ad
528 4399 669 4460 seniores
686 4399 816 4480 judices,
834 4400 976 4461 seniores
994 4418 1070 4459 vero
1088 4398 1208 4477 judices
1226 4397 1331 4459 taliter
1347 4399 1389 4460 ad

134 4504 316 4587 judicarunt
333 4521 364 4568 et
381 4508 581 4581 invenerunt,
596 4506 683 4586 quod
702 4505 821 4586 prefata
839 4506 974 4588 pecunia
993 4525 1054 4587 que
1073 4504 1175 4566 fuerat
1191 4518 1324 4567 arestata
1342 4525 1403 4587 per

137 4612 293 4673 Jacobum
318 4612 477 4671 seniorem
504 4611 653 4690 judicem,
679 4627 710 4674 et
734 4633 769 4673 ex
789 4633 853 4693 quo
879 4613 933 4672 illa
953 4611 1084 4672 domina
1107 4631 1238 4673 consors
1262 4610 1403 4674 Emerici

135 4716 249 4778 literati
284 4716 360 4778 dicit
393 4717 493 4799 ipsam
520 4719 689 4799 pecuniam
723 4738 787 4779 non
820 4715 887 4780 fore
920 4738 1010 4780 suam
1043 4733 1138 4799 prout
1171 4718 1303 4779 maritus
1326 4737 1405 4780 suus

135 4826 307 4902 asserebat,
332 4825 406 4886 ideo
431 4825 600 4906 pecuniam
621 4823 708 4885 illam
726 4826 874 4886 manibus
892 4825 1003 4886 Jacobi
1021 4825 1156 4885 senioris
1172 4824 1289 4906 judicis
1305 4824 1405 4889 debet

136 4931 290 5014 assignari
315 4946 346 4993 et
370 4931 437 4992 dari
462 4931 528 4994 ulla
559 4932 681 5015 absque
714 4932 994 5008 contradiccione;
1027 4930 1065 4992 de
1099 4931 1221 5012 judicio
1254 4950 1329 4994 vero
1353 4951 1404 4995 se·
