3142 5356
688 103 775 160 Anno
796 115 889 180 1394„

260 312 338 375 Item
364 314 551 375 Franciscus
574 313 660 376 filius
676 314 802 376 Nicolai
816 314 854 375 de
873 312 983 376 Cbecb
1008 312 1154 375 vendidit
1176 310 1328 390 fundum,
1351 332 1412 373 me·

157 418 244 480 diam
269 421 402 498 curiam,
427 421 561 482 domino
579 421 727 504 Myltlino
759 421 896 482 condam
922 419 1032 500 judici,
1055 434 1202 500 tempore
1232 419 1337 482 adbuc
1361 420 1413 480 do·

154 526 233 587 mini
258 526 413 588 Johannis
428 526 485 589 filii
511 528 620 589 Jacobi
639 528 714 588 dicti
732 529 820 605 Bole,
844 543 875 588 et
891 528 1028 608 sigillata
1045 542 1191 609 tempore
1216 527 1293 588 dicti
1319 526 1410 588 Petri.

263 634 340 694 ltem
365 636 441 715 quia
458 634 590 695 domina
615 634 719 694 Katha
744 635 852 695 relicta
871 633 1024 714 Stephani
1044 632 1185 694 Hernicb
1211 633 1244 694 id
1269 652 1414 714 compro·

157 740 256 818 bavit,
288 741 376 821 quod
409 741 512 803 dictus
544 740 726 823 Stephanus
765 741 952 801 medietates
984 737 1075 800 fundi
1107 753 1209 800 rectas
1248 754 1280 800 et
1309 738 1415 820 (b)orti

155 845 334 926 legavisset,
359 847 433 908 ideo
457 847 517 908 sibi
544 847 650 908 literas
675 864 796 908 nostras
825 846 984 924 dedimus,
1006 861 1153 927 tempore
1177 845 1253 906 dicti
1281 846 1377 907 Petri.

262 953 339 1014 ltem
365 953 528 1014 Elisabeth
561 954 670 1014 relicta
703 953 840 1014 condam
874 954 985 1013 Kuslto
1018 951 1165 1014 vendidit
1188 966 1304 1013 terram
1331 971 1419 1013 suam

154 1059 317 1139 quandam
342 1059 496 1120 arabilem
523 1059 616 1120 Petro
642 1059 776 1139 Vogrin,
799 1072 945 1140 tempore
970 1058 1046 1119 dicti
1073 1058 1167 1119 Petri.

260 1165 337 1227 ltem
371 1164 445 1226 lvan
472 1165 618 1227 Hosaren
653 1164 799 1227 vendidit
831 1184 928 1225 unam
962 1178 1110 1245 quartam
1133 1160 1226 1226 fundi
1258 1165 1309 1225 sui
1336 1165 1421 1246 Dyo·

154 1271 236 1331 nisio
261 1269 362 1350 fabro,
387 1286 532 1352 tempore
558 1271 633 1332 dicti
661 1271 754 1332 Petri.

261 1376 336 1438 ltem
363 1376 523 1458 Georgius
547 1377 624 1438 emit
648 1397 749 1438 unum
768 1376 904 1437 fundum
929 1378 961 1437 in
986 1377 1058 1438 vico
1076 1376 1296 1454 Teutonicali‚
1323 1376 1418 1438 Eme·

154 1484 236 1544 ricus
272 1498 303 1544 et
339 1483 499 1545 Fabianus
534 1484 573 1544 de
609 1485 707 1544 Zelna
744 1484 786 1564 (a)
822 1482 964 1564 Georgio
1005 1481 1073 1544 lilio
1110 1483 1230 1561 Kursa,
1272 1498 1417 1565 tempore

154 1590 229 1651 dicti
255 1590 348 1654 Petri.

261 1696 337 1759 ltem
372 1697 536 1759 Emericus
568 1718 685 1780 parvus
716 1696 756 1757 de
788 1697 886 1757 Zelna
920 1695 1064 1757 vendidit
1096 1693 1233 1756 fundum
1259 1696 1291 1756 in
1318 1708 1420 1757 castro

154 1817 263 1863 nostro
288 1823 360 1864 cum
386 1803 541 1882 Fabiano,
566 1803 709 1884 Georgio
734 1802 802 1864 filio
823 1803 937 1879 Kursa,
961 1816 1106 1882 tempore
1130 1801 1206 1862 dicti
1234 1801 1330 1863 Petri.

259 1908 336 1970 ltem
362 1909 436 1991 quia
462 1908 622 1989 Georgius
646 1922 735 1970 sutor
758 1907 843 1969 filius
861 1908 1024 1970 Benedicti
1051 1927 1124 1968 cum
1149 1908 1326 1968 Katherina
1344 1927 1418 1969 con·

151 2028 236 2075 sorte
261 2015 292 2076 id
317 2017 577 2096 comprobarunt,
601 2014 688 2096 quod
708 2015 782 2096 ipsis
807 2015 915 2075 literas
938 2029 1045 2075 nostre
1076 2014 1319 2074 communitatis
1343 2015 1419 2075 sub·

152 2134 315 2181 traxerunt
339 2141 433 2204 super
458 2120 605 2198 fundum,
630 2121 794 2202 (h)ortum,
809 2121 935 2181 vineam
961 2134 992 2181 et
1016 2134 1130 2181 terram
1157 2120 1313 2180 arabilem
1340 2120 1416 2181 Dul-

152 2226 248 2309 sycha
272 2242 429 2306 vocatam,
454 2229 528 2289 ideo
553 2228 628 2309 ipsis
652 2225 736 2289 lacto
762 2227 793 2288 in
824 2227 979 2308 premisso
1003 2245 1103 2286 novas
1126 2225 1234 2287 literas
1259 2224 1418 2302 dedimus,

152 2347 297 2416 tempore
323 2335 398 2396 dicti
425 2335 519 2397 Petri.

260 2441 335 2502 ltem
355 2440 515 2522 Georgius
531 2440 616 2502 filius
633 2440 801 2524 Wllcouoy
818 2439 1016 2502 condonavit
1032 2440 1163 2502 terciam
1182 2454 1305 2520 partem
1323 2439 1415 2500 vinee

153 2552 246 2609 Anne
271 2549 372 2609 sorori
397 2568 452 2609 sue
477 2562 507 2610 et
539 2549 618 2608 duas
649 2560 755 2628 partes
786 2547 930 2608 eiusdem
964 2548 1056 2609 vinee
1082 2547 1224 2628 Georgio
1257 2545 1327 2607 filio
1353 2545 1417 2608 Gu-

154 2653 301 2715 chlenich
320 2655 525 2732 vendidisset,
550 2654 623 2715 ideo
642 2673 700 2713 nos
718 2652 824 2713 literas
849 2668 972 2714 nostras
990 2653 1139 2715 dedimus
1162 2672 1257 2734 super
1282 2651 1416 2712 eandem

153 2760 291 2838 vineam,
315 2774 459 2842 tempore
483 2761 558 2821 dicti
583 2761 677 2822 Petri.

259 2866 336 2927 ltem
362 2867 461 2928 Elena
487 2867 595 2928 relicta
621 2865 861 2928 Orosnilcouich
882 2885 954 2927 cum
981 2865 1093 2926 Philka
1118 2863 1225 2943 puella
1249 2863 1316 2926 filia
1342 2864 1414 2926 lvan

155 2973 368 3034 vendiderunt
400 2975 542 3055 quinque
576 2974 677 3035 dietas
707 2988 789 3035 terre
818 2973 947 3034 arabilis
978 2973 1073 3034 Petro
1105 2971 1239 3052 Vogrin,
1272 2986 1416 3054 tempore

155 3078 231 3140 dicti
258 3079 350 3141 Petri.

259 3185 336 3245 ltem
362 3184 510 3246 Chernka
536 3185 680 3247 vendidit
706 3205 802 3246 unam
820 3185 927 3266 lopam
953 3203 1009 3245 seu
1026 3184 1201 3245 stacionem
1227 3183 1331 3245 Paulo
1348 3202 1416 3265 pre·

153 3291 224 3350 coni
251 3304 360 3352 nostro
377 3306 408 3351 et
431 3291 575 3372 Busycha
602 3293 741 3352 consorti
759 3311 814 3351 sue
832 3291 886 3369 ita,
911 3290 998 3372 quod
1016 3310 1143 3372 semper
1167 3289 1264 3351 nobis
1288 3303 1416 3351 centum

153 3396 303 3458 denarios
327 3397 484 3458 currentis
516 3412 645 3458 monete
671 3397 807 3474 solvant,
831 3411 977 3478 tempore
1003 3396 1078 3458 dicti
1104 3396 1197 3458 Petri.

258 3503 334 3565 ltem
362 3504 532 3565 Benedicta
559 3505 668 3565 relicta
687 3503 824 3564 condam
852 3502 1005 3583 Stephani
1024 3502 1195 3564 Neureden
1220 3500 1419 3562 condonavit

153 3630 248 3671 unam
274 3625 420 3692 quartam
446 3609 535 3672 fundi
561 3612 608 3672 sui
628 3612 802 3672 Benedicto
827 3612 941 3671 marito
958 3630 1028 3688 suo,
1052 3623 1198 3692 tempore
1223 3609 1300 3670 dicti
1321 3609 1415 3670 Petri.

259 3715 334 3776 ltem
363 3717 479 3776 Fraum
506 3717 623 3777 Paulus
648 3732 678 3777 et
703 3718 805 3777 Frana
823 3737 878 3776 sua
905 3736 1035 3777 consors
1060 3698 1212 3777 emerunt¹
1230 3734 1330 3776 unam
1355 3729 1416 3777 ter·

152 3842 218 3882 ram
255 3822 407 3882 arabilem
445 3842 460 3882 a
497 3823 642 3900 Vranek‚
681 3824 754 3907 Mylt
792 3837 822 3883 et
858 3824 985 3883 Andrea
1022 3820 1095 3883 filiis
1131 3821 1231 3899 Wlk,
1270 3835 1417 3903 tempore

152 3928 227 3990 dicti
253 3929 347 3990 Petri.

258 4035 335 4096 ltem
362 4035 480 4096 Paulus
505 4051 593 4097 sutor
626 4037 771 4097 vendidit
796 4035 931 4096 fundum
967 4035 1139 4097 Valentino
1165 4034 1311 4114 Mednar,
1336 4051 1419 4098 tem-

151 4161 229 4223 pore
253 4141 329 4203 dicti
356 4143 450 4203 Petri.

257 4249 335 4312 ltem
362 4249 509 4332 Mychael
534 4248 618 4310 filius
643 4250 801 4332 Damyani
824 4249 970 4310 vendidit
994 4248 1130 4312 fundum
1155 4268 1249 4310 suum
1275 4248 1419 4312 lohanni

146 4353 213 4417 filio
239 4357 328 4418 Bank
353 4370 383 4417 et
409 4356 538 4433 Bichan,
562 4371 707 4436 tempore
732 4357 808 4417 dicti
834 4356 928 4416 Petri.

258 4464 334 4526 ltem
361 4463 513 4525 Nicolaus
538 4463 669 4524 Criuich
701 4463 846 4524 vendidit
875 4461 1012 4523 fundum
1045 4481 1138 4524 suum
1165 4461 1338 4524 Valentino
1363 4483 1420 4525 su·

150 4572 223 4649 tori,
247 4585 393 4654 tempore
420 4571 495 4632 dicti
521 4570 615 4631 Petri.
