3142 5356
551 465 754 542 Anno1495.
779 497 821 507 —
845 460 875 524 ό.
900 465 981 525 maii.
1344 483 1400 546 103

171 561 1400 585 κ-ῄ--ῂ-ὴ--ᾑ-ᾴ

240 700 322 776 laria
352 713 478 794 quarta
508 706 539 775 in
570 704 656 776 festu
681 703 842 794 Johannis
871 712 948 775 ante
979 713 1112 794 portam
1143 705 1306 778 Latinam.

683 856 730 938 (6.
754 857 850 938 maia).

247 999 391 1062 Seniores
415 1000 538 1080 judices
562 1019 689 1061 causam
714 1014 836 1061 motam
862 1000 944 1060 inter
969 998 1145 1080 Gasparem
1174 1000 1354 1083 Kysewyclr
1373 1015 1403 1062 et

169 1096 300 1168 Albertum
327 1108 490 1168 literatum
525 1107 613 1188 prius
645 1127 702 1189 per
729 1107 849 1186 juratos
880 1106 1096 1185 adjudicatam
1129 1120 1160 1168 et
1184 1127 1240 1189 per
1263 1108 1402 1170 eundem

168 1198 259 1290 Gaspar
287 1214 326 1275 ad
360 1233 419 1275 nos
451 1213 657 1294 appellatam,
683 1231 807 1294 nosque
841 1213 1025 1273 convocatis
1058 1213 1200 1293 partibus
1231 1227 1261 1275 et
1286 1214 1403 1275 auditis

167 1327 260 1379 rursum
282 1321 321 1382 de
346 1339 433 1381 novo
458 1320 739 1401 proposicionibus
758 1333 788 1380 et
810 1318 1066 1399 allegacionibus
1083 1339 1119 1380 ac
1136 1321 1403 1401 responsionibus

167 1425 320 1488 eorumdem
346 1426 488 1487 adducto
512 1445 620 1487 coram
640 1426 733 1487 nobis
756 1424 915 1505 Gregorio
933 1423 1091 1487 familiare
1116 1425 1240 1487 domini
1260 1426 1401 1505 Sowani,

167 1525 205 1600 qul
232 1532 387 1611 quandam
414 1531 561 1594 cedulam
588 1531 812 1593 infamacionis
836 1546 945 1593 contra
978 1532 1144 1593 dominam
1171 1536 1297 1593 Annam
1322 1553 1400 1594 uxo·

166 1645 212 1692 itm
232 1638 338 1718 prefati
365 1637 489 1719 Gaspar
514 1652 761 1720 presentaverat,
787 1652 882 1720 prout
907 1639 937 1698 in
971 1658 1122 1720 processu
1148 1659 1240 1700 cause
1266 1659 1322 1722 per
1354 1639 1400 1719 ju·

165 1744 412 1821 ratosjudicatam
438 1745 477 1806 de
503 1747 602 1808 verbo
627 1745 666 1806 ad
699 1746 834 1806 verbum
866 1745 950 1806 clare
983 1745 1174 1807 continetur.
1201 1745 1402 1827 Quiquidem

165 1838 308 1929 Gregorius
332 1872 390 1934 per
414 1872 473 1914 nos
497 1853 536 1913 de
554 1873 641 1914 novo
666 1853 881 1933 interrogatus
899 1852 938 1913 de
957 1853 1020 1913 illis
1044 1853 1150 1913 verbis
1174 1853 1255 1914 sicut
1280 1853 1311 1913 in
1329 1873 1402 1935 pro·

165 1965 229 2015 tessu
256 1979 347 2019 cause
385 1973 494 2019 contra
527 1956 687 2040 prefatum
726 1959 894 2020 Albertum
932 1972 962 2020 et
994 1959 1160 2020 dominam
1193 1958 1401 2021 Katherinam

165 2070 265 2125 uxorem
289 2065 435 2126 eiusdem
470 2080 693 2147 proposuerat,
725 2065 854 2146 negavit
879 2085 987 2127 coram
1020 2065 1114 2126 nobis
1139 2064 1226 2146 quod
1252 2065 1403 2127 Albertus

166 2161 241 2230 eidem
264 2171 419 2253 prefatam
454 2172 603 2234 cedulam
632 2191 696 2233 non
730 2172 869 2233 dedisset
893 2173 948 2233 sed
983 2192 1062 2233 uxor
1088 2172 1232 2233 eiusdem
1267 2173 1402 2251 Alberti,

166 2270 230 2334 cuius
248 2279 368 2340 scilicet
393 2277 543 2360 Gregorii
568 2279 674 2339 verbis
707 2279 841 2340 minime
873 2279 1013 2340 creditur
1038 2279 1112 2359 quia
1139 2277 1290 2338 hincinde
1316 2279 1402 2359 prius

167 2386 188 2432 et
205 2377 253 2456 iam
275 2385 382 2446 verbis
406 2385 578 2446 vacillabat
602 2399 633 2445 et
658 2404 722 2445 non
749 2399 816 2445 erat
846 2399 996 2445 constans
1022 2385 1052 2445 in
1078 2405 1135 2445 sua
1161 2383 1309 2446 fassione.
1336 2389 1400 2445 Au-

167 2477 272 2569 ditisque
303 2492 365 2553 hiis
397 2491 537 2573 prefatus
559 2490 693 2573 Gaspar,
725 2491 813 2572 quod
846 2492 952 2553 solum
985 2505 1094 2552 contra
1127 2511 1259 2552 uxorem
1285 2489 1399 2573 prefati

167 2587 258 2658 Alieni
288 2598 352 2679 jam
385 2598 472 2675 dicit,
504 2598 643 2658 eundem
677 2599 846 2660 Albertum
879 2599 1018 2659 liberum
1051 2597 1171 2658 dimisit
1203 2598 1258 2658 sed
1291 2611 1400 2658 contra

168 2707 267 2764 uxorem
291 2704 437 2766 eiusdem
461 2705 585 2766 Alberti
605 2705 783 2786 proposuit,
801 2704 978 2786 petivitque
996 2703 1034 2764 de
1053 2703 1166 2765 eadem
1192 2704 1252 2765 sibi
1277 2703 1401 2783 justicia

168 2792 223 2865 fieri.
242 2810 369 2892 Nosque
394 2811 512 2872 auditis
545 2811 826 2892 proposicionibus
862 2823 893 2871 et
924 2810 1179 2890 allegacionibus
1210 2831 1245 2871 ac
1270 2829 1401 2892 respon-

169 2901 279 2978 siouibus
301 2918 458 3000 parcium,
483 2917 559 2998 quia
584 2917 736 2978 Albertus
760 2916 862 2998 ipsam
888 2917 1149 2999 proposicionem
1175 2931 1284 2977 contra
1310 2936 1400 2977 suam

168 3021 267 3083 luviem
297 3023 330 3084 in
364 3023 528 3104 presencia
561 3023 704 3083 eiusdem
738 3037 920 3084 constanter
957 3024 1103 3102 negabat,
1138 3021 1261 3103 Gaspar
1293 3037 1399 3085 autem

168 3111 266 3199 ali(blod
288 3130 512 3191 testimonium
538 3129 625 3210 quod
651 3130 690 3190 ad
716 3149 845 3190 causam
863 3130 1048 3191 huiusmodi
1072 3128 1232 3191 sufficeret
1256 3150 1320 3191 non
1347 3129 1399 3191 ba·

170 3214 237 3291 bein
257 3255 291 3296 ex
324 3255 391 3317 quo
423 3236 528 3296 verbis
560 3236 762 3318 simplicibus
795 3250 825 3297 et
849 3236 997 3297 cavilosis
1022 3234 1136 3318 prefati
1172 3235 1319 3317 Gregorii
1352 3236 1401 3316 jus

171 3332 268 3401 tredere
289 3361 355 3403 non
381 3341 569 3418 admitebat,
595 3341 668 3404 ideo
693 3341 873 3422 judicantes
906 3342 1140 3420 commisimus,
1165 3343 1253 3424 quod
1280 3342 1400 3424 prefata

169 3424 306 3540 litherina
333 3468 414 3509 uxor
438 3448 513 3509 dicti
532 3449 668 3525 Alberti,
686 3469 722 3510 ex
741 3469 806 3530 quo
824 3449 873 3529 jus
893 3449 1102 3530 suspiciosam
1126 3449 1226 3530 ipsam
1247 3449 1402 3511 reddebat

170 3551 191 3594 ¹¹¹
215 3544 291 3616 factis
316 3555 467 3635 illisque
492 3569 601 3615 contra
634 3574 703 3615 eam
739 3553 868 3616 fuerunt
892 3556 1074 3637 proposita,
1099 3555 1401 3636 vigesimaquintase

168 3640 255 3720 ‘ilium
274 3662 325 3723 vel
343 3662 502 3722 nobilium
520 3662 710 3722 mulieribus
728 3662 759 3722 in
773 3662 906 3723 ecclesia
924 3663 1023 3723 sancti
1042 3662 1139 3722 Marci
1159 3662 1190 3722 in
1207 3681 1259 3722 ara
1281 3662 1401 3723 scilicet

168 3763 246 3825 lancte
271 3768 385 3830 Crucis
413 3768 657 3849 quintodecimo
682 3768 734 3828 die
759 3767 836 3829 ferie
860 3784 946 3830 sexte
971 3769 1115 3850 proxime
1140 3781 1273 3828 venture
1297 3768 1400 3848 jurare

167 3850 264 3935 debebit
286 3894 383 3957 super
406 3894 444 3936 eo
469 3874 619 3936 videlicet
642 3875 730 3956 quod
749 3876 836 3935 illam
856 3875 1003 3935 cedulam
1029 3872 1265 3935 infamatoriam
1291 3888 1400 3935 contra

168 3956 300 4043 dominam
312 3986 440 4042 Annam
456 4001 587 4042 uxorem
608 3981 722 4064 prefati
744 3981 865 4062 Gaspar
883 3982 964 4042 dicta
988 3981 1161 4042 Katherina
1184 3981 1321 4042 scribere
1335 4001 1400 4042 non

168 4061 220 4138 ficit
232 4104 330 4170 neque
355 4107 412 4169 per
435 4088 554 4149 dictum
583 4087 776 4169 Gregorium
794 4088 834 4148 ad
859 4088 993 4149 domum
1019 4087 1096 4148 dicti
1115 4087 1238 4169 Gaspar
1263 4087 1349 4148 misit
1371 4101 1402 4150 et

167 4189 244 4263 ne(lue
258 4213 390 4276 parvum
417 4195 467 4255 vel
489 4195 626 4255 multum
646 4209 727 4255 esset
744 4195 782 4254 de
796 4195 877 4255 scitu
896 4214 954 4254 suo
973 4194 1045 4254 illac
1063 4193 1146 4255 dicta
1164 4193 1277 4254 cedula
1296 4194 1402 4273 missa,

166 4289 361 4370 c(iiijuratrices
384 4319 460 4361 vero
483 4318 539 4360 sue
557 4313 628 4382 post
653 4320 723 4361 eam
745 4300 848 4380 iurare
866 4301 1040 4375 debebunt,
1064 4300 1153 4380 quod
1178 4300 1246 4381 ipsa
1270 4299 1351 4380 juste
1369 4301 1400 4361 in

167 4406 273 4476 negocio
297 4406 443 4489 predicto
468 4405 602 4484 juravit;
627 4407 714 4487 quod
740 4407 764 4467 si
790 4407 856 4488 ipsa
881 4405 1055 4466 Kntberina
1088 4406 1268 4487 juramento
1293 4407 1401 4467 huius·

164 4507 230 4570 modi
251 4533 282 4574 se
315 4512 540 4594 expurgaverit
572 4513 603 4572 in
634 4513 795 4594 predictis,
827 4525 903 4573 tunc
928 4512 965 4571 de
1000 4513 1226 4594 proposicione
1251 4511 1402 4594 Gasparis

161 4624 340 4680 contractam
374 4617 455 4680 facta
488 4619 547 4680 erit
572 4618 671 4679 libera
705 4632 736 4678 et
768 4619 926 4699 expedita,
951 4618 975 4678 si
1002 4632 1109 4678 autem
1142 4638 1206 4678 non
1239 4617 1401 4698 juraverit,

157 4732 251 4786 extunc
274 4739 385 4788 contra
410 4722 567 4806 prefatam
593 4724 759 4785 dominam
793 4730 919 4784 Annam
954 4743 1085 4784 uxorem
1119 4725 1194 4786 dicti
1221 4724 1344 4807 Gaspar
1368 4725 1400 4786 in

153 4824 288 4912 homagio
312 4832 388 4893 vivo
413 4831 559 4892 convicta
592 4830 661 4893 erit.
695 4830 760 4892 Ubi
793 4844 900 4891 autem
926 4829 1078 4891 Albertus
1109 4832 1287 4912 proposuit,
1312 4831 1400 4912 quod

146 4933 242 4999 adbuc
265 4951 338 5001 ante
362 4937 522 5022 judicium
545 4936 661 5019 judicis
686 4949 716 4998 et
748 4935 925 5017 juratorum
952 4935 1083 4997 insede
1108 4936 1273 5017 judiciaria
1298 4937 1401 4999 dictus
