3142 5356
635 368 833 445 Am1437·
1305 381 1366 448 307

102 579 297 655 constitutis,
320 579 487 641 annuatim
504 598 630 661 semper
647 579 875 662 persolvend0,
892 576 1016 662 prefato
1033 576 1176 660 Georgia
1200 577 1305 659 jurato
1322 591 1368 639 est

101 685 345 766 privilegialiter
369 684 556 747 confirmata
579 687 639 748 sub
662 686 817 768 pendenti
841 685 949 767 sigillo
973 685 1223 747 communitatis.

208 790 286 852 Item
314 790 489 852 Katherina
507 791 617 853 relicta
642 791 781 853 condam
798 792 927 852 Andree
952 790 1179 873 Ztepkowych,
1204 791 1366 872 quandam

102 899 230 960 vineam
255 912 285 959 et
309 898 423 960 silvam
448 918 539 960 suam
563 899 646 960 iuter
675 899 772 960 aliam
797 898 912 960 silvam
944 917 1046 977 auam,
1070 917 1127 980 per
1150 911 1251 959 metas
1274 899 1366 959 arbo·

101 1026 173 1067 rum
198 1018 356 1068 certarum
374 1005 406 1066 in
431 1005 545 1068 eadem
567 1006 659 1067 litera
677 1024 911 1088 expressarum,
935 1024 971 1066 ac
997 1004 1080 1067 inter
1097 1005 1211 1067 silvam
1237 1005 1367 1088 Mathye

100 1111 196 1193 jurati
222 1113 298 1174 dicti
324 1112 467 1174 Puchich
491 1113 646 1192 habitam,
676 1112 841 1195 Stephano
874 1111 1012 1195 lapicidc
1036 1125 1067 1174 et
1091 1111 1271 1175 Laurencio
1295 1111 1369 1174 filiis

101 1217 259 1280 lobannis
282 1219 322 1280 de
349 1218 585 1301 Bosyalrowina
607 1219 753 1281 vendidit
777 1232 933 1301 perpetuo
951 1217 1179 1300 possidendam
1203 1232 1234 1280 et
1258 1237 1367 1300 super·

101 1324 177 1385 inde
202 1337 249 1386 est
272 1324 362 1386 litera
387 1325 446 1386 sub
472 1325 625 1407 pendenti
651 1325 759 1406 sigillo
784 1324 1024 1386 communitatis
1049 1337 1208 1388 emanata.

248 1545 331 1615 ltern
360 1547 392 1615 in
423 1543 539 1634 vigilia
567 1543 645 1616 festi
673 1536 928 1616 Purificacionis
956 1550 1073 1616 sancte
1101 1542 1214 1615 llarie.

614 1715 655 1791 (1.
679 1715 854 1792 februaria).

209 1855 287 1916 ltem
320 1855 461 1936 quedam
493 1855 622 1934 domus,
653 1854 783 1934 fundus,
816 1855 969 1917 celarium
1003 1869 1034 1917 et
1056 1853 1203 1917 hedificia
1227 1856 1364 1918 condam

102 1964 203 2025 Elene
228 1961 320 2023 aliter
345 1961 430 2022 Mala
456 1975 566 2024 vocate
591 1962 747 2040 mulieris,
771 1961 880 2023 relicte
905 1961 1043 2022 condam
1074 1961 1239 2023 Benedicti
1265 1962 1365 2022 carni·

100 2068 169 2131 ficis
193 2067 304 2128 Wdile
330 2067 445 2146 vocati,
471 2068 501 2129 in
525 2068 653 2130 civitate
671 2068 813 2150 predicta
835 2067 917 2129 inter
933 2067 1049 2128 domos
1074 2065 1160 2129 Galli
1186 2081 1216 2129 et
1240 2066 1365 2129 Crisani

101 2176 141 2237 de
167 2173 312 2257 Dedych,
335 2176 374 2235 ab
399 2194 474 2252 una,
499 2188 587 2255 parte
612 2176 651 2235 ab
685 2174 783 2236 altera
816 2193 893 2235 vero
918 2173 1094 2236 liberorum
1119 2173 1256 2235 condam
1281 2173 1366 2235 lwau

102 2282 276 2361 Ozmonog
308 2279 427 2359 habita,
451 2295 514 2341 tres
546 2295 675 2362 quartas
706 2281 793 2342 curie
829 2280 861 2341 in
894 2300 927 2341 se
959 2280 1138 2360 continens,
1163 2281 1278 2363 partim
1310 2300 1366 2362 per

101 2387 316 2449 donacionem
341 2387 424 2448 dicte
451 2387 535 2448 Male
559 2386 703 2448 mulieris
735 2386 839 2448 adhuc
864 2387 895 2446 in
927 2386 989 2447 hoc
1013 2387 1122 2448 seculo
1147 2386 1366 2469 temporaliter

101 2493 238 2554 viventis
262 2505 293 2554 et
316 2492 432 2574 partim
457 2513 514 2575 per
545 2493 817 2554 testamentariam
850 2492 1051 2573 legacionem
1085 2493 1230 2554 eiusdem
1264 2493 1365 2554 Elene

100 2620 156 2661 seu
182 2599 266 2661 Male
291 2598 436 2659 mulieris
460 2612 506 2659 est
529 2598 772 2680 privilegialiter
795 2600 853 2660 sub
878 2598 1032 2680 pendenti
1054 2598 1162 2680 sigillo
1186 2599 1365 2660 communi·

100 2706 174 2768 tatis
198 2705 293 2766 Petro
316 2704 429 2766 sartori
454 2705 569 2766 marito
602 2724 661 2765 suo
693 2704 844 2767 videlicet
868 2705 968 2786 ipsius
993 2703 1093 2766 Elene
1127 2704 1271 2765 mulieris
1295 2724 1365 2786 per·

100 2826 199 2895 petuo
224 2809 423 2874 confirmata.

207 2917 284 2979 ltem
310 2921 418 2998 Agnes
443 2915 507 2977 filia
540 2916 678 2978 condam
703 2915 824 2978 Mathai
856 2916 896 2978 de
922 2917 1088 2979 Kralewcz
1124 2936 1215 2978 soror
1238 2917 1363 2978 uterina

99 3023 242 3106 predicte
268 3023 368 3086 Elene
400 3043 457 3084 seu
482 3023 566 3084 Male
600 3023 755 3102 mulieris,
781 3023 997 3084 commissaria
1032 3037 1061 3085 et
1087 3024 1245 3085 executrix
1271 3037 1364 3085 testa-

100 3130 201 3190 menti
225 3129 370 3191 eiusdem
396 3129 496 3190 Elene
522 3129 678 3208 mulieris,
703 3128 866 3210 quandam
885 3128 1043 3190 vinealem
1070 3129 1257 3209 porcionem
1282 3128 1365 3190 Dru-

98 3235 303 3317 gasewschak
329 3249 487 3313 vocatam,
512 3235 594 3297 inter
611 3236 739 3296 vineam
764 3234 894 3295 Martini
914 3234 1035 3295 Ztrelar
1059 3234 1221 3295 mediante
1245 3232 1364 3296 fossato

99 3362 157 3404 seu
182 3355 290 3403 meatu
315 3355 370 3403 aut
394 3341 530 3402 decursu
555 3361 638 3423 aque
670 3340 831 3422 pluvialis,
863 3341 903 3401 ab
931 3341 1029 3401 altera
1061 3360 1138 3402 vero
1162 3355 1251 3422 parte
1283 3341 1365 3402 inter

98 3448 229 3509 vineam
255 3447 338 3508 Petri
363 3447 492 3508 sartoris
516 3447 622 3508 mariti
654 3447 754 3529 ipsius
780 3446 879 3508 Elene
912 3446 1056 3507 mulieris
1080 3444 1233 3524 habitam,
1258 3445 1365 3507 eidem

99 3555 196 3616 Petro
221 3554 334 3615 sartori
366 3554 554 3615 auctoritate
587 3552 806 3615 commissaria
838 3551 984 3614 vendidit
1017 3566 1172 3634 perpetuo
1197 3551 1362 3633 possiden·

98 3660 174 3721 dam
218 3673 249 3722 et
281 3660 452 3742 superinde
490 3675 536 3722 est
566 3661 657 3722 litera
697 3661 756 3721 sub
789 3657 942 3740 pendenti
985 3658 1092 3739 sigillo
1126 3656 1365 3719 communitatis

98 3779 259 3828 emanata.

207 3871 285 3933 ltem
310 3872 430 3934 Paulus
452 3886 541 3934 sutor
566 3871 749 3954 Kerpanich
774 3886 804 3933 et
833 3870 1015 3952 Stephanus
1039 3883 1129 3930 sutor
1153 3868 1363 3930 commissarii

99 3993 132 4041 et
154 3993 338 4041 executores
361 3980 543 4041 testamenti
569 3980 668 4041 Lucie
693 3979 836 4041 mulieris
867 3977 1090 4040 Gerdsewicza
1115 3991 1238 4055 vocate,
1262 3995 1363 4057 quan·

98 4085 174 4146 dam
199 4101 315 4148 terram
334 4086 488 4147 arabilem
506 4086 650 4147 eiusdem
676 4086 774 4147 Lucie
797 4084 942 4146 mulieris
967 4085 997 4144 in
1016 4084 1177 4145 territorio
1202 4097 1232 4144 et
1249 4103 1364 4164 eampo

99 4191 237 4253 civitatis
255 4193 338 4253 inter
360 4205 459 4254 terras
477 4192 629 4275 Symonis
654 4191 693 4252 de
711 4190 844 4252 Raboch
861 4204 891 4251 et
908 4189 1055 4272 Dyonisii
1074 4189 1186 4250 decani
1212 4188 1365 4266 habitam,

99 4298 205 4359 eidem
232 4298 367 4382 Symoni
393 4299 609 4360 vendiderunt
632 4312 788 4379 perpetuo
811 4296 1039 4379 possidendam
1069 4311 1100 4357 et
1123 4295 1294 4377 superinde
1320 4309 1365 4356 est

99 4405 190 4466 litera
216 4405 276 4466 sub
301 4405 456 4486 pendenti
481 4405 589 4486 sigillo
614 4404 855 4466 communitatis
880 4416 1036 4466 emanata.

207 4510 283 4571 ltem
303 4512 434 4573 domina
461 4510 635 4572 Katherina
653 4510 763 4571 relicta
782 4509 920 4570 condam
938 4507 1138 4588 sigismundi
1156 4507 1249 4587 jurati
1281 4528 1365 4569 nunc

100 4635 232 4709 consors
264 4617 421 4698 legittima
456 4617 584 4700 Mathye
618 4617 747 4693 Farlras,
783 4617 944 4697 quandam
979 4629 1096 4676 terram
1121 4615 1276 4676 arabilem
1301 4629 1364 4675 tam

100 4723 219 4784 cultam
244 4743 342 4805 quarn
368 4724 521 4784 incultam
548 4724 580 4784 in
599 4743 713 4804 campo
743 4739 852 4784 nostro
871 4723 952 4784 ultra
975 4722 1109 4783 fluvium
1135 4721 1365 4804 Kalinowycza

99 4844 262 4907 vocatum,
280 4830 361 4891 inter
378 4829 476 4892 fenile
494 4830 650 4892 Demetrii
668 4829 760 4908 jurati
778 4850 815 4891 ac
832 4830 914 4891 inter
931 4845 1048 4890 terram
1072 4828 1216 4889 eiusdem
1235 4827 1366 4952 domine
