<?xml version="1.0" encoding="UTF-8"?>
<!DOCTYPE html PUBLIC "-//W3C//DTD XHTML 1.0 Transitional//EN"
    "http://www.w3.org/TR/xhtml1/DTD/xhtml1-transitional.dtd">
<html xmlns="http://www.w3.org/1999/xhtml" xml:lang="en" lang="en">
 <head>
  <title>
</title>
<meta http-equiv="Content-Type" content="text/html;charset=utf-8" />
  <meta name='ocr-system' content='tesseract 3.04.00' />
  <meta name='ocr-capabilities' content='ocr_page ocr_carea ocr_par ocr_line ocrx_word'/>
</head>
<body>
  <div class='ocr_page' id='page_1' title='image "./monumentahistor17laszgoog_0279.png"; bbox 0 0 3142 5356; ppageno 0'>
   <div class='ocr_carea' id='block_1_1' title="bbox 531 472 1038 555">
    <p class='ocr_par' dir='ltr' id='par_1_1' title="bbox 531 472 1038 555">
     <span class='ocr_line' id='line_1_1' title="bbox 531 472 1038 555; baseline 0 -18"><span class='ocrx_word' id='word_1_1' title='bbox 531 480 618 537; x_wconf 84' lang='lat' dir='ltr'><strong>Anno</strong></span> <span class='ocrx_word' id='word_1_2' title='bbox 638 484 728 555; x_wconf 75' lang='lat'><strong>1524.</strong></span> <span class='ocrx_word' id='word_1_3' title='bbox 754 511 795 520; x_wconf 90' lang='lat'>-</span> <span class='ocrx_word' id='word_1_4' title='bbox 820 486 870 538; x_wconf 84' lang='lat'><strong>22.</strong></span> <span class='ocrx_word' id='word_1_5' title='bbox 887 472 1038 553; x_wconf 75' lang='lat' dir='ltr'><strong>januarii.</strong></span> 
     </span>
    </p>
   </div>
   <div class='ocr_carea' id='block_1_2' title="bbox 313 713 1243 946">
    <p class='ocr_par' dir='ltr' id='par_1_2' title="bbox 313 713 1243 946">
     <span class='ocr_line' id='line_1_2' title="bbox 313 713 1243 805; baseline -0.012 -16"><span class='ocrx_word' id='word_1_6' title='bbox 313 716 410 790; x_wconf 77' lang='lat' dir='ltr'><strong>feria</strong></span> <span class='ocrx_word' id='word_1_7' title='bbox 438 715 535 788; x_wconf 82' lang='lat' dir='ltr'><strong>sexta</strong></span> <span class='ocrx_word' id='word_1_8' title='bbox 564 725 643 805; x_wconf 82' lang='lat' dir='ltr'><strong>post</strong></span> <span class='ocrx_word' id='word_1_9' title='bbox 672 715 793 787; x_wconf 87' lang='lat' dir='ltr'><strong>festum</strong></span> <span class='ocrx_word' id='word_1_10' title='bbox 820 717 910 787; x_wconf 88' lang='lat' dir='ltr'><strong>beati</strong></span> <span class='ocrx_word' id='word_1_11' title='bbox 941 713 1036 785; x_wconf 89' lang='lat' dir='ltr'><strong>Pauli</strong></span> <span class='ocrx_word' id='word_1_12' title='bbox 1064 713 1243 786; x_wconf 85' lang='lat' dir='ltr'><strong>Heremife.</strong></span> 
     </span>
     <span class='ocr_line' id='line_1_3' title="bbox 550 869 1000 946; baseline 0.002 -19"><span class='ocrx_word' id='word_1_13' title='bbox 550 881 611 945; x_wconf 80' lang='lat'><strong>(15.</strong></span> <span class='ocrx_word' id='word_1_14' title='bbox 627 871 779 945; x_wconf 69' lang='lat' dir='ltr'><strong>junuarii,</strong></span> <span class='ocrx_word' id='word_1_15' title='bbox 802 889 873 929; x_wconf 84' lang='lat' dir='ltr'><strong>ann.</strong></span> <span class='ocrx_word' id='word_1_16' title='bbox 898 869 1000 946; x_wconf 80' lang='lat'><em>1524).</em></span> 
     </span>
    </p>
   </div>
   <div class='ocr_carea' id='block_1_3' title="bbox 147 1008 1418 1836">
    <p class='ocr_par' dir='ltr' id='par_1_3' title="bbox 147 1008 1412 1199">
     <span class='ocr_line' id='line_1_4' title="bbox 253 1008 1412 1094; baseline -0.003 -21"><span class='ocrx_word' id='word_1_17' title='bbox 253 1014 404 1094; x_wconf 89' lang='lat' dir='ltr'><strong>Brywacz</strong></span> <span class='ocrx_word' id='word_1_18' title='bbox 429 1011 469 1071; x_wconf 82' lang='lat' dir='ltr'><strong>au</strong></span> <span class='ocrx_word' id='word_1_19' title='bbox 503 1010 693 1072; x_wconf 81' lang='lat' dir='ltr'><strong>instanciam</strong></span> <span class='ocrx_word' id='word_1_20' title='bbox 720 1010 850 1072; x_wconf 89' lang='lat' dir='ltr'><strong>Martini</strong></span> <span class='ocrx_word' id='word_1_21' title='bbox 878 1010 1008 1071; x_wconf 84' lang='lat' dir='ltr'><strong>sartoris</strong></span> <span class='ocrx_word' id='word_1_22' title='bbox 1041 1009 1184 1070; x_wconf 88' lang='lat' dir='ltr'><strong>secundo</strong></span> <span class='ocrx_word' id='word_1_23' title='bbox 1209 1008 1327 1071; x_wconf 90' lang='lat' dir='ltr'><strong>citatus</strong></span> <span class='ocrx_word' id='word_1_24' title='bbox 1350 1027 1412 1071; x_wconf 91' lang='lat' dir='ltr'><strong>nou</strong></span> 
     </span>
     <span class='ocr_line' id='line_1_5' title="bbox 147 1119 340 1199; baseline -0.005 -19"><span class='ocrx_word' id='word_1_25' title='bbox 147 1119 340 1199; x_wconf 85' lang='lat' dir='ltr'><strong>comparuit.</strong></span> 
     </span>
    </p>

    <p class='ocr_par' dir='ltr' id='par_1_4' title="bbox 147 1221 1414 1414">
     <span class='ocr_line' id='line_1_6' title="bbox 252 1221 1414 1286; baseline -0.002 -2"><span class='ocrx_word' id='word_1_26' title='bbox 252 1225 330 1286; x_wconf 87' lang='lat' dir='ltr'><strong>Item</strong></span> <span class='ocrx_word' id='word_1_27' title='bbox 355 1224 468 1285; x_wconf 90' lang='lat' dir='ltr'><strong>eadem</strong></span> <span class='ocrx_word' id='word_1_28' title='bbox 493 1223 544 1284; x_wconf 90' lang='lat' dir='ltr'><strong>die</strong></span> <span class='ocrx_word' id='word_1_29' title='bbox 570 1224 681 1285; x_wconf 90' lang='lat' dir='ltr'><strong>Petrus</strong></span> <span class='ocrx_word' id='word_1_30' title='bbox 710 1224 819 1284; x_wconf 84' lang='lat' dir='ltr'><strong>Benak</strong></span> <span class='ocrx_word' id='word_1_31' title='bbox 850 1223 994 1285; x_wconf 91' lang='lat' dir='ltr'><strong>secundo</strong></span> <span class='ocrx_word' id='word_1_32' title='bbox 1019 1222 1133 1284; x_wconf 88' lang='lat' dir='ltr'><strong>citatus</strong></span> <span class='ocrx_word' id='word_1_33' title='bbox 1157 1221 1197 1282; x_wconf 91' lang='lat' dir='ltr'><strong>ad</strong></span> <span class='ocrx_word' id='word_1_34' title='bbox 1223 1221 1414 1283; x_wconf 86' lang='lat' dir='ltr'><strong>instanciam</strong></span> 
     </span>
     <span class='ocr_line' id='line_1_7' title="bbox 147 1330 750 1414; baseline -0.002 -22"><span class='ocrx_word' id='word_1_35' title='bbox 147 1331 276 1393; x_wconf 82' lang='lat' dir='ltr'><strong>Andree</strong></span> <span class='ocrx_word' id='word_1_36' title='bbox 301 1331 443 1414; x_wconf 78' lang='lat' dir='ltr'><strong>Devvyak</strong></span> <span class='ocrx_word' id='word_1_37' title='bbox 469 1350 533 1391; x_wconf 94' lang='lat' dir='ltr'><strong>non</strong></span> <span class='ocrx_word' id='word_1_38' title='bbox 559 1330 750 1411; x_wconf 89' lang='lat' dir='ltr'><strong>comparuit.</strong></span> 
     </span>
    </p>

    <p class='ocr_par' dir='ltr' id='par_1_5' title="bbox 147 1434 1416 1624">
     <span class='ocr_line' id='line_1_8' title="bbox 253 1434 1416 1517; baseline -0.002 -19"><span class='ocrx_word' id='word_1_39' title='bbox 253 1437 330 1498; x_wconf 87' lang='lat' dir='ltr'><strong>Item</strong></span> <span class='ocrx_word' id='word_1_40' title='bbox 362 1437 475 1498; x_wconf 89' lang='lat' dir='ltr'><strong>eadem</strong></span> <span class='ocrx_word' id='word_1_41' title='bbox 508 1437 560 1497; x_wconf 94' lang='lat' dir='ltr'><strong>die</strong></span> <span class='ocrx_word' id='word_1_42' title='bbox 592 1436 720 1497; x_wconf 87' lang='lat' dir='ltr'><strong>Domko</strong></span> <span class='ocrx_word' id='word_1_43' title='bbox 745 1449 834 1497; x_wconf 90' lang='lat' dir='ltr'><strong>sutor</strong></span> <span class='ocrx_word' id='word_1_44' title='bbox 866 1435 971 1517; x_wconf 92' lang='lat' dir='ltr'><strong>primo</strong></span> <span class='ocrx_word' id='word_1_45' title='bbox 1004 1435 1117 1496; x_wconf 90' lang='lat' dir='ltr'><strong>citatus</strong></span> <span class='ocrx_word' id='word_1_46' title='bbox 1150 1435 1189 1495; x_wconf 92' lang='lat' dir='ltr'><strong>ad</strong></span> <span class='ocrx_word' id='word_1_47' title='bbox 1224 1434 1416 1496; x_wconf 88' lang='lat' dir='ltr'><strong>instanciam</strong></span> 
     </span>
     <span class='ocr_line' id='line_1_9' title="bbox 147 1542 719 1624; baseline 0 -19"><span class='ocrx_word' id='word_1_48' title='bbox 147 1542 272 1605; x_wconf 90' lang='lat' dir='ltr'><strong>Nicolai</strong></span> <span class='ocrx_word' id='word_1_49' title='bbox 297 1543 413 1604; x_wconf 90' lang='lat' dir='ltr'><strong>sutoris</strong></span> <span class='ocrx_word' id='word_1_50' title='bbox 437 1563 502 1604; x_wconf 93' lang='lat' dir='ltr'><strong>non</strong></span> <span class='ocrx_word' id='word_1_51' title='bbox 529 1543 719 1624; x_wconf 88' lang='lat' dir='ltr'><strong>comparuit.</strong></span> 
     </span>
    </p>

    <p class='ocr_par' dir='ltr' id='par_1_6' title="bbox 147 1647 1418 1836">
     <span class='ocr_line' id='line_1_10' title="bbox 254 1647 1418 1731; baseline -0.001 -21"><span class='ocrx_word' id='word_1_52' title='bbox 254 1648 330 1710; x_wconf 88' lang='lat' dir='ltr'><strong>Item</strong></span> <span class='ocrx_word' id='word_1_53' title='bbox 349 1649 462 1710; x_wconf 90' lang='lat' dir='ltr'><strong>eadem</strong></span> <span class='ocrx_word' id='word_1_54' title='bbox 479 1648 531 1710; x_wconf 90' lang='lat' dir='ltr'><strong>die</strong></span> <span class='ocrx_word' id='word_1_55' title='bbox 552 1650 630 1710; x_wconf 87' lang='lat' dir='ltr'><strong>lane</strong></span> <span class='ocrx_word' id='word_1_56' title='bbox 648 1649 824 1731; x_wconf 90' lang='lat' dir='ltr'><strong>pixidarius</strong></span> <span class='ocrx_word' id='word_1_57' title='bbox 841 1649 880 1709; x_wconf 93' lang='lat' dir='ltr'><strong>ad</strong></span> <span class='ocrx_word' id='word_1_58' title='bbox 900 1649 1088 1710; x_wconf 86' lang='lat' dir='ltr'><strong>instanciam</strong></span> <span class='ocrx_word' id='word_1_59' title='bbox 1107 1647 1271 1709; x_wconf 91' lang='lat' dir='ltr'><strong>Valentini</strong></span> <span class='ocrx_word' id='word_1_60' title='bbox 1290 1666 1418 1729; x_wconf 82' lang='lat' dir='ltr'><strong>pugnat</strong></span> 
     </span>
     <span class='ocr_line' id='line_1_11' title="bbox 147 1755 1189 1836; baseline -0.002 -18"><span class='ocrx_word' id='word_1_61' title='bbox 147 1755 291 1818; x_wconf 91' lang='lat' dir='ltr'><strong>secundo</strong></span> <span class='ocrx_word' id='word_1_62' title='bbox 315 1755 428 1817; x_wconf 90' lang='lat' dir='ltr'><strong>citatus</strong></span> <span class='ocrx_word' id='word_1_63' title='bbox 452 1775 517 1816; x_wconf 94' lang='lat' dir='ltr'><strong>non</strong></span> <span class='ocrx_word' id='word_1_64' title='bbox 543 1757 735 1836; x_wconf 91' lang='lat' dir='ltr'><strong>comparuit.</strong></span> <span class='ocrx_word' id='word_1_65' title='bbox 1185 1757 1189 1766; x_wconf 89' lang='lat'>&#39;</span> 
     </span>
    </p>
   </div>
   <div class='ocr_carea' id='block_1_4' title="bbox 320 1986 1231 2226">
    <p class='ocr_par' dir='ltr' id='par_1_7' title="bbox 320 1986 1231 2226">
     <span class='ocr_line' id='line_1_12' title="bbox 320 1986 1231 2066; baseline -0.002 -1"><span class='ocrx_word' id='word_1_66' title='bbox 320 1986 416 2065; x_wconf 81' lang='lat' dir='ltr'><strong>feria</strong></span> <span class='ocrx_word' id='word_1_67' title='bbox 444 2002 542 2066; x_wconf 87' lang='lat' dir='ltr'><strong>sexta</strong></span> <span class='ocrx_word' id='word_1_68' title='bbox 571 1997 604 2065; x_wconf 88' lang='lat' dir='ltr'><strong>in</strong></span> <span class='ocrx_word' id='word_1_69' title='bbox 634 1993 720 2064; x_wconf 84' lang='lat' dir='ltr'><strong>festo</strong></span> <span class='ocrx_word' id='word_1_70' title='bbox 749 1991 838 2064; x_wconf 90' lang='lat' dir='ltr'><strong>beati</strong></span> <span class='ocrx_word' id='word_1_71' title='bbox 867 1991 1036 2065; x_wconf 87' lang='lat' dir='ltr'><strong>Vincencii</strong></span> <span class='ocrx_word' id='word_1_72' title='bbox 1065 1992 1231 2066; x_wconf 85' lang='lat' dir='ltr'><strong>martiris.</strong></span> 
     </span>
     <span class='ocr_line' id='line_1_13' title="bbox 656 2151 899 2226; baseline 0.012 -20"><span class='ocrx_word' id='word_1_73' title='bbox 656 2152 720 2223; x_wconf 83' lang='lat'><strong>(22.</strong></span> <span class='ocrx_word' id='word_1_74' title='bbox 737 2151 899 2226; x_wconf 81' lang='lat' dir='ltr'><strong>junuarii).</strong></span> 
     </span>
    </p>
   </div>
   <div class='ocr_carea' id='block_1_5' title="bbox 150 2289 1432 5039">
    <p class='ocr_par' dir='ltr' id='par_1_8' title="bbox 151 2289 1419 2478">
     <span class='ocr_line' id='line_1_14' title="bbox 258 2289 1419 2373; baseline 0.002 -22"><span class='ocrx_word' id='word_1_75' title='bbox 258 2290 386 2351; x_wconf 90' lang='lat' dir='ltr'><strong>Domko</strong></span> <span class='ocrx_word' id='word_1_76' title='bbox 411 2304 499 2351; x_wconf 86' lang='lat' dir='ltr'><strong>sutor</strong></span> <span class='ocrx_word' id='word_1_77' title='bbox 524 2290 563 2350; x_wconf 94' lang='lat' dir='ltr'><strong>ad</strong></span> <span class='ocrx_word' id='word_1_78' title='bbox 590 2290 778 2350; x_wconf 89' lang='lat' dir='ltr'><strong>instanciam</strong></span> <span class='ocrx_word' id='word_1_79' title='bbox 812 2290 937 2351; x_wconf 89' lang='lat' dir='ltr'><strong>Nicolai</strong></span> <span class='ocrx_word' id='word_1_80' title='bbox 970 2289 1087 2351; x_wconf 90' lang='lat' dir='ltr'><strong>sutoris</strong></span> <span class='ocrx_word' id='word_1_81' title='bbox 1111 2292 1254 2352; x_wconf 89' lang='lat' dir='ltr'><strong>secundo</strong></span> <span class='ocrx_word' id='word_1_82' title='bbox 1279 2291 1419 2373; x_wconf 76' lang='lat' dir='ltr'><strong>(citatus)</strong></span> 
     </span>
     <span class='ocr_line' id='line_1_15' title="bbox 151 2397 433 2478; baseline 0.004 -20"><span class='ocrx_word' id='word_1_83' title='bbox 151 2417 215 2458; x_wconf 92' lang='lat' dir='ltr'><strong>non</strong></span> <span class='ocrx_word' id='word_1_84' title='bbox 243 2397 433 2478; x_wconf 87' lang='lat' dir='ltr'><strong>comparuit.</strong></span> 
     </span>
    </p>

    <p class='ocr_par' dir='ltr' id='par_1_9' title="bbox 150 2502 1420 2799">
     <span class='ocr_line' id='line_1_16' title="bbox 259 2502 1416 2586; baseline 0.003 -23"><span class='ocrx_word' id='word_1_85' title='bbox 259 2502 336 2564; x_wconf 82' lang='lat' dir='ltr'><strong>laem</strong></span> <span class='ocrx_word' id='word_1_86' title='bbox 355 2504 467 2564; x_wconf 91' lang='lat' dir='ltr'><strong>eadem</strong></span> <span class='ocrx_word' id='word_1_87' title='bbox 487 2504 538 2565; x_wconf 94' lang='lat' dir='ltr'><strong>die</strong></span> <span class='ocrx_word' id='word_1_88' title='bbox 557 2504 634 2564; x_wconf 91' lang='lat' dir='ltr'><strong>Jane</strong></span> <span class='ocrx_word' id='word_1_89' title='bbox 651 2503 827 2585; x_wconf 88' lang='lat' dir='ltr'><strong>pixidarius</strong></span> <span class='ocrx_word' id='word_1_90' title='bbox 844 2502 883 2563; x_wconf 90' lang='lat' dir='ltr'><strong>ad</strong></span> <span class='ocrx_word' id='word_1_91' title='bbox 902 2503 1090 2564; x_wconf 88' lang='lat' dir='ltr'><strong>instanciam</strong></span> <span class='ocrx_word' id='word_1_92' title='bbox 1109 2503 1272 2564; x_wconf 89' lang='lat' dir='ltr'><strong>Valentini</strong></span> <span class='ocrx_word' id='word_1_93' title='bbox 1289 2522 1416 2586; x_wconf 83' lang='lat' dir='ltr'><strong>pugnat</strong></span> 
     </span>
     <span class='ocr_line' id='line_1_17' title="bbox 151 2609 1420 2693; baseline 0.002 -22"><span class='ocrx_word' id='word_1_94' title='bbox 151 2609 252 2672; x_wconf 91' lang='lat' dir='ltr'><strong>tercio</strong></span> <span class='ocrx_word' id='word_1_95' title='bbox 277 2610 401 2688; x_wconf 87' lang='lat' dir='ltr'><strong>citatus,</strong></span> <span class='ocrx_word' id='word_1_96' title='bbox 427 2610 481 2670; x_wconf 90' lang='lat' dir='ltr'><strong>scd</strong></span> <span class='ocrx_word' id='word_1_97' title='bbox 507 2624 637 2691; x_wconf 90' lang='lat' dir='ltr'><strong>propter</strong></span> <span class='ocrx_word' id='word_1_98' title='bbox 661 2610 843 2671; x_wconf 88' lang='lat' dir='ltr'><strong>absenciam</strong></span> <span class='ocrx_word' id='word_1_99' title='bbox 862 2610 991 2671; x_wconf 88' lang='lat' dir='ltr'><strong>testium</strong></span> <span class='ocrx_word' id='word_1_100' title='bbox 1017 2609 1113 2690; x_wconf 83' lang='lat' dir='ltr'><strong>judex</strong></span> <span class='ocrx_word' id='word_1_101' title='bbox 1131 2610 1255 2671; x_wconf 86' lang='lat' dir='ltr'><strong>distulit</strong></span> <span class='ocrx_word' id='word_1_102' title='bbox 1278 2610 1319 2671; x_wconf 89' lang='lat' dir='ltr'><strong>ad</strong></span> <span class='ocrx_word' id='word_1_103' title='bbox 1346 2630 1420 2693; x_wconf 93' lang='lat' dir='ltr'><strong>pro·</strong></span> 
     </span>
     <span class='ocr_line' id='line_1_18' title="bbox 150 2716 1324 2799; baseline 0.001 -20"><span class='ocrx_word' id='word_1_104' title='bbox 150 2718 270 2779; x_wconf 83' lang='lat' dir='ltr'><strong>ximam</strong></span> <span class='ocrx_word' id='word_1_105' title='bbox 295 2716 463 2796; x_wconf 91' lang='lat' dir='ltr'><strong>juridicam</strong></span> <span class='ocrx_word' id='word_1_106' title='bbox 491 2717 587 2778; x_wconf 90' lang='lat' dir='ltr'><strong>diem.</strong></span> <span class='ocrx_word' id='word_1_107' title='bbox 1313 2773 1324 2799; x_wconf 68' lang='lat'><strong>,</strong></span> 
     </span>
    </p>

    <p class='ocr_par' dir='ltr' id='par_1_10' title="bbox 152 2822 1422 3100">
     <span class='ocr_line' id='line_1_19' title="bbox 260 2822 1419 2905; baseline 0.001 -21"><span class='ocrx_word' id='word_1_108' title='bbox 260 2823 336 2884; x_wconf 93' lang='lat' dir='ltr'><strong>ltem</strong></span> <span class='ocrx_word' id='word_1_109' title='bbox 370 2824 482 2884; x_wconf 92' lang='lat' dir='ltr'><strong>eadem</strong></span> <span class='ocrx_word' id='word_1_110' title='bbox 517 2823 567 2883; x_wconf 91' lang='lat' dir='ltr'><strong>die</strong></span> <span class='ocrx_word' id='word_1_111' title='bbox 597 2823 726 2883; x_wconf 89' lang='lat' dir='ltr'><strong>Andree</strong></span> <span class='ocrx_word' id='word_1_112' title='bbox 760 2823 901 2905; x_wconf 87' lang='lat' dir='ltr'><strong>Dewyak</strong></span> <span class='ocrx_word' id='word_1_113' title='bbox 934 2837 1044 2884; x_wconf 89' lang='lat' dir='ltr'><strong>contra</strong></span> <span class='ocrx_word' id='word_1_114' title='bbox 1077 2822 1206 2885; x_wconf 88' lang='lat' dir='ltr'><strong>Petrum</strong></span> <span class='ocrx_word' id='word_1_115' title='bbox 1233 2825 1343 2885; x_wconf 87' lang='lat' dir='ltr'><strong>Benak</strong></span> <span class='ocrx_word' id='word_1_116' title='bbox 1377 2824 1419 2885; x_wconf 91' lang='lat' dir='ltr'><strong>ad</strong></span> 
     </span>
     <span class='ocr_line' id='line_1_20' title="bbox 152 2929 1422 3014; baseline 0.001 -21"><span class='ocrx_word' id='word_1_117' title='bbox 152 2931 398 3014; x_wconf 90' lang='lat' dir='ltr'><strong>producendum</strong></span> <span class='ocrx_word' id='word_1_118' title='bbox 424 2945 518 2992; x_wconf 85' lang='lat' dir='ltr'><strong>testes</strong></span> <span class='ocrx_word' id='word_1_119' title='bbox 544 2931 583 2992; x_wconf 93' lang='lat' dir='ltr'><strong>ad</strong></span> <span class='ocrx_word' id='word_1_120' title='bbox 609 2929 720 2991; x_wconf 89' lang='lat' dir='ltr'><strong>feriam</strong></span> <span class='ocrx_word' id='word_1_121' title='bbox 749 2932 879 2992; x_wconf 86' lang='lat' dir='ltr'><strong>terciam</strong></span> <span class='ocrx_word' id='word_1_122' title='bbox 899 2931 1044 3012; x_wconf 83' lang='lat' dir='ltr'><strong>proxime</strong></span> <span class='ocrx_word' id='word_1_123' title='bbox 1069 2944 1237 2993; x_wconf 89' lang='lat' dir='ltr'><strong>venturam</strong></span> <span class='ocrx_word' id='word_1_124' title='bbox 1262 2930 1358 2994; x_wconf 89' lang='lat' dir='ltr'><strong>datus</strong></span> <span class='ocrx_word' id='word_1_125' title='bbox 1375 2946 1422 2994; x_wconf 89' lang='lat' dir='ltr'><strong>est</strong></span> 
     </span>
     <span class='ocr_line' id='line_1_21' title="bbox 152 3039 319 3100; baseline -0.006 0"><span class='ocrx_word' id='word_1_126' title='bbox 152 3039 319 3100; x_wconf 90' lang='lat' dir='ltr'><strong>terminus.</strong></span> 
     </span>
    </p>

    <p class='ocr_par' dir='ltr' id='par_1_11' title="bbox 153 3143 1425 3757">
     <span class='ocr_line' id='line_1_22' title="bbox 265 3143 1422 3207; baseline 0.001 -2"><span class='ocrx_word' id='word_1_127' title='bbox 265 3144 341 3205; x_wconf 89' lang='lat' dir='ltr'><strong>Item</strong></span> <span class='ocrx_word' id='word_1_128' title='bbox 368 3144 481 3206; x_wconf 91' lang='lat' dir='ltr'><strong>eadem</strong></span> <span class='ocrx_word' id='word_1_129' title='bbox 507 3144 559 3205; x_wconf 86' lang='lat' dir='ltr'><strong>die</strong></span> <span class='ocrx_word' id='word_1_130' title='bbox 584 3145 616 3205; x_wconf 95' lang='lat' dir='ltr'><strong>in</strong></span> <span class='ocrx_word' id='word_1_131' title='bbox 646 3163 739 3205; x_wconf 91' lang='lat' dir='ltr'><strong>causa</strong></span> <span class='ocrx_word' id='word_1_132' title='bbox 773 3144 854 3205; x_wconf 91' lang='lat' dir='ltr'><strong>inter</strong></span> <span class='ocrx_word' id='word_1_133' title='bbox 879 3143 1041 3205; x_wconf 87' lang='lat' dir='ltr'><strong>Thomam</strong></span> <span class='ocrx_word' id='word_1_134' title='bbox 1076 3156 1108 3207; x_wconf 86' lang='lat' dir='ltr'><strong>at</strong></span> <span class='ocrx_word' id='word_1_135' title='bbox 1132 3143 1344 3205; x_wconf 87' lang='lat' dir='ltr'><strong>Mathkonem</strong></span> <span class='ocrx_word' id='word_1_136' title='bbox 1369 3164 1422 3206; x_wconf 91' lang='lat' dir='ltr'><strong>co·</strong></span> 
     </span>
     <span class='ocr_line' id='line_1_23' title="bbox 153 3248 1423 3332; baseline 0.002 -20"><span class='ocrx_word' id='word_1_137' title='bbox 153 3251 247 3312; x_wconf 93' lang='lat' dir='ltr'><strong>lonos</strong></span> <span class='ocrx_word' id='word_1_138' title='bbox 271 3251 310 3311; x_wconf 89' lang='lat' dir='ltr'><strong>de</strong></span> <span class='ocrx_word' id='word_1_139' title='bbox 345 3250 532 3329; x_wconf 90' lang='lat' dir='ltr'><strong>Gracchan,</strong></span> <span class='ocrx_word' id='word_1_140' title='bbox 563 3252 638 3332; x_wconf 91' lang='lat' dir='ltr'><strong>quia</strong></span> <span class='ocrx_word' id='word_1_141' title='bbox 671 3248 811 3332; x_wconf 85' lang='lat' dir='ltr'><strong>prefatus</strong></span> <span class='ocrx_word' id='word_1_142' title='bbox 843 3250 989 3311; x_wconf 88' lang='lat' dir='ltr'><strong>Thomas</strong></span> <span class='ocrx_word' id='word_1_143' title='bbox 1021 3250 1230 3311; x_wconf 87' lang='lat' dir='ltr'><strong>Mathkonem</strong></span> <span class='ocrx_word' id='word_1_144' title='bbox 1262 3251 1423 3330; x_wconf 89' lang='lat' dir='ltr'><strong>vulnerat,</strong></span> 
     </span>
     <span class='ocr_line' id='line_1_24' title="bbox 155 3356 1424 3439; baseline 0.001 -21"><span class='ocrx_word' id='word_1_145' title='bbox 155 3358 223 3438; x_wconf 89' lang='lat' dir='ltr'><strong>ipse</strong></span> <span class='ocrx_word' id='word_1_146' title='bbox 249 3372 355 3417; x_wconf 84' lang='lat' dir='ltr'><strong>tamen</strong></span> <span class='ocrx_word' id='word_1_147' title='bbox 383 3357 515 3418; x_wconf 86' lang='lat' dir='ltr'><strong>Mathfro</strong></span> <span class='ocrx_word' id='word_1_148' title='bbox 541 3358 628 3439; x_wconf 92' lang='lat' dir='ltr'><strong>prius</strong></span> <span class='ocrx_word' id='word_1_149' title='bbox 652 3358 684 3418; x_wconf 95' lang='lat' dir='ltr'><strong>in</strong></span> <span class='ocrx_word' id='word_1_150' title='bbox 709 3358 848 3418; x_wconf 88' lang='lat' dir='ltr'><strong>eundern</strong></span> <span class='ocrx_word' id='word_1_151' title='bbox 877 3357 1022 3434; x_wconf 90' lang='lat' dir='ltr'><strong>irruerat,</strong></span> <span class='ocrx_word' id='word_1_152' title='bbox 1047 3356 1140 3435; x_wconf 76' lang='lat' dir='ltr'><strong>jurati</strong></span> <span class='ocrx_word' id='word_1_153' title='bbox 1165 3356 1270 3417; x_wconf 89' lang='lat' dir='ltr'><strong>taliter</strong></span> <span class='ocrx_word' id='word_1_154' title='bbox 1295 3357 1424 3436; x_wconf 87' lang='lat' dir='ltr'><strong>adjudi-</strong></span> 
     </span>
     <span class='ocr_line' id='line_1_25' title="bbox 155 3462 1423 3544; baseline 0.002 -21"><span class='ocrx_word' id='word_1_155' title='bbox 155 3477 278 3539; x_wconf 88' lang='lat' dir='ltr'><strong>carunt,</strong></span> <span class='ocrx_word' id='word_1_156' title='bbox 314 3477 348 3523; x_wconf 93' lang='lat' dir='ltr'><strong>ut</strong></span> <span class='ocrx_word' id='word_1_157' title='bbox 374 3463 520 3524; x_wconf 87' lang='lat' dir='ltr'><strong>Thomas</strong></span> <span class='ocrx_word' id='word_1_158' title='bbox 556 3464 683 3524; x_wconf 89' lang='lat' dir='ltr'><strong>medico</strong></span> <span class='ocrx_word' id='word_1_159' title='bbox 715 3464 772 3524; x_wconf 90' lang='lat' dir='ltr'><strong>lesi</strong></span> <span class='ocrx_word' id='word_1_160' title='bbox 806 3462 977 3524; x_wconf 81' lang='lat' dir='ltr'><strong>satisfaciat</strong></span> <span class='ocrx_word' id='word_1_161' title='bbox 1009 3477 1039 3524; x_wconf 92' lang='lat' dir='ltr'><strong>et</strong></span> <span class='ocrx_word' id='word_1_162' title='bbox 1072 3462 1169 3543; x_wconf 91' lang='lat' dir='ltr'><strong>judici</strong></span> <span class='ocrx_word' id='word_1_163' title='bbox 1201 3482 1275 3524; x_wconf 87' lang='lat' dir='ltr'><strong>curn</strong></span> <span class='ocrx_word' id='word_1_164' title='bbox 1309 3463 1423 3544; x_wconf 87' lang='lat' dir='ltr'><strong>juratis</strong></span> 
     </span>
     <span class='ocr_line' id='line_1_26' title="bbox 154 3568 1425 3652; baseline 0.002 -23"><span class='ocrx_word' id='word_1_165' title='bbox 154 3570 299 3650; x_wconf 91' lang='lat' dir='ltr'><strong>quinque</strong></span> <span class='ocrx_word' id='word_1_166' title='bbox 318 3589 444 3650; x_wconf 91' lang='lat' dir='ltr'><strong>pensas,</strong></span> <span class='ocrx_word' id='word_1_167' title='bbox 470 3570 586 3630; x_wconf 90' lang='lat' dir='ltr'><strong>vulnus</strong></span> <span class='ocrx_word' id='word_1_168' title='bbox 611 3568 689 3631; x_wconf 92' lang='lat' dir='ltr'><strong>ferat</strong></span> <span class='ocrx_word' id='word_1_169' title='bbox 707 3571 773 3651; x_wconf 90' lang='lat' dir='ltr'><strong>ipse</strong></span> <span class='ocrx_word' id='word_1_170' title='bbox 797 3570 929 3630; x_wconf 85' lang='lat' dir='ltr'><strong>Mathko</strong></span> <span class='ocrx_word' id='word_1_171' title='bbox 948 3570 1022 3649; x_wconf 91' lang='lat' dir='ltr'><strong>quia</strong></span> <span class='ocrx_word' id='word_1_172' title='bbox 1048 3570 1113 3650; x_wconf 89' lang='lat' dir='ltr'><strong>ipse</strong></span> <span class='ocrx_word' id='word_1_173' title='bbox 1138 3568 1198 3630; x_wconf 92' lang='lat' dir='ltr'><strong>fuit</strong></span> <span class='ocrx_word' id='word_1_174' title='bbox 1215 3588 1310 3630; x_wconf 88' lang='lat' dir='ltr'><strong>causa</strong></span> <span class='ocrx_word' id='word_1_175' title='bbox 1328 3584 1425 3652; x_wconf 91' lang='lat' dir='ltr'><strong>prout</strong></span> 
     </span>
     <span class='ocr_line' id='line_1_27' title="bbox 156 3673 1386 3757; baseline 0.003 -22"><span class='ocrx_word' id='word_1_176' title='bbox 156 3689 249 3736; x_wconf 88' lang='lat' dir='ltr'><strong>testes</strong></span> <span class='ocrx_word' id='word_1_177' title='bbox 274 3673 348 3736; x_wconf 89' lang='lat' dir='ltr'><strong>fassi</strong></span> <span class='ocrx_word' id='word_1_178' title='bbox 375 3689 466 3751; x_wconf 81' lang='lat' dir='ltr'><strong>sunt3</strong></span> <span class='ocrx_word' id='word_1_179' title='bbox 491 3675 633 3757; x_wconf 88' lang='lat' dir='ltr'><strong>prefatus</strong></span> <span class='ocrx_word' id='word_1_180' title='bbox 658 3676 789 3737; x_wconf 87' lang='lat' dir='ltr'><strong>Mathko</strong></span> <span class='ocrx_word' id='word_1_181' title='bbox 815 3676 854 3736; x_wconf 91' lang='lat' dir='ltr'><strong>ad</strong></span> <span class='ocrx_word' id='word_1_182' title='bbox 883 3675 1005 3755; x_wconf 85' lang='lat' dir='ltr'><strong>judices</strong></span> <span class='ocrx_word' id='word_1_183' title='bbox 1030 3677 1173 3736; x_wconf 89' lang='lat' dir='ltr'><strong>seniores</strong></span> <span class='ocrx_word' id='word_1_184' title='bbox 1197 3674 1386 3757; x_wconf 88' lang='lat' dir='ltr'><strong>appellavit.</strong></span> 
     </span>
    </p>

    <p class='ocr_par' dir='ltr' id='par_1_12' title="bbox 155 3780 1432 5039">
     <span class='ocr_line' id='line_1_28' title="bbox 264 3780 1430 3868; baseline 0.003 -27"><span class='ocrx_word' id='word_1_185' title='bbox 264 3781 385 3842; x_wconf 89' lang='lat' dir='ltr'><strong>Eadem</strong></span> <span class='ocrx_word' id='word_1_186' title='bbox 400 3782 451 3842; x_wconf 90' lang='lat' dir='ltr'><strong>die</strong></span> <span class='ocrx_word' id='word_1_187' title='bbox 468 3783 499 3843; x_wconf 90' lang='lat' dir='ltr'><strong>in</strong></span> <span class='ocrx_word' id='word_1_188' title='bbox 514 3803 608 3844; x_wconf 90' lang='lat' dir='ltr'><strong>causa</strong></span> <span class='ocrx_word' id='word_1_189' title='bbox 627 3785 707 3843; x_wconf 90' lang='lat' dir='ltr'><strong>inter</strong></span> <span class='ocrx_word' id='word_1_190' title='bbox 721 3780 929 3843; x_wconf 70' lang='lat' dir='ltr'><strong>Valentinum</strong></span> <span class='ocrx_word' id='word_1_191' title='bbox 948 3796 1116 3862; x_wconf 84' lang='lat' dir='ltr'><strong>pugnaret</strong></span> <span class='ocrx_word' id='word_1_192' title='bbox 1132 3782 1284 3842; x_wconf 91' lang='lat' dir='ltr'><strong>Marcum</strong></span> <span class='ocrx_word' id='word_1_193' title='bbox 1306 3782 1430 3868; x_wconf 80' lang='lat' dir='ltr'><strong>Posgay</strong></span> 
     </span>
     <span class='ocr_line' id='line_1_29' title="bbox 155 3887 1431 3972; baseline 0.003 -25"><span class='ocrx_word' id='word_1_194' title='bbox 155 3901 191 3948; x_wconf 88' lang='lat' dir='ltr'><strong>ut</strong></span> <span class='ocrx_word' id='word_1_195' title='bbox 216 3888 247 3948; x_wconf 91' lang='lat' dir='ltr'><strong>in</strong></span> <span class='ocrx_word' id='word_1_196' title='bbox 272 3908 400 3948; x_wconf 87' lang='lat' dir='ltr'><strong>causam</strong></span> <span class='ocrx_word' id='word_1_197' title='bbox 421 3903 595 3951; x_wconf 88' lang='lat' dir='ltr'><strong>attractum</strong></span> <span class='ocrx_word' id='word_1_198' title='bbox 622 3890 653 3949; x_wconf 92' lang='lat' dir='ltr'><strong>in</strong></span> <span class='ocrx_word' id='word_1_199' title='bbox 672 3909 711 3950; x_wconf 92' lang='lat' dir='ltr'><strong>eo</strong></span> <span class='ocrx_word' id='word_1_200' title='bbox 736 3889 897 3967; x_wconf 89' lang='lat' dir='ltr'><strong>videficet,</strong></span> <span class='ocrx_word' id='word_1_201' title='bbox 916 3889 971 3949; x_wconf 91' lang='lat' dir='ltr'><strong>ubi</strong></span> <span class='ocrx_word' id='word_1_202' title='bbox 989 3887 1130 3971; x_wconf 88' lang='lat' dir='ltr'><strong>prefatus</strong></span> <span class='ocrx_word' id='word_1_203' title='bbox 1152 3888 1345 3951; x_wconf 91' lang='lat' dir='ltr'><strong>Valentinus</strong></span> <span class='ocrx_word' id='word_1_204' title='bbox 1358 3908 1431 3972; x_wconf 93' lang='lat' dir='ltr'><strong>pro·</strong></span> 
     </span>
     <span class='ocr_line' id='line_1_30' title="bbox 155 3994 1432 4077; baseline 0.004 -24"><span class='ocrx_word' id='word_1_205' title='bbox 155 3994 298 4075; x_wconf 87' lang='lat' dir='ltr'><strong>ponebat</strong></span> <span class='ocrx_word' id='word_1_206' title='bbox 322 3994 477 4056; x_wconf 90' lang='lat' dir='ltr'><strong>adversus</strong></span> <span class='ocrx_word' id='word_1_207' title='bbox 503 3996 661 4072; x_wconf 90' lang='lat' dir='ltr'><strong>Marcum,</strong></span> <span class='ocrx_word' id='word_1_208' title='bbox 694 3995 880 4077; x_wconf 92' lang='lat' dir='ltr'><strong>quodcum</strong></span> <span class='ocrx_word' id='word_1_209' title='bbox 915 3995 1100 4076; x_wconf 82' lang='lat' dir='ltr'><strong>ecquando</strong></span> <span class='ocrx_word' id='word_1_210' title='bbox 1137 3994 1279 4076; x_wconf 85' lang='lat' dir='ltr'><strong>prefatus</strong></span> <span class='ocrx_word' id='word_1_211' title='bbox 1303 3996 1432 4058; x_wconf 88' lang='lat' dir='ltr'><strong>Marcus</strong></span> 
     </span>
     <span class='ocr_line' id='line_1_31' title="bbox 155 4098 1430 4184; baseline 0.004 -24"><span class='ocrx_word' id='word_1_212' title='bbox 155 4098 267 4161; x_wconf 89' lang='lat' dir='ltr'><strong>fuisset</strong></span> <span class='ocrx_word' id='word_1_213' title='bbox 299 4101 492 4162; x_wconf 88' lang='lat' dir='ltr'><strong>castellanus</strong></span> <span class='ocrx_word' id='word_1_214' title='bbox 525 4103 617 4163; x_wconf 87' lang='lat' dir='ltr'><strong>castri</strong></span> <span class='ocrx_word' id='word_1_215' title='bbox 655 4101 780 4184; x_wconf 86' lang='lat' dir='ltr'><strong>Okych,</strong></span> <span class='ocrx_word' id='word_1_216' title='bbox 812 4118 887 4162; x_wconf 84' lang='lat' dir='ltr'><strong>tunc</strong></span> <span class='ocrx_word' id='word_1_217' title='bbox 920 4116 1106 4184; x_wconf 89' lang='lat' dir='ltr'><strong>prenotatus</strong></span> <span class='ocrx_word' id='word_1_218' title='bbox 1140 4102 1333 4163; x_wconf 85' lang='lat' dir='ltr'><strong>Valentinus</strong></span> <span class='ocrx_word' id='word_1_219' title='bbox 1356 4123 1430 4165; x_wconf 91' lang='lat' dir='ltr'><strong>cum</strong></span> 
     </span>
     <span class='ocr_line' id='line_1_32' title="bbox 156 4206 1428 4290; baseline 0.004 -24"><span class='ocrx_word' id='word_1_220' title='bbox 156 4206 229 4267; x_wconf 90' lang='lat' dir='ltr'><strong>aliis</strong></span> <span class='ocrx_word' id='word_1_221' title='bbox 253 4208 345 4268; x_wconf 90' lang='lat' dir='ltr'><strong>certis</strong></span> <span class='ocrx_word' id='word_1_222' title='bbox 369 4209 559 4269; x_wconf 90' lang='lat' dir='ltr'><strong>concivibus</strong></span> <span class='ocrx_word' id='word_1_223' title='bbox 577 4208 692 4268; x_wconf 90' lang='lat' dir='ltr'><strong>nostris</strong></span> <span class='ocrx_word' id='word_1_224' title='bbox 716 4228 772 4289; x_wconf 92' lang='lat' dir='ltr'><strong>per</strong></span> <span class='ocrx_word' id='word_1_225' title='bbox 788 4223 897 4269; x_wconf 87' lang='lat' dir='ltr'><strong>tenuta</strong></span> <span class='ocrx_word' id='word_1_226' title='bbox 923 4223 953 4270; x_wconf 94' lang='lat' dir='ltr'><strong>et</strong></span> <span class='ocrx_word' id='word_1_227' title='bbox 975 4209 1210 4290; x_wconf 87' lang='lat' dir='ltr'><strong>possessionem</strong></span> <span class='ocrx_word' id='word_1_228' title='bbox 1238 4208 1316 4270; x_wconf 92' lang='lat' dir='ltr'><strong>dicti</strong></span> <span class='ocrx_word' id='word_1_229' title='bbox 1334 4209 1428 4271; x_wconf 90' lang='lat' dir='ltr'><strong>castri</strong></span> 
     </span>
     <span class='ocr_line' id='line_1_33' title="bbox 156 4314 1431 4397; baseline 0.007 -26"><span class='ocrx_word' id='word_1_230' title='bbox 156 4332 265 4372; x_wconf 90' lang='lat' dir='ltr'><strong>versus</strong></span> <span class='ocrx_word' id='word_1_231' title='bbox 289 4328 434 4374; x_wconf 91' lang='lat' dir='ltr'><strong>sanctum</strong></span> <span class='ocrx_word' id='word_1_232' title='bbox 462 4314 670 4375; x_wconf 88' lang='lat' dir='ltr'><strong>Leonardum</strong></span> <span class='ocrx_word' id='word_1_233' title='bbox 703 4315 761 4375; x_wconf 87' lang='lat' dir='ltr'><strong>iter</strong></span> <span class='ocrx_word' id='word_1_234' title='bbox 797 4314 954 4392; x_wconf 84' lang='lat' dir='ltr'><strong>fecissent,</strong></span> <span class='ocrx_word' id='word_1_235' title='bbox 988 4316 1219 4397; x_wconf 89' lang='lat' dir='ltr'><strong>venissentque</strong></span> <span class='ocrx_word' id='word_1_236' title='bbox 1252 4316 1293 4377; x_wconf 93' lang='lat' dir='ltr'><strong>ad</strong></span> <span class='ocrx_word' id='word_1_237' title='bbox 1325 4315 1431 4380; x_wconf 91' lang='lat' dir='ltr'><strong>thelo-</strong></span> 
     </span>
     <span class='ocr_line' id='line_1_34' title="bbox 156 4419 1426 4502; baseline 0.005 -24"><span class='ocrx_word' id='word_1_238' title='bbox 156 4419 245 4479; x_wconf 92' lang='lat' dir='ltr'><strong>nium</strong></span> <span class='ocrx_word' id='word_1_239' title='bbox 271 4421 329 4479; x_wconf 92' lang='lat' dir='ltr'><strong>sub</strong></span> <span class='ocrx_word' id='word_1_240' title='bbox 360 4421 480 4481; x_wconf 90' lang='lat' dir='ltr'><strong>tenutis</strong></span> <span class='ocrx_word' id='word_1_241' title='bbox 505 4420 581 4481; x_wconf 87' lang='lat' dir='ltr'><strong>dicti</strong></span> <span class='ocrx_word' id='word_1_242' title='bbox 614 4421 705 4482; x_wconf 87' lang='lat' dir='ltr'><strong>castri</strong></span> <span class='ocrx_word' id='word_1_243' title='bbox 738 4423 967 4499; x_wconf 90' lang='lat' dir='ltr'><strong>constitutum,</strong></span> <span class='ocrx_word' id='word_1_244' title='bbox 1000 4420 1251 4502; x_wconf 88' lang='lat' dir='ltr'><strong>theleneumque</strong></span> <span class='ocrx_word' id='word_1_245' title='bbox 1284 4422 1361 4484; x_wconf 90' lang='lat' dir='ltr'><strong>licet</strong></span> <span class='ocrx_word' id='word_1_246' title='bbox 1385 4423 1426 4484; x_wconf 87' lang='lat' dir='ltr'><strong>de</strong></span> 
     </span>
     <span class='ocr_line' id='line_1_35' title="bbox 157 4524 1432 4609; baseline 0.005 -24"><span class='ocrx_word' id='word_1_247' title='bbox 157 4524 303 4586; x_wconf 88' lang='lat' dir='ltr'><strong>libertate</strong></span> <span class='ocrx_word' id='word_1_248' title='bbox 328 4540 436 4588; x_wconf 92' lang='lat' dir='ltr'><strong>nostre</strong></span> <span class='ocrx_word' id='word_1_249' title='bbox 462 4527 598 4588; x_wconf 88' lang='lat' dir='ltr'><strong>civitatis</strong></span> <span class='ocrx_word' id='word_1_250' title='bbox 623 4547 689 4589; x_wconf 95' lang='lat' dir='ltr'><strong>non</strong></span> <span class='ocrx_word' id='word_1_251' title='bbox 706 4529 897 4588; x_wconf 88' lang='lat' dir='ltr'><strong>tenebantur</strong></span> <span class='ocrx_word' id='word_1_252' title='bbox 914 4529 1049 4606; x_wconf 90' lang='lat' dir='ltr'><strong>solvere,</strong></span> <span class='ocrx_word' id='word_1_253' title='bbox 1076 4525 1215 4609; x_wconf 83' lang='lat' dir='ltr'><strong>perfecte</strong></span> <span class='ocrx_word' id='word_1_254' title='bbox 1244 4528 1432 4609; x_wconf 83' lang='lat' dir='ltr'><strong>solvissent,</strong></span> 
     </span>
     <span class='ocr_line' id='line_1_36' title="bbox 160 4631 1431 4716; baseline 0.006 -25"><span class='ocrx_word' id='word_1_255' title='bbox 160 4631 218 4692; x_wconf 87' lang='lat' dir='ltr'><strong>iter</strong></span> <span class='ocrx_word' id='word_1_256' title='bbox 242 4633 372 4692; x_wconf 90' lang='lat' dir='ltr'><strong>tandem</strong></span> <span class='ocrx_word' id='word_1_257' title='bbox 397 4654 489 4694; x_wconf 90' lang='lat' dir='ltr'><strong>suurn</strong></span> <span class='ocrx_word' id='word_1_258' title='bbox 517 4636 668 4716; x_wconf 89' lang='lat' dir='ltr'><strong>prosequi</strong></span> <span class='ocrx_word' id='word_1_259' title='bbox 688 4635 856 4715; x_wconf 86' lang='lat' dir='ltr'><strong>cepissent,</strong></span> <span class='ocrx_word' id='word_1_260' title='bbox 881 4649 956 4694; x_wconf 88' lang='lat' dir='ltr'><strong>tunc</strong></span> <span class='ocrx_word' id='word_1_261' title='bbox 982 4635 1013 4694; x_wconf 91' lang='lat' dir='ltr'><strong>in</strong></span> <span class='ocrx_word' id='word_1_262' title='bbox 1039 4635 1089 4695; x_wconf 89' lang='lat' dir='ltr'><strong>via</strong></span> <span class='ocrx_word' id='word_1_263' title='bbox 1115 4635 1245 4715; x_wconf 90' lang='lat' dir='ltr'><strong>publica</strong></span> <span class='ocrx_word' id='word_1_264' title='bbox 1272 4649 1304 4697; x_wconf 91' lang='lat' dir='ltr'><strong>et</strong></span> <span class='ocrx_word' id='word_1_265' title='bbox 1328 4636 1431 4698; x_wconf 88' lang='lat' dir='ltr'><strong>libera</strong></span> 
     </span>
     <span class='ocr_line' id='line_1_37' title="bbox 158 4738 1432 4823; baseline 0.007 -26"><span class='ocrx_word' id='word_1_266' title='bbox 158 4738 264 4798; x_wconf 91' lang='lat' dir='ltr'><strong>coloni</strong></span> <span class='ocrx_word' id='word_1_267' title='bbox 290 4753 320 4800; x_wconf 92' lang='lat' dir='ltr'><strong>et</strong></span> <span class='ocrx_word' id='word_1_268' title='bbox 352 4738 526 4800; x_wconf 89' lang='lat' dir='ltr'><strong>familiares</strong></span> <span class='ocrx_word' id='word_1_269' title='bbox 558 4741 700 4800; x_wconf 85' lang='lat' dir='ltr'><strong>ciusdem</strong></span> <span class='ocrx_word' id='word_1_270' title='bbox 735 4760 773 4801; x_wconf 87' lang='lat' dir='ltr'><strong>ex</strong></span> <span class='ocrx_word' id='word_1_271' title='bbox 805 4741 891 4802; x_wconf 90' lang='lat' dir='ltr'><strong>dicto</strong></span> <span class='ocrx_word' id='word_1_272' title='bbox 916 4756 1030 4818; x_wconf 89' lang='lat' dir='ltr'><strong>castro,</strong></span> <span class='ocrx_word' id='word_1_273' title='bbox 1064 4755 1099 4803; x_wconf 93' lang='lat' dir='ltr'><strong>ut</strong></span> <span class='ocrx_word' id='word_1_274' title='bbox 1134 4743 1201 4823; x_wconf 85' lang='lat' dir='ltr'><strong>ipse</strong></span> <span class='ocrx_word' id='word_1_275' title='bbox 1227 4741 1366 4821; x_wconf 88' lang='lat' dir='ltr'><strong>dicebat,</strong></span> <span class='ocrx_word' id='word_1_276' title='bbox 1391 4744 1432 4806; x_wconf 81' lang='lat' dir='ltr'><strong>de</strong></span> 
     </span>
     <span class='ocr_line' id='line_1_38' title="bbox 158 4845 1432 4930; baseline 0.006 -26"><span class='ocrx_word' id='word_1_277' title='bbox 158 4845 323 4906; x_wconf 90' lang='lat' dir='ltr'><strong>voluntate</strong></span> <span class='ocrx_word' id='word_1_278' title='bbox 349 4862 379 4907; x_wconf 93' lang='lat' dir='ltr'><strong>et</strong></span> <span class='ocrx_word' id='word_1_279' title='bbox 404 4866 562 4908; x_wconf 89' lang='lat' dir='ltr'><strong>consensu</strong></span> <span class='ocrx_word' id='word_1_280' title='bbox 588 4847 686 4926; x_wconf 87' lang='lat' dir='ltr'><strong>ipsius</strong></span> <span class='ocrx_word' id='word_1_281' title='bbox 712 4848 809 4907; x_wconf 87' lang='lat' dir='ltr'><strong>Marci</strong></span> <span class='ocrx_word' id='word_1_282' title='bbox 838 4849 961 4930; x_wconf 82' lang='lat' dir='ltr'><strong>Posgay</strong></span> <span class='ocrx_word' id='word_1_283' title='bbox 991 4849 1021 4907; x_wconf 92' lang='lat' dir='ltr'><strong>in</strong></span> <span class='ocrx_word' id='word_1_284' title='bbox 1048 4849 1178 4909; x_wconf 90' lang='lat' dir='ltr'><strong>eosdem</strong></span> <span class='ocrx_word' id='word_1_285' title='bbox 1209 4847 1378 4912; x_wconf 86' lang='lat' dir='ltr'><strong>irruissent</strong></span> <span class='ocrx_word' id='word_1_286' title='bbox 1401 4864 1432 4912; x_wconf 91' lang='lat' dir='ltr'><strong>et</strong></span> 
     </span>
     <span class='ocr_line' id='line_1_39' title="bbox 159 4952 1429 5039; baseline 0.005 -28"><span class='ocrx_word' id='word_1_287' title='bbox 159 4970 207 5012; x_wconf 90' lang='lat' dir='ltr'><strong>res</strong></span> <span class='ocrx_word' id='word_1_288' title='bbox 232 4968 332 5014; x_wconf 90' lang='lat' dir='ltr'><strong>certas</strong></span> <span class='ocrx_word' id='word_1_289' title='bbox 357 4973 436 5033; x_wconf 87' lang='lat' dir='ltr'><strong>quas</strong></span> <span class='ocrx_word' id='word_1_290' title='bbox 460 4973 566 5014; x_wconf 89' lang='lat' dir='ltr'><strong>secum</strong></span> <span class='ocrx_word' id='word_1_291' title='bbox 594 4952 738 5015; x_wconf 87' lang='lat' dir='ltr'><strong>ferebant</strong></span> <span class='ocrx_word' id='word_1_292' title='bbox 756 4955 795 5013; x_wconf 89' lang='lat' dir='ltr'><strong>ab</strong></span> <span class='ocrx_word' id='word_1_293' title='bbox 820 4956 940 5015; x_wconf 87' lang='lat' dir='ltr'><strong>eisdem</strong></span> <span class='ocrx_word' id='word_1_294' title='bbox 958 4956 1174 5033; x_wconf 85' lang='lat' dir='ltr'><strong>abstulissent,</strong></span> <span class='ocrx_word' id='word_1_295' title='bbox 1199 4974 1340 5037; x_wconf 88' lang='lat' dir='ltr'><strong>cumque</strong></span> <span class='ocrx_word' id='word_1_296' title='bbox 1359 4976 1429 5039; x_wconf 85' lang='lat' dir='ltr'><strong>pre·</strong></span> 
     </span>
    </p>
   </div>
   <div class='ocr_carea' id='block_1_6' title="bbox 0 0 1592 5356">
    <p class='ocr_par' dir='ltr' id='par_1_13' title="bbox 0 0 1592 5356">
     <span class='ocr_line' id='line_1_40' title="bbox 0 0 1592 5356; baseline 0 0"><span class='ocrx_word' id='word_1_297' title='bbox 0 0 1592 5356; x_wconf 95' lang='lat' dir='ltr'><strong> </strong></span> 
     </span>
    </p>
   </div>
  </div>
 </body>
</html>
