3142 5356
684 352 769 407 Anno
793 363 884 428 1433.
1353 366 1414 429 257

147 457 413 465 ———-
430 458 478 463 —...
508 457 576 462 -..---
599 458 614 462 -
630 456 677 461 —-
701 456 951 462 ——--——-..—-
976 456 1044 461 .—-.
1079 455 1414 462 --..—.—..—.-.-

147 563 296 644 undique
322 562 404 624 inter
430 561 496 622 vias
527 580 716 622 communes
740 559 847 622 habita
880 580 1010 622 censum
1046 561 1124 621 sexti
1150 560 1258 621 eubuli
1290 561 1417 642 penitus

148 670 360 752 deponentes,
385 667 520 729 eandem
548 667 673 728 vineam
699 668 758 728 sub
791 687 887 728 censu
912 667 1071 749 pecuniali
1104 666 1199 728 unius
1223 666 1321 727 medii
1346 665 1415 728 flor.

148 774 218 835 auri
244 774 339 835 nobis
362 793 419 835 seu
436 773 608 834 comitibus
625 773 741 835 nostris
757 773 876 834 amodo
897 773 927 833 in
949 786 1042 834 autea
1060 792 1185 854 semper
1208 786 1281 836 ante
1305 773 1415 834 vinde-

149 879 345 942 miacionem
370 899 505 941 uvarum
530 878 755 962 persolvendo,
779 879 884 940 eidem
909 879 1045 941 Nicolao
1063 877 1225 940 aurifabro
1249 879 1417 942 statuimus

149 1000 308 1068 perpetuo
333 985 572 1069 possidendam.

256 1092 335 1154 Item
359 1106 425 1154 tota
451 1092 665 1153 communitas
689 1090 728 1152 de
753 1091 894 1172 quadam
912 1092 1004 1153 vinea
1027 1091 1244 1154 condicionali
1270 1093 1301 1153 in
1326 1092 1415 1154 terri·

148 1198 235 1260 torio
261 1213 370 1260 nostro
395 1197 612 1260 condicionali
637 1199 719 1260 inter
751 1199 861 1260 vineas
886 1198 953 1260 Milr
985 1212 1016 1258 et
1041 1197 1173 1280 Georgii
1198 1199 1315 1260 sutoris
1339 1197 1415 1259 dicti

149 1304 220 1366 lsak
252 1305 373 1383 habita,
404 1305 540 1386 desuper
572 1325 588 1365 a
624 1304 674 1365 via
708 1304 874 1366 communi
907 1317 938 1365 et
962 1302 1044 1366 inira
1069 1324 1171 1385 usque
1203 1305 1298 1366 aliam
1330 1305 1415 1365 viam

149 1431 357 1475 communem
383 1411 502 1490 habita,
526 1431 658 1473 censum
682 1411 760 1472 sexti
786 1411 894 1473 eubuli
912 1411 979 1472 vini
1002 1412 1078 1473 novi
1103 1431 1159 1473 seu
1177 1411 1271 1472 musti
1289 1412 1417 1494 penitus

148 1517 365 1600 deponentes,
388 1518 523 1579 eandem
549 1519 676 1579 vineam
701 1519 759 1578 sub
780 1537 877 1578 censu
901 1517 1062 1599 pecuniali
1089 1517 1183 1578 unius
1208 1537 1279 1578 cum
1305 1517 1415 1578 medio

149 1625 223 1690 flor.
252 1626 320 1687 auri
345 1623 494 1686 Michaeli
520 1639 550 1686 et
575 1623 737 1687 Clementi
765 1624 938 1705 pistoribus
969 1644 1090 1706 panum
1126 1624 1234 1685 statuit
1258 1638 1415 1706 perpetuo

153 1731 393 1814 possidendam,
425 1732 467 1792 ita
498 1744 617 1809 tamen,
649 1729 738 1812 quod
772 1730 831 1811 ipsi
864 1744 895 1792 ct
927 1749 1038 1790 eorum
1071 1729 1204 1791 heredes
1235 1729 1354 1792 amodo
1385 1744 1416 1791 et

148 1838 302 1920 deinceps
334 1837 373 1898 de
406 1837 519 1898 eadem
552 1837 644 1898 vinea
675 1855 774 1898 unum
809 1856 880 1898 cum
907 1836 1014 1898 medio
1048 1835 1117 1900 flor.
1149 1837 1217 1897 auri
1243 1837 1336 1898 nobis
1359 1857 1414 1898 seu

148 1945 322 2006 comitibus
339 1944 455 2005 nostris
479 1962 537 2025 pro
555 1957 700 2024 tempore
726 1943 905 2004 constitutis
935 1957 1008 2004 ante
1028 1943 1320 2004 vindemiacionem
1338 1963 1413 2004 uva-

149 2069 221 2111 rum
246 2049 428 2131 persolvere
453 2050 660 2112 tenebuntur.

256 2155 335 2218 ltem
370 2156 470 2217 Elena
502 2155 593 2217 aliter
626 2155 715 2216 Jelka
747 2168 858 2216 vocata
891 2153 956 2215 filia
990 2154 1135 2231 Martini,
1168 2173 1252 2215 nunc
1284 2173 1415 2216 consors

148 2261 307 2343 legittima
332 2262 515 2340 Laurencii,
540 2261 745 2322 medietatem
770 2260 936 2322 cuiusdam
970 2261 1098 2338 domus,
1123 2258 1227 2335 fundi,
1251 2260 1358 2322 celarii
1384 2274 1415 2323 et

151 2367 375 2430 hedificiorum
400 2369 502 2451 ipsam
528 2369 586 2430 rite
611 2383 869 2446 concernentem,
892 2367 1034 2449 Georgio
1063 2366 1130 2428 lilio
1155 2367 1252 2428 Blasii
1277 2367 1318 2429 de
1336 2367 1413 2430 Chi·

150 2474 266 2558 cherya
291 2474 437 2536 vendidit
461 2489 618 2556 perpetuo
642 2473 890 2556 possidendam;
916 2474 1006 2535 cuius
1030 2473 1157 2552 domus,
1179 2470 1282 2553 fundi,
1306 2474 1413 2541 celarii

150 2594 181 2643 et
205 2579 431 2642 hedificiorum
457 2580 554 2641 uliam
579 2580 784 2642 medietatem
802 2579 940 2641 Mathias
964 2578 1060 2642 frater
1084 2599 1162 2641 suus
1185 2579 1293 2641 senior
1308 2579 1413 2642 litera·

149 2687 230 2749 toric
255 2687 433 2748 dinoscitur
457 2686 632 2768 possidere.

256 2792 333 2854 ltem
351 2792 482 2854 domina
501 2791 631 2875 Agycha
658 2792 765 2854 relicta
792 2792 929 2854 condam
948 2793 1033 2853 Luce
1060 2792 1216 2874 Hungari,
1235 2810 1318 2853 nunc
1336 2810 1411 2853 con·

151 2917 220 2961 sors
246 2896 419 2978 Groshans‚
438 2898 600 2980 quendam
625 2896 761 2959 fundum
779 2919 872 2960 suum
891 2900 972 2960 inter
993 2899 1109 2959 domos
1133 2897 1261 2959 Thorne
1286 2898 1412 2959 Konich

150 3019 182 3067 et
206 3004 383 3067 liberorum
401 3005 537 3066 condam
555 3004 711 3066 Johannis
735 3006 844 3085 generi
864 3006 991 3066 Martini
1018 3005 1125 3067 Terba
1142 3004 1298 3082 habitum,
1316 3024 1412 3066 unam

150 3125 298 3192 quartam
323 3111 410 3173 curie
435 3111 466 3171 in
490 3130 523 3171 se
549 3111 778 3189 continentem,
804 3110 932 3172 Thome
965 3109 1032 3173 filio
1058 3112 1148 3172 Pauli
1174 3111 1320 3173 vendidit
1342 3131 1413 3194 per-

148 3232 248 3300 petuo
272 3217 514 3300 possidendum.

257 3324 333 3385 Item
360 3324 500 3405 quedam
525 3325 617 3384 vinea
643 3324 876 3385 condicionalis
906 3325 987 3386 inter
1010 3325 1120 3386 vineas
1145 3325 1245 3387 Elene
1269 3324 1414 3386 mulieris

149 3431 260 3493 relicte
292 3431 445 3514 Stephani
479 3430 626 3493 Perstcch
659 3446 690 3492 et
714 3431 805 3492 Pauli
837 3432 967 3493 sartoris
999 3432 1118 3511 habita,
1150 3432 1329 3514 desupera
1361 3431 1412 3492 via

151 3538 319 3600 communi
336 3552 367 3600 et
384 3536 465 3600 inira
483 3558 583 3620 usque
609 3538 748 3599 rivulum
766 3558 798 3599 se
823 3537 1009 3617 extendens,
1030 3558 1086 3620 per
1110 3538 1308 3620 legacionem
1335 3537 1412 3598 dicti

152 3643 307 3726 Stephani
332 3644 479 3705 Perstech
505 3658 536 3706 et
559 3663 615 3725 per
639 3641 811 3706 iussionem
843 3642 965 3725 prefate
995 3644 1096 3706 Elene
1121 3645 1275 3723 mulieris,
1301 3643 1415 3705 Vrsule

151 3764 182 3811 et
198 3750 315 3830 Agneti
332 3747 459 3812 filiabus
477 3749 675 3832 prelatorum
694 3749 848 3831 Stephani
865 3765 896 3811 et
913 3750 1013 3812 Elene
1039 3765 1085 3811 est
1102 3751 1276 3812 literatorie
1300 3764 1415 3811 statuta

150 3855 357 3938 perhenniter
380 3856 586 3938 possidenda,
611 3857 700 3917 cuius
724 3856 816 3916 vinee
842 3876 897 3938 per
921 3857 1005 3939 ipsas
1030 3857 1176 3918 Vrsulam
1203 3871 1233 3918 et
1256 3861 1415 3938 Agnetem

151 3962 326 4024 literatorie
359 3962 471 4041 divise,
504 3963 659 4023 medietas
693 3977 739 4022 est
772 3962 844 4023 data
871 3961 1013 4044 Georgio
1044 3963 1144 4024 sutori
1169 3961 1236 4024 filio
1262 3961 1416 4024 iohannis

152 4069 267 4131 marito
292 4069 407 4129 Vrsule
432 4089 487 4151 per
512 4069 648 4130 eandem
670 4069 819 4130 Vrsulam
845 4089 900 4130 seu
919 4067 1091 4130 fassionem
1118 4070 1217 4151 ipsius
1241 4069 1416 4131 literatorie

150 4189 336 4258 perpetuata
362 4189 392 4237 et
416 4196 453 4236 ex
480 4177 554 4257 ipsis
578 4176 806 4258 superviventi‚
845 4176 887 4237 ita
917 4190 1036 4255 tamen,
1062 4176 1149 4258 quod
1175 4175 1288 4257 prefati
1314 4175 1416 4238 Geor-

150 4282 223 4364 gius
253 4295 341 4344 sutor
373 4302 446 4342 cum
478 4302 533 4342 sua
567 4302 663 4343 uxore
697 4282 810 4343 Vrsula
839 4302 874 4342 ac
906 4282 1047 4364 predicta
1072 4289 1180 4363 Agnes
1211 4296 1242 4344 et
1275 4301 1331 4363 per
1362 4301 1417 4343 eos

151 4388 295 4470 ipsorum
320 4388 455 4450 heredes
480 4402 510 4449 et
534 4389 652 4469 posteri
679 4388 816 4448 universi
843 4388 935 4450 vinea
961 4388 1000 4449 de
1025 4388 1136 4450 eadem
1163 4388 1251 4449 totali
1281 4388 1416 4470 singulis

151 4495 244 4555 aunis
276 4508 420 4576 tempore
453 4494 616 4556 vindemie
647 4509 710 4556 tres
742 4494 877 4554 cubulos
905 4495 970 4555 vini
1002 4495 1174 4556 colendino
1207 4492 1416 4556 confraterni-

151 4600 222 4662 tatis
248 4600 435 4662 Latinorum
462 4600 536 4660 dare
562 4602 767 4662 tenebuntur.

681 4773 891 4789 ss
