3142 5356
499 467 706 547 Ann01492.
732 500 773 510 -
796 480 845 529 12.
868 468 1043 542 septembris.
1362 468 1403 551 87

174 678 251 739 verbis
270 679 350 741 inter
375 680 461 761 ipsos
494 679 665 741 mutuatim
698 679 816 740 exortis
843 680 907 762 pati
940 693 971 741 et
1002 680 1158 742 sustinere
1182 683 1280 743 ambo
1306 682 1406 743 velint

174 802 199 842 ex
217 804 269 866 quo
291 786 430 848 vicissim
456 800 486 847 et
503 799 617 848 mutuo
642 806 674 847 se
691 785 972 869 vituperaverunt;
997 785 1139 869 prelatus
1163 787 1323 870 Georgius
1339 808 1404 851 non

173 904 307 954 contentus
331 892 507 975 appellavit
530 893 570 953 ad
595 892 747 955 seniores.

250 997 347 1061 Causa
373 999 456 1061 inter
487 999 592 1060 Eliam
625 997 818 1081 freniparem
853 1012 884 1059 et
909 999 1044 1060 Paulum
1070 1000 1179 1062 Vallas
1211 1001 1339 1062 racione
1374 1016 1405 1064 et

175 1115 285 1179 pretextu
302 1105 552 1188 vituperaciouis
569 1119 600 1167 et
617 1105 723 1166 verbis
747 1105 867 1166 illicitis
884 1105 966 1167 inter
984 1106 1069 1188 ipsos
1085 1107 1223 1168 vicissim
1242 1121 1273 1170 et
1289 1121 1402 1170 mutuo

175 1209 269 1288 exortis,
292 1212 345 1274 ubi
370 1225 477 1274 autem
503 1211 585 1273 inter
610 1225 730 1273 ceteras
754 1211 1020 1293 vituperationes,
1045 1228 1079 1273 ut
1103 1213 1189 1275 idem
1214 1213 1301 1275 Elias
1317 1233 1400 1276 asse·

173 1313 272 1378 tebatet
293 1319 493 1400 proponebat
517 1330 627 1379 contra
645 1317 750 1400 ipsum
769 1317 917 1396 Paulum,
941 1317 1057 1378 dixisse
1082 1332 1113 1379 et
1130 1339 1202 1380 eum
1228 1318 1276 1380 bis
1293 1319 1399 1381 verbis

174 1415 298 1485 affecisse:
321 1424 472 1506 expulsus
497 1444 530 1486 es
561 1424 660 1505 vulgo
693 1422 812 1485 frustan
845 1423 885 1485 de
915 1424 1065 1503 Choama,
1097 1426 1152 1487 ubi
1176 1440 1281 1508 partes
1304 1429 1399 1488 ambe

174 1525 357 1591 testimonium
383 1528 604 1612 produxerunt
628 1550 710 1592 unus
732 1544 842 1591 contra
866 1530 966 1591 alium
992 1543 1023 1592 et
1040 1531 1149 1593 nullus
1173 1550 1285 1593 eorum
1304 1530 1404 1593 fassus

176 1636 298 1714 estquod
321 1635 497 1698 audivisset
528 1637 625 1698 verba
655 1636 837 1718 supradicta
865 1656 882 1696 a
916 1636 1016 1698 Paulo
1051 1637 1186 1719 prolata,
1212 1638 1285 1700 ideo
1309 1638 1404 1719 jurati

176 1733 416 1821 adjudicaverunt,
441 1742 529 1824 quod
555 1762 591 1804 ex
617 1762 682 1824 quo
701 1762 786 1804 unus
809 1742 945 1803 alterum
962 1743 1103 1805 vicissim
1128 1757 1159 1806 et
1182 1758 1296 1807 mutuo
1320 1745 1403 1808 vitu·

177 1856 301 1928 perurunt,
318 1848 408 1930 quod
425 1848 533 1910 nullus
549 1864 658 1911 contra
676 1848 775 1910 alium
795 1848 826 1908 in
844 1849 1007 1930 aliquibus
1024 1849 1280 1932 condempnatus
1297 1870 1402 1932 neque

177 1950 303 2015 convietus
325 1956 366 2016 sit
390 1968 421 2016 et
445 1974 551 2037 neque
576 1954 747 2029 habeatur;
771 1953 811 2016 de
836 1974 901 2034 quo
930 1954 1052 2034 judicio
1077 1956 1170 2017 ambe
1195 1969 1301 2038 partes
1325 1976 1401 2018 con·

176 2061 238 2115 tente
257 2076 330 2127 sunt.

310 2298 406 2372 Feria
436 2309 560 2390 quarta
599 2301 678 2372 ante
706 2301 828 2372 festum
858 2299 1088 2373 Exaltaeionis
1118 2301 1242 2373 Crucis.

638 2456 699 2527 (12.
723 2454 907 2527 septembris).

252 2591 394 2657 Seniores
418 2593 540 2672 judices
563 2613 690 2655 causam
717 2594 799 2655 inter
818 2594 922 2654 Eliam
948 2592 1140 2676 lreniparem
1166 2609 1197 2656 et
1222 2594 1401 2676 Georgium

169 2697 279 2762 sutorem
300 2701 594 2782 supranominatos,
619 2701 748 2762 racione
777 2713 808 2761 et
838 2714 984 2782 pretextu
1016 2702 1266 2782 vitupetacionis
1291 2717 1326 2765 ut
1349 2723 1401 2764 su·

169 2794 251 2865 terius
271 2808 298 2869 in
323 2807 570 2888 adjudicacione
604 2806 782 2884 juratorum
807 2827 952 2888 expresse
984 2808 1178 2887 continetur,
1208 2809 1253 2869 sic
1277 2809 1403 2889 adjudi-

168 2909 289 2976 t“lerunt
311 2928 342 2975 et
366 2913 444 2993 juris
476 2913 589 2974 ordine
623 2913 834 2975 decreverunt
865 2912 951 2992 juxta
984 2926 1133 2975 contenta
1158 2914 1401 2996 privilegiorum

168 2995 241 3074 huius
261 3021 403 3098 civitatis,
429 3019 517 3099 quod
542 3039 579 3081 ex
604 3039 669 3101 quo
694 3019 761 3101 ipse
779 3019 866 3080 Elias
890 3033 961 3101 post
979 3039 1137 3081 recessum
1167 3020 1242 3082 dicti
1268 3020 1400 3102 Georgii

166 3119 251 3185 contra
263 3147 331 3188 eum
348 3127 406 3188 hec
425 3127 520 3187 verba
538 3125 634 3188 dixit:
651 3145 671 3186 o
690 3125 864 3186 meretricis
880 3145 972 3186 sorax
986 3145 1082 3207 parve
1100 3139 1131 3188 et
1148 3146 1273 3188 saccum
1299 3147 1400 3189 mere·

165 3211 231 3284 uicis
242 3233 263 3294 si
276 3234 374 3296 homo
388 3248 479 3311 esset,
494 3233 567 3294 ideo
581 3252 617 3293 ex
632 3251 697 3314 quo
711 3232 778 3314 ipse
793 3232 880 3294 Elias
894 3232 1012 3314 incepit
1025 3252 1098 3294 eum
1113 3232 1233 3294 irritare
1247 3247 1278 3294 et
1292 3235 1396 3295 verbis

166 3313 260 3429 illicitis
281 3341 369 3423 prius
393 3340 574 3422 vituperare
598 3353 629 3400 et
653 3339 816 3421 increpare
846 3352 876 3400 et
900 3359 937 3400 ex
962 3358 1028 3420 quo
1060 3339 1181 3419 juratus
1204 3353 1235 3400 et
1259 3359 1398 3401 assessor

165 3428 255 3537 tuditis
275 3461 331 3526 est,
357 3446 444 3507 idem
469 3445 556 3507 Elias
577 3459 708 3527 propter
726 3446 821 3505 verba
846 3444 1027 3525 supradicta
1045 3445 1210 3506 convictus
1227 3460 1274 3506 est
1290 3459 1399 3507 contra

164 3547 245 3610 ¹l⁵⁰m
275 3553 452 3634 Georgium
485 3552 622 3632 juratum
656 3552 687 3613 in
721 3551 831 3613 decem
865 3552 979 3613 marcis
1011 3552 1131 3613 usualis
1155 3566 1296 3631 monete,
1321 3572 1401 3634 quas

165 3635 246 3717 ‘idem
267 3679 323 3742 pro
347 3678 432 3742 pena
456 3659 592 3736 exolvat,
617 3671 648 3720 et
665 3678 702 3720 ex
728 3678 793 3739 quo
818 3659 884 3740 ipse
914 3657 1074 3739 Georgius
1091 3659 1225 3721 audiens
1250 3660 1345 3722 verba
1371 3674 1401 3722 et

165 3743 393 3837 vinlqteraciones
423 3765 483 3826 sibi
516 3784 571 3847 per
603 3764 725 3826 dietum
757 3765 863 3825 Eliam
895 3765 983 3826 illata
1015 3778 1046 3826 et
1078 3765 1177 3827 dictas
1201 3780 1233 3828 et
1256 3787 1401 3828 reversus

166 3865 263 3931 'ustum
292 3873 403 3934 animo
436 3871 609 3951 injuriandi
644 3871 702 3952 ipsi
738 3870 807 3931 Elie
844 3870 939 3932 dixit:
972 3890 1081 3932 nonne
1105 3872 1165 3932 scis
1197 3872 1336 3953 qualiter
1361 3873 1400 3934 de

168 3953 276 4040 Cblame
301 3977 453 4060 expulsus
477 3975 575 4058 vulgo
599 3975 720 4039 frustan
746 3997 778 4037 es
802 3990 833 4039 et
857 3977 961 4038 simile
986 3977 1092 4038 adhuc
1115 3977 1165 4039 hic
1189 3979 1247 4040 tibi
1273 3979 1401 4041 evenire

170 4077 311 4167 etetnergi
343 4084 471 4167 poterit,
503 4084 528 4144 si
554 4083 615 4144 hoc
647 4083 713 4165 ipse
747 4081 907 4163 Georgius
939 4085 1149 4164 comprobare
1182 4103 1247 4144 non
1273 4085 1401 4166 poterit,

169 4187 380 4254 ⁸¹1unecontra
403 4190 543 4253 eundem
562 4190 666 4251 Eliam
685 4190 849 4251 convictus
873 4204 918 4250 est
936 4190 966 4249 in
983 4190 1134 4271 homagio
1148 4191 1233 4269 viv0,
1247 4205 1343 4272 prout
1367 4192 1398 4252 in

169 4280 378 4364 'distincione
413 4296 589 4378 juratorum
622 4297 822 4372 continetur3
855 4297 894 4357 de
926 4315 992 4376 quo
1024 4295 1145 4376 judicio
1176 4299 1270 4358 ambe
1295 4311 1400 4379 partes

168 4404 285 4467 coutente
308 4419 393 4468 sunt.

245 4510 346 4574 Causa
372 4531 434 4594 que
459 4510 674 4573 ventilabatur
698 4511 779 4572 inter
797 4511 1014 4572 venerabilem
1040 4512 1208 4572 dominum
1236 4511 1399 4572 Thomam

163 4618 331 4696 prepositum
366 4617 770 4700 Quinqueecclesiensem,
803 4631 837 4678 ut
869 4631 1010 4679 actorem
1042 4619 1082 4679 ab
1115 4637 1188 4695 uua,
1212 4632 1299 4699 parte
1324 4637 1400 4679 vero

158 4714 235 4784 altera
260 4725 440 4787 iohannem
466 4723 669 4805 Hungarum,
694 4724 797 4785 civem
821 4737 927 4784 nostre
946 4724 1092 4802 civitatis,
1118 4723 1245 4786 racione
1272 4724 1327 4784 LX
1345 4738 1399 4785 aut

155 4822 225 4891 lxx
247 4830 317 4895 flor.
341 4849 435 4914 quos,
459 4844 494 4893 ut
518 4830 604 4892 idem
629 4830 781 4891 dominus
805 4829 986 4912 prepositus
1018 4832 1187 4907 asserebat,
1212 4851 1228 4891 a
1254 4830 1396 4912 quodam

147 4951 199 4999 etto
220 4933 352 5018 famulo,
377 4937 434 5020 qui
459 4936 492 4998 in
516 4936 659 5018 quodam
676 4934 854 5000 officiolatu
878 4956 934 5017 per
959 4955 1033 4997 eum
1050 4936 1205 4998 constitus
1229 4951 1305 5017 erat,
1332 4937 1400 5021 ipse
