3142 5356
683 396 770 454 Anno
792 404 883 470 1432.
1352 414 1414 478 227

146 606 294 685 cultoris,
307 620 489 668 nostrorum
504 606 686 668 concivium
701 604 819 682 habita,
838 603 979 665 mediam
996 605 1116 665 curiam
1135 605 1166 666 in
1184 626 1217 667 se
1235 607 1414 686 continens,

147 733 214 795 que
238 713 412 774 literatorie
437 712 552 774 domus
575 710 636 773 fuit
660 710 799 792 Philippi
827 710 956 772 sartoris
979 709 1096 789 claudi,
1122 730 1177 793 per
1209 725 1413 774 testamenta·

148 819 232 881 riam
264 818 407 881 eiusdem
432 819 571 902 Philippi
595 817 796 899 legacionem
815 817 913 878 Elene
938 817 1046 879 relicte
1072 837 1127 879 sue
1152 816 1220 898 jure
1245 832 1414 881 testamen·

147 926 224 988 talis
251 925 427 1008 legacionis
448 925 589 1007 predicte
611 939 657 986 est
680 924 855 986 literatorie
880 936 995 985 statuta
1020 936 1177 1006 perpetuo
1207 925 1412 1006 possidenda.

258 1031 335 1093 ltem
360 1031 435 1113 quia
459 1032 518 1092 viri
544 1030 669 1114 providi
695 1029 833 1092 Michael
857 1029 982 1111 pridem
1007 1028 1103 1109 judex
1125 1028 1209 1092 filius
1234 1031 1412 1094 Sebastiani

148 1152 184 1200 et
208 1137 369 1220 Georgius
399 1138 547 1200 similiter
578 1137 703 1220 pridem
735 1136 830 1218 judex
862 1135 946 1197 filius
978 1135 1159 1215 Valentini,
1191 1157 1227 1199 ac
1260 1138 1416 1200 Martinus

149 1245 277 1328 pridem
302 1245 423 1326 juratus
447 1243 531 1306 filius
556 1244 696 1322 Thome,
721 1244 806 1304 cives
821 1242 960 1304 civitatis
984 1242 1136 1323 predicte,
1157 1244 1367 1306 commissarii
1385 1258 1417 1307 et

149 1366 339 1416 executores
362 1352 545 1415 testamenti
571 1351 629 1411 viri
647 1350 784 1412 condam
803 1349 929 1431 providi
954 1363 985 1411 et
1001 1348 1127 1410 honesti
1153 1349 1321 1412 Michaelis
1337 1351 1415 1412 olim

152 1459 272 1541 judicis
296 1472 327 1519 et
350 1458 492 1519 concivis
518 1457 654 1518 civitatis
684 1453 816 1538 prefate,
848 1454 1026 1536 predictum
1059 1468 1285 1517 testamentum
1318 1456 1416 1538 ipsius

150 1564 321 1627 Michaelis
345 1563 458 1646 judicis
490 1583 563 1624 curn
593 1562 684 1625 totali
716 1561 909 1623 execucione
942 1561 1105 1640 eiusdem,
1138 1582 1174 1622 ac
1198 1562 1354 1624 universis
1385 1577 1417 1625 et

151 1671 290 1753 singulis
314 1672 409 1732 rebus
433 1684 464 1732 et
495 1671 589 1732 bonis
621 1670 720 1752 ipsius
753 1668 919 1730 Michaelis
951 1667 1065 1750 judicis
1097 1669 1173 1750 ipsis
1190 1652 1253 1751 'per
1276 1670 1414 1732 eundem

151 1790 339 1839 testatorem
365 1776 515 1838 videlicet
540 1774 730 1837 Michaelem
756 1774 896 1855 judicem
928 1789 992 1836 tarn
1017 1775 1280 1837 testamentaliter
1304 1776 1416 1858 legatis

149 1903 250 1965 quarn
268 1885 462 1945 verbotenus
480 1882 705 1960 recommissis,
724 1895 754 1942 et
778 1881 957 1963 specialiter
974 1901 1069 1962 super
1086 1882 1241 1943 ducentos
1259 1882 1327 1945 flor.
1345 1883 1413 1945 auri

150 1986 294 2073 prelatus
318 1988 456 2050 Michael
480 1987 574 2068 judex
600 1985 707 2069 (filius)
729 1987 906 2048 Sebastiani
930 1987 1015 2069 apud
1040 1987 1143 2069 ipsum
1168 1987 1254 2067 juxta
1277 1989 1415 2070 legacio-

150 2115 227 2157 nem
261 2095 336 2156 dicti
370 2093 536 2156 Michaelis
566 2094 725 2155 testatoris
760 2093 940 2155 conservari
977 2107 1007 2154 et
1044 2094 1144 2155 teneri
1181 2095 1415 2175 recommissos,

154 2202 330 2263 Valentino
354 2202 480 2263 literato
506 2199 572 2262 filio
590 2201 724 2283 predicti
751 2200 916 2261 Michaelis
931 2201 1090 2262 testatoris
1113 2201 1219 2283 plene,
1246 2201 1416 2265 efficaciter

152 2323 185 2370 et
211 2308 332 2388 integre
350 2307 607 2384 extradederunt,
625 2307 825 2388 resignarunt
843 2321 873 2367 et
891 2307 1167 2386 recommiserunt,
1184 2308 1323 2390 ideoque
1348 2310 1415 2392 ipse

153 2414 345 2475 Valentinus
369 2413 529 2495 predictos
554 2413 745 2474 Michaelem
770 2413 910 2493 judicem
939 2427 969 2475 et
994 2413 1172 2495 Georgium
1197 2416 1343 2478 similiter
1367 2416 1415 2498 ju·

152 2519 258 2581 dicem
290 2539 327 2580 ac
352 2519 526 2580 Martinum
551 2518 702 2599 juratum,
736 2539 792 2601 per
824 2539 944 2601 eosque
976 2520 1118 2601 ipsorum
1142 2520 1275 2583 heredes
1299 2537 1330 2584 et
1359 2543 1415 2605 po·

152 2640 254 2688 steros
278 2625 446 2686 universos
469 2624 610 2687 reddidit
647 2625 812 2707 expeditos
844 2626 1016 2687 literatorie
1049 2627 1080 2686 in
1106 2647 1200 2688 evum
1225 2642 1255 2690 et
1279 2628 1416 2710 quietos,

151 2752 247 2814 super
271 2751 334 2813 qua
359 2732 556 2814 expeditoria
581 2746 627 2793 est
651 2732 742 2793 litera
767 2732 977 2814 privilegialis
1001 2747 1156 2797 emanata.

260 2837 336 2899 ltem
361 2842 470 2918 Agnes
494 2838 610 2899 mulier
626 2839 740 2917 relicta,
761 2837 899 2900 condam
917 2840 1048 2902 Martini
1065 2838 1217 2902 aurifabri
1242 2841 1321 2903 olim
1340 2862 1415 2905 con·

153 2945 231 3007 civis
255 2945 356 3006 nostri
380 2942 439 3006 filii
464 2945 560 3023 Petri,
592 2945 746 3006 directam
776 2960 807 3007 et
838 2947 987 3027 equalem
1020 2945 1223 3008 medietatem
1249 2948 1415 3013 cuiusdam

153 3051 283 3130 domus,
307 3047 400 3113 fundi
425 3064 456 3112 et
480 3049 702 3112 hedificiorum
728 3052 810 3113 inter
834 3052 968 3114 domum
987 3051 1119 3134 Georgii
1144 3052 1258 3135 judicis
1282 3053 1340 3116 lilii
1357 3056 1418 3117 Va-

154 3159 270 3222 lentini
296 3179 332 3219 ac
356 3159 438 3219 inter
470 3159 549 3219 duas
580 3159 648 3219 vias
684 3179 872 3221 communes
903 3160 1011 3220 habite
1036 3174 1066 3221 et
1100 3160 1273 3240 existentis,
1299 3162 1418 3224 medie-

153 3279 253 3328 tatem
278 3265 429 3327 videlicet
460 3279 578 3326 rectam
604 3279 634 3326 et
666 3266 813 3346 equalem
848 3266 946 3348 ipsius
978 3266 1104 3344 domus,
1136 3265 1227 3328 fundi
1253 3281 1284 3330 et
1308 3266 1419 3329 hedifi-

153 3373 290 3448 ciorum,
315 3391 412 3433 unam
438 3385 550 3454 utputa
567 3385 713 3453 quartam
740 3373 825 3434 curie
850 3373 881 3433 in
899 3392 932 3433 se
961 3373 1192 3452 continentem,
1217 3393 1290 3435 cum
1308 3388 1420 3457 quarta

154 3493 244 3561 parte
269 3480 404 3540 cisterne
429 3493 460 3540 et
483 3478 554 3539 aliis
577 3479 643 3539 suis
668 3479 860 3541 utilitatibus
884 3493 914 3540 et
938 3479 1144 3561 pertinenciis
1169 3481 1325 3541 universis
1349 3500 1418 3563 pre-

156 3583 222 3647 lato
248 3583 391 3666 Georgio
420 3584 518 3665 judici
551 3585 695 3646 vendidit
726 3598 884 3668 perpetuo
916 3585 1164 3667 possidendam3
1189 3586 1279 3647 cuius
1304 3586 1420 3648 domus

155 3689 246 3752 lundi
272 3705 304 3753 et
327 3690 550 3752 hedificiorum
575 3691 671 3752 aliam
697 3692 902 3753 medietatem
937 3711 1009 3753 curn
1035 3706 1146 3773 quarta
1171 3707 1259 3774 parte
1285 3694 1419 3755 cisterne

156 3810 188 3860 et
212 3797 285 3859 aliis
308 3797 374 3858 suis
398 3797 589 3858 utilitatibus
614 3812 644 3858 et
675 3799 880 3880 pertinenciis
912 3798 1069 3859 universis
1094 3798 1271 3880 Gregorius
1296 3813 1326 3861 et
1351 3800 1419 3860 Ma·

155 3903 249 3987 thyas
274 3902 385 3965 fratrea
418 3903 501 3966 dicte
526 3905 659 3985 Agnetis
691 3905 835 3966 mulieris
870 3905 1044 3967 literatorie
1077 3904 1288 3966 dinoscuntur
1320 3906 1420 3986 possi-

156 4011 243 4091 dere,
268 4012 324 4093 qui
349 4012 449 4073 eciam
475 4012 548 4074 huic
573 4012 756 4074 vendicioni
783 4013 923 4094 predicte
952 4032 1045 4073 suum
1072 4012 1260 4073 benivolum
1285 4033 1420 4075 consen·

155 4138 225 4181 sum
250 4119 458 4201 prebuerunt.

261 4225 340 4287 Item
372 4225 562 4287 Valentinus
592 4225 677 4287 filius
709 4226 833 4287 Nicolai
867 4226 1028 4307 quandam
1065 4225 1198 4287 domurn
1224 4246 1315 4288 suam
1347 4246 1420 4288 cum

156 4332 258 4395 lundo
283 4347 314 4394 et
330 4332 488 4394 hedificiis
513 4333 543 4394 in
563 4333 688 4396 civitate
707 4334 788 4394 inter
805 4334 939 4395 domum
958 4333 1072 4394 Briccii
1097 4334 1263 4415 piscatoris
1287 4347 1318 4395 et
1335 4332 1421 4395 Galli

155 4459 192 4501 ac
216 4438 348 4522 Endrey
371 4459 407 4500 ac
432 4439 463 4499 in
489 4441 675 4520 posteritate
700 4460 798 4521 penes
816 4438 952 4500 fundum
979 4440 1154 4501 liberorum
1181 4439 1335 4522 Stephani
1354 4459 1420 4500 car-

155 4546 292 4630 pentarii
310 4559 341 4608 et
359 4547 445 4608 Luce
464 4544 554 4626 labri,
572 4561 753 4608 nostrorum
772 4548 952 4608 concivium
976 4547 1128 4624 habitam,
1159 4565 1255 4606 unam
1273 4560 1419 4627 quartam

156 4667 187 4716 et
210 4666 356 4716 octavam
382 4653 469 4714 curie
494 4653 525 4714 in
550 4675 582 4714 se
615 4655 794 4731 continens,
823 4654 989 4715 Demetrio
1022 4652 1088 4714 filio
1114 4653 1198 4714 Petri
1224 4653 1300 4714 dicti
1326 4653 1420 4734 Ztep-

155 4759 282 4824 kowich
306 4760 453 4822 vendidit
476 4775 632 4843 perpetuo
649 4760 878 4843 possidendam
902 4781 938 4821 ex
964 4779 1121 4820 consensu
1145 4759 1325 4820 vicinorum
1347 4779 1418 4841 pre·

155 4869 327 4933 dictorum.
1312 4955 1327 4999 t
