3142 5356
221 358 281 419 304
751 333 841 395 Anno
864 347 952 412 1437.

220 559 302 628 ltem
342 556 425 628 seria
455 566 578 646 quarta
608 556 760 645 proxima
789 566 867 628 ante
896 556 1018 627 festum
1048 553 1304 626 Purificaeionis
1345 556 1493 643 gloriose

631 701 761 768 semper
789 678 931 768 virginis
962 680 1075 749 Marie.

735 847 798 910 (30.
815 833 981 909 januarii).

327 972 404 1033 Item
430 972 584 1034 medietas
609 973 775 1034 cuiusdam
795 973 922 1052 domus,
947 972 1051 1053 fundi,
1076 973 1185 1035 celarii
1211 987 1241 1034 et
1266 971 1491 1035 hedificiorum

221 1080 357 1141 condam
385 1080 513 1141 Andree
538 1079 772 1161 Ztepkowych,
798 1100 892 1141 unam
911 1094 1057 1162 quartam
1084 1080 1170 1141 curie
1195 1080 1226 1140 in
1252 1100 1286 1141 se
1313 1080 1493 1155 continens,

220 1186 306 1247 salva
333 1186 394 1246 alia
420 1186 592 1248 medietate
617 1186 762 1247 eiusdem
787 1186 915 1266 domus,
938 1185 1042 1264 fundi,
1067 1186 1175 1248 celarii
1201 1199 1231 1246 et
1255 1184 1492 1260 hedificiorum,

221 1312 319 1353 unam
353 1292 563 1353 consimiliter
595 1306 741 1372 quartam
774 1293 861 1353 curie
896 1293 926 1352 in
956 1312 989 1352 se
1022 1292 1218 1368 continente,
1249 1310 1349 1373 quarn
1384 1291 1492 1352 Petrus

221 1399 317 1478 judex
342 1413 449 1459 noster
474 1398 649 1458 modernus
674 1398 847 1458 literatorie
877 1398 1055 1458 dinoscitur
1087 1398 1263 1478 possidere,
1289 1417 1325 1457 ac
1352 1396 1488 1478 quedam

222 1506 312 1565 vinea
340 1505 438 1586 ipsius
464 1503 681 1586 Ztepkowych
708 1504 738 1565 in
772 1518 882 1565 monte
907 1502 1000 1565 llicza
1033 1523 1133 1586 prope
1159 1504 1293 1567 fluvium
1320 1503 1416 1564 llicza
1441 1502 1491 1563 ha·

222 1611 297 1688 bita,
323 1625 353 1671 et
377 1610 517 1692 quedam
538 1611 623 1671 'silva
650 1611 680 1670 in
705 1611 867 1672 territorio
892 1611 1029 1672 civitatis
1053 1630 1152 1691 penes
1176 1610 1290 1671 silvam
1316 1609 1490 1670 liberorum

223 1716 389 1777 Michaelis
413 1715 469 1777 filii
499 1717 677 1777 Sebastiani
712 1736 767 1798 per
799 1732 899 1778 metas
932 1718 962 1777 in
992 1717 1082 1778 litera
1117 1730 1324 1798 expressores,
1351 1737 1388 1776 ac
1413 1717 1491 1776 inter

223 1823 346 1882 vineam
373 1837 403 1882 et
428 1823 541 1882 silvam
568 1820 722 1903 Stephani
755 1822 893 1903 lapicide
928 1822 1067 1884 habitam
1104 1823 1174 1899 sita,
1206 1842 1279 1883 curn
1306 1823 1373 1883 suis
1398 1823 1488 1902 perti·

223 1929 343 1990 nenciis
369 1928 541 1988 Katherine
566 1928 675 1989 relicte
701 1928 800 2009 ipsius
825 1929 954 1990 Andree
991 1928 1208 2011 Ztepkowych
1234 1943 1282 1989 est
1306 1928 1487 2010 privilegia·

222 2036 293 2097 liter
317 2055 352 2095 ex
371 2035 538 2115 legacione
557 2034 700 2095 eiusdem
719 2035 849 2096 Andree
866 2035 1109 2117 privilegialitet
1125 2036 1184 2096 sub
1202 2034 1356 2116 pendenti
1384 2033 1489 2114 sigillo

222 2155 335 2202 statuta
361 2156 392 2201 et
416 2139 613 2203 confirmata.

329 2248 406 2308 Item
431 2247 565 2307 domum
591 2261 621 2307 et
646 2246 781 2307 fundum
814 2267 850 2309 ac
875 2248 1028 2309 celarium
1060 2250 1305 2309 subterraneum
1339 2268 1376 2309 ac
1402 2248 1488 2309 hedi·

223 2352 293 2414 ficia
318 2353 473 2414 lobannis
498 2352 612 2433 judicis
636 2351 692 2413 filii
712 2353 804 2431 Pero,
829 2367 860 2415 et
886 2354 966 2415 inter
991 2354 1058 2415 vias
1074 2375 1131 2416 seu
1155 2354 1277 2436 plateas
1301 2374 1490 2415 communes

224 2458 377 2537 habitam,
401 2459 497 2519 simul
522 2478 594 2519 curn
619 2459 697 2519 turri
723 2473 753 2519 et
777 2459 847 2520 aliis
877 2461 998 2521 cunctis
1029 2460 1094 2521 suis
1120 2461 1323 2538 utilitatibus,
1350 2461 1488 2522 mediam

223 2566 343 2627 curiam
362 2566 444 2626 inse
469 2566 699 2641 continentem,
718 2564 860 2646 Georgio
885 2566 981 2646 judici
1001 2567 1067 2629 filio
1092 2567 1254 2630 Valentini
1279 2588 1338 2650 pro
1363 2583 1489 2650 septua-

223 2673 309 2752 ginta
337 2671 405 2734 flor.
439 2672 506 2732 auri
533 2672 659 2732 Marcus
689 2671 812 2751 juratus
836 2672 981 2734 vendidit
1012 2687 1168 2756 perpetuo
1193 2673 1434 2755 possidendam⁸
1462 2686 1489 2734 et

223 2777 392 2860 superinde
419 2778 508 2840 litera
535 2792 581 2838 est
605 2779 663 2838 sub
688 2778 841 2859 pendenti
867 2779 974 2859 sigillo
1000 2779 1239 2840 communitatis
1263 2793 1425 2841 emanata.

332 2883 408 2944 ltem
434 2885 628 2946 Benedictus
652 2883 773 2965 juratus
797 2883 882 2946 filius
900 2885 1066 2946 Michaelis
1091 2885 1245 2967 quasdam
1263 2885 1491 2970 duasrquartas

224 2989 314 3050 fundi
329 3010 454 3068 vacuas,
481 2991 520 3050 ab
546 3004 680 3071 utraque
706 3005 792 3072 parte
818 2989 908 3052 fundi
931 2991 1060 3053 Thome
1085 2991 1213 3052 sartoris
1237 2989 1295 3052 filii
1321 2991 1491 3069 lobannis,

225 3097 255 3156 in
282 3097 407 3156 civitate
426 3096 566 3178 predicta
585 3097 615 3157 in
643 3110 792 3177 postergo
810 3097 927 3158 domus
943 3111 974 3159 et
993 3096 1083 3158 fundi
1103 3098 1204 3158 Kusse
1222 3097 1368 3158 mulieris
1386 3097 1491 3159 Gerli·

224 3200 357 3264 chichne
382 3217 412 3262 et
437 3222 534 3283 penes
559 3202 704 3281 domum,
730 3201 865 3263 fundum
892 3217 922 3264 et
950 3202 1096 3265 hedificia
1124 3201 1256 3284 Georgii
1281 3202 1407 3283 judicis,
1433 3204 1492 3264 sub

225 3308 415 3369 condicione
442 3309 472 3368 in
498 3309 587 3368 litera
613 3324 803 3389 expressata,
836 3329 872 3369 ac
896 3308 1032 3370 fundum
1066 3323 1096 3370 et
1120 3307 1267 3370 hedificia
1294 3329 1330 3369 ac
1355 3310 1492 3369 domum

225 3414 388 3474 Benedicti
415 3412 540 3494 prefati,
565 3412 689 3494 prelato
714 3413 843 3476 Thome
867 3416 979 3477 sartori
1005 3435 1063 3497 pro
1087 3435 1141 3476 sex
1159 3415 1227 3476 flor.
1250 3415 1318 3476 auri
1344 3416 1494 3476 vendidit

225 3534 380 3601 perpetuo
404 3520 633 3600 possidendam
660 3534 690 3580 et
707 3520 879 3602 superinde
904 3523 994 3583 litera
1012 3535 1058 3583 est
1079 3535 1227 3582 emanata
1251 3523 1310 3583 sub
1335 3521 1493 3603 pendenti

225 3626 342 3706 sigillo

331 3731 408 3791 ltem
436 3731 533 3792 Lucie
571 3731 678 3792 relicte
709 3733 876 3794 Michaelis
908 3734 1048 3795 consorti
1074 3734 1228 3817 Stephani
1254 3733 1494 3818 Ocztbowych,

226 3836 348 3897 concivi
376 3850 491 3914 nostre,
517 3837 648 3917 quidam
675 3836 809 3919 (h)ortus
834 3839 865 3899 in
891 3840 1045 3901 suburbio
1074 3841 1211 3902 civitatis
1236 3841 1317 3902 inter
1333 3840 1493 3922 (hlortum

178 3971 181 3976 v
225 3942 352 4004 claustri
378 3942 475 4002 sancti
502 3942 626 4003 Nicolai
653 3945 691 4002 ab
717 3945 852 4022 oriente,
877 3960 907 4006 et
926 3947 1007 4007 inter
1031 3946 1183 4028 (hlortum
1209 3947 1387 4009 liberorum
1413 3968 1494 4010 con·

226 4048 299 4109 dam
324 4048 476 4130 Stephani
503 4047 594 4126 fabri,
620 4049 698 4109 olim
723 4051 863 4111 concivis
897 4053 1008 4130 nostri,
1032 4073 1049 4112 a
1073 4054 1313 4135 septemtrione,
1337 4073 1398 4115 nec
1425 4075 1493 4116 non

226 4154 306 4215 inter
331 4155 410 4215 duas
434 4155 499 4214 vias
524 4174 713 4216 communes
737 4155 873 4234 habitus,
908 4177 979 4218 cum
1005 4160 1070 4217 suis
1098 4159 1304 4240 pertinenciis
1339 4178 1378 4219 ex
1402 4159 1496 4223 sulfi-

225 4261 318 4321 cienti
344 4262 391 4322 sui
417 4262 685 4343 comprobacione
712 4262 742 4322 in
768 4264 832 4323 alio
857 4265 988 4324 katerno
1014 4277 1121 4325 nostro
1152 4265 1316 4327 communi
1342 4263 1494 4344 judiciali

226 4367 422 4447 consignata,
447 4383 493 4428 est
527 4368 700 4429 literatorie
733 4371 791 4429 sub
823 4369 930 4450 sigillo
962 4370 1115 4451 pendenti
1141 4370 1383 4432 communitatis
1416 4391 1496 4434 con·

226 4470 377 4533 firmatus

332 4579 409 4640 ltem
435 4580 573 4661 quedam
599 4581 691 4640 vinea
724 4601 779 4641 seu
812 4601 884 4661 pars
908 4582 1042 4642 vinealis
1067 4582 1147 4664 Elye
1180 4583 1312 4644 cultoris
1335 4582 1394 4645 filii
1423 4585 1497 4649 Cri·

225 4687 305 4764 sani,
330 4688 408 4748 alias
433 4687 620 4748 habitatoris
643 4688 741 4769 ipsius
766 4687 911 4765 civitatis,
937 4688 968 4748 in
994 4689 1153 4750 territorio
1183 4689 1327 4751 eiusdem
1353 4691 1498 4754 civitatis

226 4795 307 4854 inter
331 4794 440 4855 vineas
466 4793 562 4854 Blasii
589 4786 786 4854 Kurmanich
819 4807 850 4854 et
874 4793 1048 4855 liberorum
1078 4794 1217 4857 condam
1242 4797 1373 4859 Andree
1397 4798 1496 4881 Ztep-
