3156 5364
698 336 784 392 Anno
807 333 901 412 1398.
1375 355 1427 396 ror

274 547 351 608 Item
377 545 536 626 Rogerius
560 559 717 607 mercator
741 545 780 606 de
801 545 914 607 eadem
940 545 1107 607 Florencia
1132 545 1277 608 vendidit
1297 545 1431 608 domum

159 673 256 715 suam
289 672 389 735 prope
413 652 547 716 domum
581 651 679 726 Galli,
702 653 831 713 sartoris
863 651 966 713 eidem
994 652 1108 713 Peroni
1134 670 1192 733 pro
1216 652 1345 733 triginta
1378 673 1432 715 sex

160 759 233 821 flor.
259 760 339 837 auri,
363 773 508 840 tempore
533 757 691 839 judicatus
716 758 882 821 Johannis.

268 866 345 927 Item
360 865 449 947 quod
468 866 544 946 quia
558 863 697 927 Benicba
715 863 779 926 filia
797 864 936 926 condam
951 865 1036 926 Luce
1049 865 1179 926 Bonioli
1197 884 1329 927 consors
1341 865 1428 927 vide·

155 973 233 1035 licet
258 972 351 1035 Chun
375 971 491 1049 Latini,
518 970 622 1052 jurati,
643 971 686 1031 ob
711 990 854 1032 amorem
879 971 1005 1032 virilem
1026 991 1082 1032 seu
1104 971 1232 1032 racione
1254 971 1430 1032 solutionis

162 1094 293 1142 centum
318 1093 349 1140 et
372 1077 513 1140 sedecim
538 1075 607 1139 flor.
633 1077 712 1155 auri,
746 1097 828 1158 quos
853 1077 937 1138 idem
968 1077 1063 1138 Cbun
1087 1077 1126 1138 ad
1151 1078 1318 1139 ecclesiam
1344 1078 1428 1139 beati

160 1186 319 1249 lobannis
351 1185 391 1247 de
423 1183 518 1246 Nova
550 1184 627 1245 villa
664 1184 836 1267 persolvit,
868 1183 943 1246 ideo
976 1184 1043 1266 ipsa
1076 1183 1216 1246 Benicba
1249 1198 1367 1246 rectam
1398 1200 1429 1246 et

157 1294 309 1375 equalem
345 1292 551 1353 medietatem
576 1310 632 1352 sue
664 1290 816 1351 stacionis
839 1290 899 1351 sibi
924 1309 981 1372 per
1013 1304 1133 1372 patrem
1166 1291 1430 1353 testamentaliter

164 1402 317 1480 legatam,
342 1397 548 1461 condonavit.

267 1506 345 1567 ltem
371 1504 459 1586 quod
480 1504 557 1586 quia
581 1502 746 1564 dominam
765 1502 939 1564 Benicbanr
965 1516 1147 1564 consortem
1165 1503 1315 1564 videlicet
1332 1502 1427 1565 Cbun

155 1629 242 1675 recta
267 1626 298 1675 et
322 1611 446 1693 equalis
469 1610 566 1672 tercia
591 1629 663 1692 pars
686 1609 726 1671 de
751 1610 947 1671 staciouibus
971 1624 1002 1671 et
1026 1609 1178 1671 domibus
1202 1610 1284 1671 inter
1307 1610 1424 1671 domos

156 1718 327 1781 Jacomelli
359 1715 416 1778 filii
449 1716 563 1800 Kyrini
596 1735 631 1776 ac
665 1714 781 1798 Gyuan
813 1715 895 1797 (filii)
928 1716 1093 1778 Benedicti
1126 1716 1264 1778 condam
1297 1716 1411 1797 judicis

154 1827 261 1890 cessit.
286 1827 399 1901 (deest).

264 1933 342 1994 Item
367 1930 543 2012 Gregorius
567 1931 687 2010 juratus
710 1930 796 1992 filius
814 1930 978 1992 Benedicti
1004 1945 1033 1991 et
1058 1951 1114 1991 sua
1139 1949 1270 1992 consors
1295 1931 1421 2011 Marga-

155 2040 245 2102 retba
271 2038 345 2101 lecit
363 2037 637 2121 permutacionem
655 2057 727 2099 cum
749 2037 848 2098 domo
866 2056 977 2098 eorum
995 2053 1027 2098 et
1050 2038 1177 2098 duobus
1194 2036 1330 2099 cellariis
1347 2055 1419 2097 cum

156 2147 382 2210 additamento
414 2160 543 2205 centum
577 2158 609 2205 et
640 2144 741 2204 tribus
772 2143 841 2205 flor.
874 2145 953 2222 auri,
985 2164 1043 2226 pro
1067 2143 1207 2225 quadam
1239 2144 1338 2204 domo
1370 2143 1422 2204 lo·

154 2254 273 2315 hannis
297 2251 354 2313 filii
380 2251 498 2313 Donati
524 2271 559 2312 ac
577 2251 709 2312 domine
735 2251 935 2331 Margaretbe
952 2271 1008 2312 sue
1032 2251 1188 2312 consortis
1212 2250 1244 2337 in
1269 2250 1419 2332 opposito

159 2360 295 2422 ecclesie
319 2359 404 2420 beati
430 2358 527 2418 Marci
553 2378 568 2418 a
594 2371 682 2438 parte
707 2357 865 2434 orientali,
895 2358 954 2439 ipsi
988 2357 1119 2418 domine
1144 2355 1345 2438 Margaretbe
1368 2376 1425 2438 per

157 2466 298 2529 condam
331 2466 474 2527 Marcum
498 2463 627 2525 fratrem
653 2464 779 2525 Mikeeb
812 2462 869 2525 filii
901 2464 1060 2526 Francisci
1094 2463 1357 2526 testamentaliter
1381 2463 1424 2523 le·

155 2589 276 2656 gatam,
301 2587 411 2634 mutua
436 2571 655 2633 vicissitudine
689 2570 832 2633 lecerunt
857 2573 1142 2652 permutacionem,
1174 2587 1319 2652 tempore
1352 2590 1423 2652 pre·

159 2681 239 2743 dicti
263 2680 387 2742 domini
412 2678 567 2740 lobannis
591 2677 717 2756 judicis.

269 2786 346 2848 ltem
373 2786 484 2847 Petrus
508 2784 648 2846 decanus
673 2783 839 2846 kolendini
856 2785 1058 2846 sacerdotum
1076 2803 1133 2866 pro
1158 2784 1276 2847 debitis
1301 2783 1421 2846 Mathei

155 2894 270 2956 decani
303 2891 450 2956 vendidit
483 2890 645 2972 quandam
674 2889 808 2952 domum
841 2893 952 2951 subtus
984 2891 1119 2952 eandem
1152 2891 1316 2972 quandam
1350 2893 1421 2972 por-

156 3001 269 3062 tellam
294 3000 421 3061 Zuroue
446 2996 585 3058 duerche
610 2996 740 3074 dictam,
765 2997 842 3059 emit
859 3011 1003 3078 tempore
1027 2997 1102 3058 dicti
1125 2996 1248 3058 domini
1268 2997 1423 3059 lobannis

155 3108 213 3185 ita,
238 3104 326 3186 quod
351 3103 486 3185 singulis
513 3103 713 3185 temporibus
738 3122 935 3184 possessores
956 3104 1055 3185 ipsius
1072 3103 1188 3165 domus
1210 3103 1346 3185 gradum
1371 3103 1423 3164 de·

153 3215 232 3274 bent
256 3229 456 3292 recuperare.
480 3210 559 3288 (sic).

263 3317 339 3378 ltem
365 3316 496 3377 domina
516 3314 690 3377 Katherina
708 3316 816 3377 relicta
842 3316 979 3377 condam
998 3316 1088 3378 Pauli
1112 3316 1227 3378 literati
1246 3315 1286 3377 de
1303 3313 1421 3392 Zecha,

153 3422 323 3506 quandam
346 3442 436 3484 suam
462 3437 577 3483 terram
603 3422 634 3482 in
660 3437 769 3483 nostro
794 3442 909 3504 campo
933 3422 1079 3485 vendidit
1103 3423 1210 3484 Blasio
1235 3421 1302 3483 filio
1328 3422 1421 3483 Kusi·

156 3529 255 3606 lonis,
279 3541 425 3610 tempore
449 3527 524 3589 dicti
550 3528 674 3588 domini
700 3528 865 3591 lobannis.

264 3633 342 3695 ltem
375 3633 520 3695 Thomas
552 3633 726 3714 calcaripar
757 3648 788 3695 et
820 3635 951 3695 domina
985 3632 1152 3695 Elizabeth
1186 3654 1242 3695 sua
1275 3655 1418 3715 consors,

154 3741 361 3803 donaverunt
386 3739 523 3801 Johanni
541 3738 608 3801 filio
633 3740 788 3801 lobannis
813 3754 843 3802 et
861 3740 1060 3821 Margaretbe
1081 3738 1144 3800 filie
1171 3741 1324 3822 ipsorum,
1341 3755 1420 3802 tem-

153 3866 233 3931 pore
259 3846 383 3908 domini
409 3846 563 3908 lobannis
587 3847 712 3927 judicis.

261 3953 338 4014 ltem
364 3952 495 4014 domina
522 3953 607 4013 Bosa
632 3953 740 4015 relicta
766 3954 902 4014 condam
929 3955 1040 4015 lacobi
1066 3953 1212 4036 pellificis
1234 3974 1319 4016 nunc
1344 3974 1419 4016 con·

151 4079 223 4121 sora
248 4056 381 4140 Georgii
408 4058 541 4140 Scapicb
567 4059 671 4138 jurati,
696 4059 828 4121 donavit
853 4061 1016 4141 quandam
1039 4061 1184 4140 domum,
1209 4081 1305 4122 unam
1331 4061 1418 4123 vide·

152 4166 229 4227 licet
254 4178 412 4245 quartam,
438 4165 469 4224 in
496 4179 605 4225 nostro
642 4180 745 4227 castro
771 4167 853 4227 inter
885 4164 1002 4227 fundos
1027 4167 1156 4248 Rompb
1189 4181 1219 4227 et
1242 4168 1417 4228 liberorum

153 4270 348 4345 Sabastiani,
373 4270 478 4332 eidem
505 4270 647 4352 Georgio
673 4271 815 4349 donavit,
840 4287 985 4353 tempore
1003 4273 1078 4335 dicti
1104 4273 1228 4334 domini
1254 4272 1417 4335 Johannis.

262 4376 339 4438 ltem
371 4377 502 4438 domina
543 4378 638 4438 luana
671 4399 801 4440 consors
833 4378 981 4459 Gregorii
1014 4380 1118 4459 jurati,
1149 4380 1281 4442 donavit
1312 4379 1417 4441 eidem

153 4483 315 4565 Gregorio
340 4484 503 4565 quandam
528 4485 674 4564 domum,
698 4499 844 4568 tempore
870 4486 945 4547 dicti
971 4486 1125 4547 lobannis
1150 4487 1273 4567 judicis.

261 4589 337 4652 Item
365 4590 466 4652 Elena
499 4591 606 4672 puella
642 4589 707 4652 filia
741 4592 878 4653 condam
912 4593 1022 4653 Jacobi
1055 4592 1211 4674 pellificis,
1244 4590 1417 4674 quemdam

151 4716 247 4759 suum
273 4694 410 4758 fundum
436 4698 528 4757 matri
553 4717 608 4758 sue
634 4698 765 4760 domine
791 4699 875 4759 Rose
893 4719 951 4780 pro
975 4700 1117 4781 quodam
1143 4701 1207 4762 alio
1232 4720 1290 4761 suo
1316 4698 1417 4761 fundo

152 4824 210 4888 per
234 4802 369 4865 modum
396 4803 576 4864 concambii
602 4804 751 4883 dedisset,
776 4819 921 4888 tempore
946 4805 1021 4867 dicti
1047 4807 1170 4868 domini
1197 4805 1361 4867 Johannis.
