3156 5364
689 350 777 407 Anno
800 362 893 426 1440.
1364 370 1421 430 341

153 559 276 622 fundos
312 580 431 622 vacuos
463 573 494 621 et
525 558 684 621 hedificiis
717 560 846 642 penitus
877 560 1047 622 destitutos
1079 560 1255 623 liberorum
1289 563 1427 624 condam

159 668 247 729 Luce
273 667 403 728 Bonioli
430 680 460 729 et
484 659 551 728 vias
575 686 631 727 seu
649 668 770 748 plateas
788 687 976 728 communes
992 666 1100 728 habita
1127 682 1157 728 et
1182 669 1347 748 existente,
1365 682 1428 732 tres

158 773 312 837 videlicet
336 774 439 835 curias
463 787 493 835 et
517 793 614 834 unam
641 787 788 855 quartam
806 774 893 836 curie
919 775 950 835 in
976 794 1008 835 se
1026 773 1214 850 continens;
1239 774 1315 836 item
1332 795 1427 857 super

158 881 240 943 duas
276 882 386 942 vineas
420 881 564 943 eiusdem
596 881 724 942 Thome
759 881 791 942 In
823 881 984 943 territorio
1017 880 1154 942 civitatis
1186 881 1338 963 predicte,
1364 901 1426 944 una

159 987 243 1048 inter
267 987 376 1048 vineas
401 986 554 1069 Stephani
582 986 839 1070 Slrerchlrowyeh
873 1001 903 1050 et
926 987 1103 1048 liberorum
1128 986 1294 1048 Michaelis
1316 989 1426 1069 generi

158 1094 324 1156 Dominiei
356 1094 510 1176 sagiparis
542 1093 661 1172 habita,
687 1108 717 1155 et
749 1094 810 1154 alia
845 1096 928 1156 inter
960 1094 1071 1154 vineas
1096 1093 1270 1175 Raphaelis
1293 1109 1324 1156 et
1349 1094 1427 1157 Gre-

155 1201 239 1282 gorii
273 1200 483 1263 Wrecharich
516 1200 623 1261 habita
657 1214 687 1261 et
719 1200 893 1278 existente,
935 1220 971 1261 ac
1004 1219 1100 1282 super
1132 1200 1296 1282 quoddam
1329 1200 1427 1263 fenile

154 1328 310 1389 magnum
335 1307 434 1390 ipsius
466 1307 604 1368 condam
638 1306 766 1368 Thorne
788 1306 882 1388 jurati
919 1307 950 1367 in
984 1325 1098 1388 campo
1123 1306 1260 1368 civitatis
1284 1307 1425 1389 predicte

155 1415 300 1476 habitam
327 1429 357 1475 et
382 1413 564 1489 existentes,
589 1433 624 1473 ac
642 1433 753 1474 earum
777 1413 992 1494 pertinencias
1024 1411 1168 1492 Georgio
1193 1425 1223 1474 et
1247 1413 1425 1475 Lodowico

155 1520 230 1582 filiis
254 1540 289 1581 ae
314 1520 477 1581 Dorothee
500 1518 565 1580 filie
590 1520 689 1601 ipsius
713 1519 843 1581 Thorne
867 1518 961 1599 jurati
986 1518 1026 1579 ad
1063 1516 1235 1579 fassionem
1260 1519 1360 1601 ipsius
1377 1534 1423 1581 est

154 1629 246 1690 litera
280 1626 491 1709 privilegialis
523 1628 581 1687 sub
615 1626 769 1708 pendenti
805 1625 913 1706 sigillo
946 1626 1186 1687 communitatis
1218 1625 1364 1688 confecta
1397 1641 1427 1688 et

155 1747 317 1796 emanata.

264 1840 343 1901 Item
367 1859 463 1920 super
487 1839 597 1916 domo,
615 1837 716 1900 fundo
741 1852 772 1901 et
789 1838 907 1921 (h)ort0
925 1840 1063 1902 condam
1089 1841 1190 1903 Elene
1216 1840 1360 1902 mulieris
1377 1860 1425 1902 re·

156 1947 232 2008 Iiete
257 1946 337 2007 olim
362 1945 517 2007 Iohannis
542 1946 580 2006 de
606 1947 740 2024 Nowak,
769 1946 851 2006 inter
883 1946 998 2008 domos
1024 1962 1054 2008 et
1088 1947 1206 2010 fundos
1230 1968 1265 2010 ac
1291 1947 1426 2030 (h)ortos

157 2052 269 2115 Jacobi
292 2053 402 2134 generi
428 2051 548 2134 prefate
575 2052 676 2113 Elene
702 2067 733 2113 et
749 2052 869 2113 Vrbani
896 2051 952 2114 filii
971 2054 1070 2135 ipsius
1095 2055 1227 2116 domine
1254 2055 1365 2133 Elene,
1392 2056 1422 2116 iu

156 2161 314 2221 suburbio
339 2159 476 2221 civitatis
500 2159 642 2241 predicte
667 2159 786 2238 habita,
811 2179 848 2221 ex
881 2160 1049 2240 legacione
1074 2160 1196 2244 prelate
1222 2163 1322 2223 EIene
1356 2183 1425 2224 mu-

156 2266 244 2328 lieris
268 2267 379 2327 matris
410 2267 510 2345 ipsius
534 2266 654 2326 Vrbani
688 2265 793 2327 eidem
832 2266 963 2327 Vrbano
996 2281 1044 2330 est
1073 2267 1165 2329 litera
1189 2271 1248 2329 sub
1272 2269 1425 2349 pendenti

156 2371 265 2452 sigillo
289 2372 530 2434 communitatis
549 2370 694 2434 confecta
714 2387 744 2434 et
769 2387 926 2451 emanata,
944 2393 1007 2455 que
1030 2374 1146 2435 domus
1170 2389 1201 2436 et
1225 2373 1343 2436 fundus
1360 2395 1425 2437 rne-

156 2479 244 2540 diam
269 2479 390 2540 curiam
416 2493 446 2540 et
471 2479 612 2540 mediam
637 2493 784 2541 octavam
810 2480 841 2540 in
867 2500 900 2540 se
925 2481 1078 2543 continet.

263 2585 340 2649 Item
366 2586 493 2664 domus,
526 2584 644 2647 fundus
677 2600 707 2648 et
738 2586 873 2667 (h)ortus
905 2585 1018 2669 prefati
1051 2588 1162 2649 Iacobi
1185 2581 1295 2669 generi
1322 2589 1423 2670 ipsius

157 2693 257 2754 Eleae
290 2692 453 2769 mulieris,
487 2693 568 2753 iuter
599 2691 755 2774 prefatam
788 2693 921 2754 domum
955 2707 985 2754 et
1009 2692 1145 2754 fundum
1171 2694 1270 2775 ipsius
1302 2694 1423 2756 Vrbani

156 2819 193 2860 ac
218 2799 299 2860 inter
324 2798 476 2880 (hlortum
502 2799 636 2880 provide
662 2800 794 2860 domine
812 2800 921 2860 relicte
946 2799 1084 2860 condam
1109 2799 1239 2861 Thome
1263 2801 1372 2862 vIearii
1391 2801 1425 2862 in

156 2906 401 2988 temporalibus,
427 2906 459 2966 in
476 2906 632 2967 suburbio
650 2906 786 2968 civitatis
803 2906 945 2988 predicte
964 2907 1072 2967 habita
1099 2922 1130 2967 et
1155 2907 1301 2986 existens,
1326 2927 1423 2969 unam

156 3029 302 3095 quartam
328 3013 416 3074 curie
440 3013 471 3073 in
496 3033 528 3073 se
554 3014 733 3090 continens,
760 3012 884 3094 prefato
909 3014 1030 3074 Iacobo
1054 3033 1175 3094 genero
1200 3014 1299 3095 ipsius
1324 3015 1423 3075 Elene

159 3119 303 3181 mulieris
328 3133 373 3180 est
396 3119 455 3180 sub
487 3119 640 3201 pendenti
672 3119 779 3200 sIgillo
812 3119 1052 3180 communitatis
1084 3120 1325 3201 privilegialiter
1349 3141 1422 3183 eon·

159 3225 294 3288 firmata.

265 3331 341 3393 Item
368 3332 522 3393 medietas
554 3332 681 3409 domus,
713 3331 815 3412 lundI,
848 3332 955 3393 celarii
982 3346 1013 3393 et
1044 3331 1267 3394 hedifieiorum
1294 3333 1325 3393 in
1352 3333 1424 3394 vico

158 3439 307 3501 exteriori
346 3459 402 3500 seu
426 3439 530 3520 platea
564 3438 814 3500 Theutlronicali
848 3458 909 3520 que
944 3438 1082 3500 condam
1115 3439 1244 3501 Martini
1269 3440 1424 3521 sagiparis

157 3544 328 3628 prefuerat,
353 3565 450 3606 unam
474 3560 620 3626 quartam
647 3545 733 3606 curie
760 3545 792 3605 in
820 3565 852 3607 se
878 3545 1056 3621 continens,
1090 3546 1188 3607 Lucie
1214 3546 1323 3607 relicte
1348 3567 1422 3607 con·

158 3653 232 3712 dam
259 3651 388 3734 Mathye
414 3652 512 3712 villici
545 3653 584 3712 de
617 3652 688 3711 vico
713 3651 915 3729 Latinorum,
948 3671 1011 3732 que
1043 3652 1138 3712 aliam
1166 3666 1312 3733 quartam
1338 3652 1424 3712 curie

158 3758 279 3819 ibidem
305 3758 480 3819 literatorie
498 3758 661 3839 possidere
687 3757 876 3834 dinoscitur,
894 3772 940 3818 est
957 3758 1201 3839 privilegialiter
1226 3757 1422 3822 confirmata.

265 3865 343 3926 Item
361 3865 501 3946 quedam
527 3866 589 3926 due
607 3865 749 3926 vIneaIes
771 3866 942 3947 porciones
966 3867 997 3926 in
1016 3867 1177 3927 territorio
1202 3867 1338 3928 civitatis
1355 3886 1423 3948 pre·

158 3971 242 4032 dicte
268 3972 349 4034 Inter
374 3973 483 4033 vineas
509 3973 662 4033 Demetrii
688 3972 829 4049 cultoris,
855 3993 871 4032 a
900 3974 1129 4053 septemtrione
1165 3987 1196 4033 et
1220 3973 1317 4034 Blasii
1343 3972 1423 4034 Cza·

158 4078 366 4161 ranthowych
384 4100 399 4138 a
419 4080 597 4141 meridione
624 4080 731 4140 habite
759 4094 789 4140 et
817 4080 997 4157 existentes,
1023 4080 1054 4139 in
1080 4099 1177 4140 unam
1203 4080 1330 4140 vineam
1349 4099 1423 4140 con·

159 4185 278 4262 biuate,
303 4206 358 4267 per
377 4185 554 4246 Fabianum
581 4183 683 4245 filium
703 4185 832 4245 Thome
854 4183 983 4246 fratrem
1000 4184 1114 4264 judicis
1139 4185 1278 4263 MartIni,
1304 4185 1424 4246 Mathie

158 4294 272 4354 textori
297 4293 396 4354 veluti
422 4292 508 4353 fratri
534 4293 678 4353 eiusdem
704 4292 837 4353 Fabiani
871 4307 901 4353 et
933 4293 1032 4374 ipsius
1057 4293 1186 4353 Martini
1212 4292 1326 4374 judicis
1349 4309 1423 4354 sunt

160 4399 286 4460 vendite
320 4415 475 4481 perpetuo
507 4399 700 4481 possidende
733 4414 763 4459 et
795 4398 968 4477 superinde
993 4414 1039 4460 est
1072 4400 1162 4460 litera
1187 4400 1246 4460 sub
1271 4399 1423 4481 pendenti

159 4506 267 4587 sigillo
292 4507 533 4567 communitatis
558 4505 704 4567 confecta
734 4506 976 4588 privilegialiter
1001 4519 1031 4566 et
1056 4520 1212 4567 emanata.

267 4613 344 4674 Item
370 4614 524 4674 medietas
556 4614 675 4674 dIrecta
708 4627 738 4672 et
770 4613 894 4692 equalis
926 4627 989 4672 tam
1024 4612 1140 4673 domus
1171 4627 1293 4672 murate
1326 4632 1423 4692 quam

160 4719 277 4799 lignee,
302 4740 399 4800 quarn
432 4720 540 4781 celarii
572 4718 769 4780 subterranei
803 4736 833 4780 et
866 4717 1089 4780 hedificiorum
1124 4720 1154 4779 in
1181 4719 1264 4780 dicta
1297 4719 1423 4780 civitate

161 4825 242 4887 inter
266 4826 382 4887 domos
407 4841 436 4888 et
462 4825 579 4888 fundos
606 4826 770 4887 Benedicti
795 4824 852 4888 filii
872 4824 1009 4911 Gywani
1034 4825 1159 4910 judicis,
1184 4827 1223 4888 ab
1241 4826 1364 4890 oriente
1394 4840 1424 4892 et
