3156 5364
684 377 770 433 Anno
792 386 882 452 1435.
1350 372 1411 455 283

152 586 269 650 dicitur
294 587 394 670 ipsius
418 588 546 665 domus,
571 607 667 648 unam
690 600 836 668 quartam
855 587 941 650 curie
965 586 997 648 in
1023 606 1056 649 se
1080 587 1259 666 continens,
1277 586 1416 649 iohanni

153 695 266 756 sartori
291 692 359 756 filio
384 694 525 776 Philippi
557 686 596 755 de
622 692 830 776 Opporowch
853 708 901 756 est
934 713 1006 756 cum
1031 694 1184 776 pendenti
1210 695 1317 776 sigillo
1341 713 1416 757 con-

152 799 276 862 firmata
301 815 458 882 perpetuo
483 800 687 882 possidenda.

258 907 337 969 ltem
351 907 542 969 Ambrosius
558 905 643 968 filius
657 906 835 969 Clementis
852 907 1007 969 institoris
1023 907 1232 971 medietatem
1251 908 1416 969 cuiusdam

153 1011 280 1093 domus,
298 1011 401 1092 fundi,
426 1013 534 1075 celarii
552 1027 583 1074 et
604 1011 828 1074 hedificiorum
848 1013 879 1074 in
898 1014 1025 1075 civitate
1042 1014 1184 1096 predicta
1205 1015 1286 1076 inter
1303 1013 1418 1076 domos

153 1120 251 1181 Blasii
269 1119 344 1182 dicti
363 1118 561 1181 Kurrnanich
578 1117 636 1180 filii
654 1119 783 1182 Thome
806 1133 836 1182 et
852 1119 1008 1181 Anthonii
1033 1120 1158 1183 clientis
1179 1119 1334 1200 habitam,
1351 1139 1416 1181 me·

153 1225 240 1287 diam
264 1227 385 1288 curiam
409 1226 442 1287 in
467 1246 499 1287 se
524 1225 727 1304 continentis,
753 1246 848 1288 unam
875 1225 1025 1288 videlicet
1049 1239 1195 1308 quartam
1221 1227 1307 1289 curie
1332 1227 1363 1289 irr
1383 1247 1417 1289 se

152 1330 336 1412 habentem,
371 1332 504 1395 honeste
529 1331 660 1394 domine
686 1333 789 1394 Kassa
813 1346 924 1394 vocate
953 1332 1092 1394 consorti
1119 1331 1252 1414 Georgii
1277 1332 1415 1419 Aythich

154 1439 248 1500 matri
272 1459 329 1500 sue
353 1439 516 1500 carissime
541 1438 674 1500 donavit
697 1451 853 1521 perpetuo
878 1439 1116 1522 possidendam.

260 1544 338 1607 ltem
372 1545 495 1628 Symon
528 1558 616 1606 sutor
648 1543 733 1606 filius
765 1545 859 1623 Petri,
895 1545 1036 1606 concivis
1061 1559 1179 1625 noster,
1211 1545 1416 1608 medietatem

154 1649 319 1711 cuiusdam
346 1650 472 1729 domus,
506 1648 598 1711 fundi
632 1666 662 1712 et
694 1649 920 1713 hedificiorum
949 1651 981 1712 in
1013 1651 1084 1712 vico
1110 1651 1246 1713 civitatis
1269 1651 1417 1713 exteriori

154 1771 298 1819 sutorum
324 1757 442 1836 lutoso,
471 1757 553 1819 inter
576 1757 709 1818 domurn
729 1757 883 1841 Stephani
900 1758 1016 1819 sutoris
1046 1772 1076 1818 et
1099 1758 1185 1819 viam
1210 1776 1415 1820 communem

154 1862 274 1942 habite,
299 1883 397 1925 unam
422 1877 568 1945 quartam
594 1878 624 1925 et
647 1877 794 1926 octavam
820 1865 852 1926 in
870 1884 903 1925 se
928 1864 1132 1944 continentis,
1157 1863 1363 1927 medietatem
1381 1878 1416 1925 ut

153 1969 327 2052 predicitur
360 1983 478 2031 rectam
504 1983 535 2032 et
566 1970 733 2051 equalem,
765 1989 863 2032 unam
896 1984 1043 2052 quartam
1075 1971 1161 2034 curie
1185 1971 1217 2032 in
1250 1990 1283 2032 se
1316 1969 1416 2032 conti·

154 2089 296 2154 nentem,
320 2096 337 2137 a
362 2089 451 2157 parte
476 2076 558 2138 dicte
583 2076 633 2137 vie
658 2077 840 2138 communis
864 2076 1017 2156 habitam,
1042 2076 1171 2141 Andree
1195 2077 1295 2139 sutori
1331 2094 1417 2138 novo

155 2182 280 2244 concivi
304 2196 413 2243 nostro
448 2202 506 2264 pro
531 2182 704 2244 duodecim
728 2181 797 2245 flor.
823 2196 979 2265 perpetuo
1004 2182 1150 2246 vendidit
1177 2182 1415 2266 possidendam.

263 2289 340 2351 item
366 2289 466 2352 Elene
499 2290 608 2351 relicte
640 2289 777 2352 condam
802 2289 931 2352 Andree
955 2290 1033 2351 olim
1059 2290 1202 2352 concivis
1229 2289 1329 2351 nostri
1360 2287 1417 2351 filii

156 2393 253 2473 Galli,
278 2395 432 2457 directam
457 2411 488 2457 et
512 2397 660 2477 equalem
695 2395 902 2458 medietatem
927 2396 1093 2457 cuiusdam
1119 2396 1245 2473 domus,
1271 2393 1362 2456 tundi
1387 2409 1418 2457 et

155 2499 391 2576 hedificiorum‚
416 2502 497 2562 inter
521 2501 635 2563 domos
652 2501 749 2563 Blasii
774 2500 940 2580 carnificis,
957 2505 998 2563 ab
1020 2522 1081 2563 una
1107 2516 1195 2585 parte
1214 2515 1245 2564 et
1262 2501 1417 2584 Stephani

154 2607 231 2669 dicti
257 2607 478 2691 Oczthowych
495 2607 614 2687 habite,
639 2609 729 2670 cuius
746 2608 873 2687 domus,
901 2608 992 2670 lundi
1017 2622 1048 2670 et
1072 2607 1295 2671 hedificiorum
1321 2608 1416 2670 aliam

154 2713 361 2776 medietatem
387 2712 570 2796 Stephanus
598 2713 738 2775 carnifex
772 2714 876 2775 dictus
900 2715 1010 2797 Zaylro
1044 2714 1218 2777 literatorie
1242 2713 1418 2776 dinoscitur

154 2820 331 2902 possidere,
356 2840 453 2882 unam
478 2834 624 2903 quartam
650 2821 681 2881 in
707 2842 740 2883 se
765 2822 996 2900 continentem,
1022 2820 1198 2902 Gregorius
1214 2819 1299 2882 filius
1323 2821 1417 2898 Petri,

154 2925 251 2988 frater
274 2946 350 2988 suus
374 2926 520 3004 carnalis,
545 2927 691 2989 vendidit
716 2941 871 3009 perpetuo
895 2927 1134 3008 possidendam.

262 3032 339 3094 item
358 3033 504 3115 Mathyas
528 3053 626 3114 gener
644 3033 797 3115 Stephani
824 3032 979 3095 Rakarich
998 3032 1082 3096 filius
1098 3035 1237 3112 Andree,
1255 3032 1417 3115 quandam

153 3152 278 3222 partem
303 3159 359 3200 seu
384 3139 572 3221 porcionem
597 3139 764 3201 cuiusdam
787 3139 880 3201 vinee
912 3158 968 3201 sue
994 3140 1076 3201 inter
1101 3140 1210 3200 vineas
1233 3138 1347 3200 Friche
1370 3139 1418 3220 ju·

155 3246 215 3308 rati
240 3259 270 3307 et
295 3245 473 3329 Elyzabeth
505 3265 561 3307 sue
594 3247 751 3307 consortis
783 3266 818 3307 ac
850 3245 1065 3327 Margarethe,
1091 3246 1177 3307 Luce
1208 3260 1239 3306 et
1262 3245 1418 3306 Anthonii

155 3353 332 3414 liberorum
358 3352 495 3414 condam
514 3353 633 3415 Cosme
655 3352 786 3414 cultoris
803 3352 923 3431 habite,
940 3373 957 3414 a
974 3367 1062 3436 parte
1088 3352 1276 3414 eorumdem
1294 3352 1418 3432 Marga-

156 3459 246 3521 rethe
271 3473 302 3521 et
335 3459 494 3523 dictorum
526 3458 666 3520 filiorum
699 3478 831 3520 suorum
862 3459 980 3537 habite,
1012 3479 1069 3541 per
1100 3473 1220 3520 metam
1252 3458 1418 3520 cuiusdam

156 3565 280 3626 arboris
305 3566 365 3627 iwa
389 3565 562 3646 vulgariter
587 3565 671 3626 dicte
697 3565 857 3627 metaliter
875 3579 1068 3646 separatam,
1092 3564 1237 3647 predicto
1254 3564 1419 3626 Anthonio

156 3671 212 3733 uni
236 3672 343 3733 vicino
368 3691 427 3733 suo
460 3692 498 3734 ex
526 3691 683 3733 consensu
717 3685 896 3732 ceterorum
930 3671 1110 3733 vicinorum
1142 3690 1200 3753 pro
1234 3670 1418 3752 quindecim

156 3777 227 3840 flor.
252 3779 322 3839 auri
347 3777 492 3840 vendidit
516 3792 672 3860 perpetuo
697 3777 937 3858 possidendam.

262 3883 340 3948 ltem
365 3884 505 3966 quedam
530 3884 622 3945 vinea
648 3884 881 3945 condicionalis
906 3883 1035 3945 Andree
1064 3883 1120 3944 filii
1146 3881 1244 3963 Galli,
1269 3884 1350 3945 inter
1373 3883 1419 3944 vi-

156 4009 232 4052 neas
256 3990 384 4052 Thome
418 3992 534 4052 sutoris
565 3991 641 4052 dicti
667 3990 834 4067 Podoben,
858 3990 898 4051 ab
925 4010 998 4068 una,
1034 4005 1123 4071 parte
1148 3991 1188 4051 ab
1212 3990 1312 4052 altera
1343 4009 1419 4051 vero

157 4096 311 4178 Stephani
328 4097 459 4159 cultoris
484 4097 559 4158 dicti
578 4095 715 4174 Ocheth,
740 4096 877 4178 desuper
899 4097 938 4157 ab
962 4095 1024 4157 alia
1046 4096 1139 4157 vinea
1164 4096 1263 4177 ipsius
1280 4094 1420 4172 Thome,

156 4201 237 4265 infra
263 4223 365 4286 usque
397 4204 556 4282 rivulum,
590 4223 662 4265 cum
695 4203 836 4283 virgulto
870 4203 974 4263 eidem
1009 4203 1102 4264 vinee
1135 4201 1329 4282 subjacenti,
1360 4202 1419 4262 sub

156 4309 249 4370 metis
273 4323 304 4371 et
327 4309 473 4372 terminis
497 4310 529 4370 in
553 4309 653 4370 literis
671 4309 869 4390 expressatis,
892 4309 992 4369 Elene
1019 4308 1127 4370 relicte
1153 4323 1183 4369 et
1200 4307 1329 4390 Mathye
1353 4306 1419 4369 filio

160 4416 258 4497 ipsius
283 4416 412 4478 Andree
447 4437 503 4498 per
527 4416 727 4494 legacionem
761 4416 860 4497 ipsius
891 4415 1018 4476 Andree
1043 4429 1089 4475 est
1121 4416 1179 4476 sub
1203 4414 1356 4496 pendenti
1380 4414 1419 4474 si-

155 4523 235 4604 gillo
259 4538 415 4606 perpetuo
440 4522 626 4585 confirmata
659 4524 712 4600 ita,
745 4523 833 4604 quod
859 4523 925 4604 ipsa
951 4522 1052 4583 Elena
1086 4542 1159 4583 cum
1184 4522 1327 4605 predicto
1351 4520 1419 4584 filio

156 4647 216 4690 suo
242 4642 272 4691 et
296 4650 351 4711 per
376 4650 431 4691 eos
458 4630 601 4711 ipsorum
619 4629 752 4691 heredes
776 4629 815 4690 de
841 4629 953 4690 eadem
983 4629 1076 4690 vinea
1102 4649 1202 4690 unum
1220 4648 1292 4690 cum
1311 4629 1419 4690 medio

157 4735 294 4797 cubulos
319 4737 350 4798 in
375 4737 503 4818 propria
529 4751 656 4800 vectura
682 4736 854 4799 colendino
874 4736 1062 4797 Latinorum
1088 4750 1233 4818 tempore
1257 4734 1419 4797 vindemie

157 4842 233 4905 dare
257 4845 462 4908 tenebuntur.
