3142 5356
544 468 631 526 Anno
654 479 746 545 1495.
772 501 813 511 -
836 468 888 532 26.
912 471 1040 541 augusti.
1373 486 1431 550 107

161 681 348 743 societatem
373 701 433 764 pro
451 680 598 742 emendis
622 682 728 764 porcis
745 681 900 744 dederant
917 696 948 743 et
965 682 1128 763 quendam
1155 682 1339 743 Emericurn
1357 682 1432 744 Kel-

162 785 257 848 chich
279 789 310 850 in
332 790 458 850 socium
482 789 582 870 vulgo
601 787 725 850 kethws
747 789 867 850 dictum
886 803 1135 871 assumpserant,
1162 809 1198 850 ac
1215 789 1316 850 eciam
1334 808 1433 870 quen·

166 891 246 954 dam
267 895 430 956 Andream
455 914 591 977 spanum
617 895 657 957 de
679 895 827 977 lwanych
853 896 884 957 in
902 897 1025 957 socium
1044 909 1291 977 assumpserant,
1316 910 1346 957 et
1362 915 1433 977 pre-

168 994 253 1060 latus
273 1001 408 1063 condam
435 1001 602 1063 Emericus
626 1002 686 1084 ipsi
712 1002 839 1063 Andree
874 1003 991 1063 dictam
1017 1003 1206 1084 peccuniam
1232 1002 1374 1080 dederat,
1399 1016 1434 1063 ut

170 1101 240 1183 ipae
259 1109 383 1170 emisset
408 1128 466 1190 pro
489 1128 552 1190 qua
578 1109 734 1191 peccunia
758 1109 846 1190 porci
872 1110 971 1191 empti
997 1109 1135 1172 fuerunt.

272 1217 399 1277 Mortuo
424 1235 501 1276 vero
526 1216 596 1297 ipso
622 1216 772 1277 Emerico
796 1236 813 1276 a
836 1215 957 1296 prefata
975 1217 1092 1277 Jelicza
1118 1217 1218 1298 ipsam
1244 1217 1433 1299 peccuniam

179 1323 355 1399 expetebant
379 1322 524 1384 dicentes
548 1321 638 1403 quod
657 1322 723 1402 ipsa
748 1321 880 1383 haberet
896 1323 1086 1404 peccuniam
1111 1322 1268 1404 prefatam
1294 1337 1324 1384 et
1348 1324 1433 1384 bona

182 1437 240 1503 sua,
260 1448 316 1510 que
342 1429 452 1490 omnia
479 1429 627 1510 negabat,
660 1429 748 1509 quod
786 1429 852 1510 ipsa
886 1448 950 1489 non
977 1442 1023 1490 est
1056 1430 1183 1490 conscia
1208 1449 1314 1510 neque
1338 1429 1434 1491 habet

188 1526 220 1590 de
240 1536 360 1615 prefatis
385 1536 536 1618 peccunia
567 1535 749 1616 quitquam,
782 1535 875 1613 iurati
900 1534 1178 1615 adjudicaverunt,
1203 1536 1291 1616 quod
1317 1537 1356 1597 ad
1381 1555 1434 1597 oc·

188 1644 276 1704 ravum
295 1644 383 1706 diem
407 1644 574 1705 terciamet
599 1643 701 1722 jurare
726 1641 858 1703 habebit
882 1642 970 1724 quod
997 1642 1063 1724 ipsa
1089 1661 1153 1703 non
1179 1642 1275 1704 habet
1299 1642 1338 1703 de
1364 1662 1434 1724 pre·

187 1733 242 1804 faris
263 1750 493 1832 quinquaginta
519 1750 663 1831 quinque
689 1747 757 1810 flor.
776 1749 945 1830 quitquam
971 1768 1075 1829 neque
1102 1750 1229 1810 conscia
1254 1750 1351 1810 estin
1369 1749 1432 1824 eis3

185 1844 202 1903 δί
222 1849 340 1935 jurabit,
373 1857 433 1918 erit
462 1857 501 1917 ab
535 1855 798 1938 impetitionibus
830 1855 1020 1917 eorumdem
1055 1856 1219 1933 absoluta,
1245 1870 1318 1918 ante
1351 1855 1433 1936 jura·

183 1967 307 2023 mentum
333 1976 442 2024 autem
467 1961 618 2043 quitquid
642 1962 682 2023 de
700 1961 794 2022 bonis
816 1962 915 2043 ipsius
934 1961 1072 2022 Emerici
1098 1963 1181 2022 dicta
1208 1962 1325 2023 Jelicza
1343 1981 1434 2022 soror

180 2073 225 2121 θῦε
254 2068 386 2147 habebit,
411 2069 589 2152 producere
623 2069 753 2129 debebit
777 2083 807 2130 et
839 2089 895 2150 per
928 2088 998 2129 eam
1031 2069 1159 2129 vendita
1185 2069 1224 2129 de
1251 2071 1343 2129 bonis
1367 2070 1433 2130 suis

178 2159 327 2238 declarare
352 2191 383 2238 et
415 2176 532 2250 dicere,
557 2189 672 2237 extunc
695 2175 720 2235 si
757 2194 822 2235 non
856 2174 1007 2253 juraverit
1038 2175 1103 2256 ipsa
1139 2175 1268 2253 Jelicza,
1300 2176 1432 2238 totalem

173 2282 347 2362 sutnpmam
373 2283 497 2344 solvere
522 2282 653 2343 debebit
677 2282 827 2344 videlicet
852 2283 883 2342 in
909 2297 1065 2363 quantum
1095 2303 1128 2344 se
1153 2283 1324 2346 extendent
1349 2285 1433 2345 bona

170 2365 271 2448 ipsiu,
291 2389 446 2465 Emerici3
477 2387 591 2470 prefati
617 2407 693 2449 vero
729 2389 925 2450 Laurencius
957 2402 987 2449 et
1016 2388 1100 2449 lwan
1127 2409 1191 2450 non
1226 2391 1368 2451 contenti
1393 2390 1433 2450 ad

166 2490 309 2557 seniores
333 2496 588 2579 appellaverunt.

256 2694 342 2769 laria
372 2705 498 2787 quarta
536 2705 613 2787 post
651 2699 775 2769 festum
812 2699 902 2769 beati
940 2699 1168 2770 Bartholomei
1200 2701 1355 2788 apostoli.

687 2854 754 2930 (26.
778 2851 922 2932 auguste).

275 2995 423 3057 Seniores
458 2994 581 3074 judices
616 3015 743 3057 causam
781 3009 901 3056 motam
936 2995 1018 3056 inter
1055 2996 1268 3057 Laurencium
1306 2995 1435 3077 Sporar,

147 3066 310 3164 1‘Vanum
337 3103 518 3164 institorem
543 3117 574 3164 et
598 3103 741 3164 relictam
774 3103 926 3163 Jeliczam
955 3121 1097 3163 sororem
1132 3104 1269 3163 condam
1297 3103 1433 3163 Emerici

146 3171 322 3271 KQlchich
356 3209 485 3270 racione
521 3209 755 3290 quinquaginta
793 3209 937 3289 quinque
969 3208 1038 3270 flor.
1072 3229 1130 3290 pro
1166 3210 1283 3290 quibus
1316 3222 1436 3269 emerat

146 3295 283 3376 PQrcos
313 3316 510 3395 octoaginta,
534 3335 616 3396 quos
652 3316 691 3376 ab
725 3315 846 3376 eisdem
879 3329 999 3376 emerat
1031 3315 1163 3397 quidam
1190 3315 1363 3376 Pozlrochil
1396 3316 1435 3376 de

151 3383 299 3484 Liibako
316 3437 347 3485 et
364 3422 496 3483 eosdem
519 3442 635 3504 porcos
652 3420 792 3503 prefatus
810 3421 946 3482 condam
966 3422 1132 3482 Emericus
1149 3423 1210 3483 huc
1229 3423 1260 3482 in
1286 3442 1435 3503 campum

154 3509 408 3606 zssgnbiensem
433 3548 470 3589 ex
495 3529 659 3610 provincia
686 3528 834 3610 lwanych
858 3528 920 3588 huc
949 3528 1117 3610 depulerat
1142 3543 1172 3589 et
1197 3529 1280 3608 abigi
1308 3527 1436 3604 fecerat,

159 3617 317 3717 visisque,
343 3636 410 3717 ipse
435 3635 610 3697 Pozlcochil
636 3636 738 3696 dictos
762 3656 877 3716 porcos
902 3636 1042 3717 recipere
1074 3637 1195 3711 noluit;
1220 3636 1349 3696 tandem
1376 3636 1434 3716 ipsi

169 3735 257 3803 boici
281 3743 345 3821 jam
373 3743 404 3802 in
437 3757 593 3824 potestate
624 3739 822 3823 prefatorum
855 3757 954 3819 erant,
988 3756 1019 3803 et
1047 3763 1083 3802 ex
1116 3762 1181 3822 quo
1208 3742 1345 3803 vendere
1371 3761 1435 3801 non

177 3851 328 3926 Poterant,
363 3850 493 3909 eosdem
520 3869 644 3910 rursum
678 3849 751 3909 illac
777 3849 831 3909 ubi
864 3849 952 3930 prius
984 3850 1208 3910 nutriebantur
1240 3849 1435 3909 missisunt.

178 3940 266 4031 lgitur
291 3975 328 4016 ex
355 3974 421 4036 quo
445 3956 503 4038 ipsi
530 3956 617 4036 porci
644 3956 716 4016 illac
735 3956 898 4036 perierunt
923 3971 953 4016 et
978 3956 1120 4037 precium
1139 3955 1340 4028 eorumdem,
1366 3973 1433 4035 pre·

180 4051 224 4120 lati
250 4061 447 4123 Laurencius
472 4075 502 4123 et
527 4061 610 4122 lwan
638 4082 654 4122 a
681 4060 757 4121 feria
775 4076 861 4121 sexta
884 4062 1027 4142 proxima
1054 4062 1093 4121 ad
1119 4061 1434 4141 quintumdecimum

178 4163 253 4228 diem
287 4167 392 4248 jurare
423 4167 589 4229 habebunt
622 4169 652 4228 in
685 4188 736 4228 ars
770 4183 876 4228 sancte
910 4168 1024 4229 Crucis
1055 4168 1142 4249 quod
1180 4187 1252 4229 cum
1289 4169 1369 4228 scitu
1406 4182 1436 4227 et

177 4273 335 4335 voluntate
360 4277 549 4335 eorumdem
584 4294 641 4336 nec
678 4295 715 4334 ex
746 4275 973 4335 commissione
1007 4274 1147 4355 prefatus
1172 4274 1308 4334 condam
1342 4274 1436 4334 Eme-

174 4379 252 4441 ricus
276 4378 408 4441 eosdem
442 4399 558 4462 porcos
583 4381 655 4442 illac
680 4380 720 4441 ad
744 4381 944 4463 provinciam
971 4400 1035 4440 non
1068 4380 1245 4461 depulerat,
1270 4380 1325 4440 sed
1349 4380 1437 4440 solus

171 4486 299 4568 propria
331 4487 529 4563 temeritate;
561 4488 585 4547 si
619 4487 781 4567 jurabunt,
803 4507 840 4548 ex
872 4501 947 4547 tunc
980 4487 1018 4546 de
1052 4488 1145 4547 bonis
1178 4487 1437 4567 quibuscumque

171 4593 307 4674 qualiter
342 4593 463 4655 vocatis
499 4609 529 4655 et
564 4596 658 4655 rebus
692 4595 791 4675 ipsius
825 4594 963 4654 Emerici
998 4608 1154 4674 quantum
1190 4613 1222 4652 se
1262 4595 1345 4653 bona
1381 4612 1436 4653 sua

171 4698 354 4777 extendent,
387 4697 568 4761 satisfacere
601 4700 667 4782 ipsa
694 4700 811 4760 Jelicza
844 4719 934 4760 soror
959 4720 1015 4760 sua
1045 4700 1184 4775 debebit,
1213 4700 1321 4760 omnia
1356 4701 1436 4779 regi-

170 4803 301 4866 strsndo
332 4819 445 4866 suaet
477 4805 607 4888 insuper
638 4805 706 4866 sola
739 4806 854 4866 eodem
889 4805 940 4865 die
973 4806 1075 4884 jurare
1100 4806 1246 4883 habebit,
1279 4805 1366 4886 quod
1393 4805 1437 4865 nil

169 4909 243 4994 plus
266 4911 306 4973 de
337 4911 433 4975 bonis
457 4912 522 4975 suis
555 4912 723 4996 quibusvis
754 4912 850 4975 habet
885 4932 944 4977 nec
976 4911 1139 4988 vendidit;
1165 4912 1189 4973 si
1215 4932 1291 4975 vero
1324 4910 1437 4993 prefati
