3142 5356
152 329 209 390 162
676 329 762 385 Anno
785 324 879 405 1428.

146 540 356 621 adjacentem,
382 558 454 600 cum
480 540 549 620 ipso
574 539 692 619 (h)orto
722 552 754 598 et
777 538 861 598 dicta
894 539 986 598 vinea
1011 537 1116 597 eidem
1141 537 1275 620 Agyche
1301 537 1417 598 statui·

147 665 218 707 mus
242 658 398 728 perpetuo
423 644 661 727 possidendam.

252 752 329 812 Item
364 748 541 833 Elyzabeth
574 750 690 810 mulier
722 750 844 828 relicta,
884 764 914 810 et
945 749 1091 811 Andreas
1122 748 1207 811 filius
1241 769 1277 811 ac
1314 751 1419 811 Kassa

147 858 253 940 puella
278 856 342 918 filia
367 856 505 917 condam
535 855 691 917 Johannis
723 855 780 918 filii
807 856 954 939 Dyonisii
988 856 1028 917 de
1053 854 1226 933 Kraleuch,
1251 875 1314 936 pro
1341 871 1420 917 tunc

148 965 295 1025 concives
319 964 429 1040 nostri,
461 963 624 1045 quandam
654 963 788 1025 domum
822 983 933 1025 eorum
968 963 998 1023 in
1032 963 1159 1024 civitate
1186 963 1269 1024 inter
1302 963 1421 1024 domos

148 1069 287 1151 Philippi
311 1070 441 1130 sartoris
465 1083 496 1131 et
521 1068 700 1132 Clementis
718 1069 875 1131 Praudich
900 1069 1054 1146 habitam,
1078 1069 1217 1130 mediam
1236 1070 1362 1130 curiam
1389 1083 1421 1130 et

148 1192 293 1238 octavam
319 1178 350 1237 in
375 1197 408 1238 se
433 1177 664 1255 continentem,
689 1177 862 1238 Valentino
891 1174 1030 1238 carnifici
1055 1174 1122 1237 filio
1146 1176 1273 1237 Nicolai
1301 1176 1419 1257 lglicza

148 1302 206 1363 pro
231 1282 344 1363 viginti
368 1283 471 1344 tribus
495 1283 610 1344 marcis
634 1296 664 1344 et
695 1284 796 1345 tribus
826 1284 932 1364 pensis
965 1283 1172 1343 denariorum
1196 1280 1421 1344 vendiderunt

148 1403 303 1471 perpetuo
329 1389 568 1471 possidendam.

255 1497 332 1558 Item
357 1497 479 1576 Agicha
507 1497 614 1558 relicta
633 1497 771 1558 condam
794 1495 906 1557 decani
926 1494 1057 1572 Mathei,
1082 1494 1235 1555 directam
1260 1508 1293 1554 et
1318 1514 1419 1575 equa·

149 1602 212 1663 lem
245 1603 449 1664 medietatem
483 1603 649 1664 cuiusdam
682 1602 790 1683 (h)orti
826 1602 874 1663 sui
909 1602 939 1662 in
972 1601 1129 1662 suburbio
1162 1600 1303 1662 civitatis
1336 1600 1419 1661 inter

148 1708 279 1789 (h)ortos
305 1708 438 1788 Georgii
463 1710 594 1770 sartoris
626 1723 657 1770 et
682 1709 795 1770 Briccii
821 1708 986 1790 piscatoris
1018 1706 1130 1784 habiti,
1166 1706 1373 1767 medietatem
1399 1727 1415 1766 a

148 1830 236 1896 parte
261 1815 361 1896 ipsius
386 1814 519 1895 Georgii
551 1815 690 1892 sartoris,
716 1815 852 1895 provido
886 1814 954 1874 viro
981 1813 1144 1894 Stephano
1175 1810 1244 1873 filio
1270 1812 1416 1893 Dragias,

149 1922 371 2002 proquodam
396 1922 516 2002 (h)orto
541 1942 599 1982 suo
625 1923 656 1981 in
685 1921 841 1982 suburbio
875 1921 990 1981 eodem
1017 1920 1098 1980 inter
1130 1918 1285 2000 (h)ortum
1320 1918 1415 1979 Blasii

148 2029 264 2089 sutoris
287 2043 318 2088 et
349 2029 433 2088 viam
466 2048 673 2090 communem
708 2027 836 2105 habitu,
872 2042 903 2088 et
932 2047 990 2108 pro
1024 2026 1246 2088 additamento
1279 2040 1416 2108 quatuor

149 2152 326 2193 marcarum
351 2133 557 2194 denariorum
583 2134 687 2195 eidem
713 2132 845 2217 Agyche
862 2133 958 2215 plene
980 2133 1066 2211 dat0,
1091 2153 1108 2193 e
1132 2152 1291 2193 converso
1308 2147 1411 2193 autem

150 2240 216 2319 ipse
242 2238 425 2319 Stephanus
449 2241 569 2301 dictum
595 2240 749 2321 (hlortum
771 2259 865 2300 suum
883 2239 988 2300 eidem
1009 2238 1130 2319 Agiche
1155 2257 1214 2319 pro
1240 2238 1323 2299 dicta
1350 2257 1411 2298 me·

149 2344 265 2405 dietate
291 2344 390 2425 ipsius
414 2344 522 2425 (hlorti
547 2346 608 2423 sui,
633 2365 705 2406 cum
730 2345 952 2406 additamento
984 2343 1141 2404 dictarum
1167 2357 1307 2424 quatuor
1331 2362 1410 2403 mar·

149 2469 257 2511 carum
291 2450 516 2528 denariorum,
550 2472 606 2533 per
637 2451 770 2512 modum
803 2450 1054 2533 permutationis
1082 2449 1224 2511 vicissim
1257 2449 1410 2511 dederunt

149 2556 392 2638 possidendum.

256 2662 333 2722 ltem
358 2663 522 2743 Jurglinus
546 2662 630 2724 filius
656 2664 751 2741 Petri,
779 2663 920 2725 concivis
944 2676 1062 2740 noster,
1088 2663 1223 2724 domum
1247 2683 1337 2725 suam
1362 2676 1407 2722 to·

150 2768 246 2828 talem
273 2769 304 2828 in
331 2768 468 2845 civitate,
495 2771 576 2829 inter
600 2770 715 2830 domos
739 2784 769 2830 et
793 2767 911 2829 fundos
931 2769 1107 2830 liberorum
1133 2768 1272 2830 condam
1303 2769 1406 2831 lacobi

151 2873 269 2933 Pulech
296 2887 326 2934 et
350 2874 484 2934 domum
519 2889 675 2936 muratam
708 2891 815 2936 nostre
848 2876 1088 2936 communitatis
1120 2895 1178 2956 pro
1202 2875 1290 2936 scola
1314 2876 1408 2956 depu-

150 2992 259 3057 tatam,
284 2992 347 3039 tres
379 2994 506 3060 quartas
531 2982 616 3042 curie
650 2981 681 3041 in
713 3001 745 3041 se
778 2981 1008 3056 continentem,
1041 3000 1099 3063 pro
1123 2981 1253 3061 triginta
1279 2995 1311 3043 et
1342 2994 1409 3041 octo

151 3085 219 3146 flor.
245 3086 312 3144 auri
346 3086 489 3147 vendidit
521 3101 676 3168 perpetuo
713 3086 939 3168 possidendam
974 3086 1163 3167 F(r)iderico
1187 3083 1254 3147 filio
1288 3085 1409 3166 Angeli.

257 3190 333 3251 ltem
360 3210 419 3250 uos
442 3193 604 3272 quandam
630 3193 763 3253 domum
789 3193 915 3274 providi
940 3192 1078 3253 condam
1104 3193 1161 3252 viri
1187 3193 1334 3254 Barnabe
1351 3212 1410 3252 sar·

151 3297 228 3358 toris
263 3296 319 3357 filii
354 3296 521 3378 Stephani,
554 3299 585 3358 in
618 3300 744 3360 civitate
778 3300 859 3360 inter
891 3299 1006 3360 domos
1035 3298 1190 3360 lohannis
1224 3299 1361 3360 Chonlra
1384 3312 1412 3359 et

154 3404 253 3465 Elene
278 3424 313 3464 ac
339 3403 470 3485 Georgii
496 3406 624 3466 sartoris
648 3406 800 3482 habitam,
826 3421 888 3467 tres
916 3421 1045 3487 quartas
1070 3407 1100 3466 in
1125 3425 1158 3467 se
1184 3420 1412 3479 continentem,

153 3510 238 3589 juxta
262 3512 532 3572 testamentariam
551 3513 750 3592 legacionem
771 3512 869 3593 ipsius
886 3513 1032 3573 Barnabe
1049 3513 1178 3573 sartoris
1195 3532 1305 3573 coram
1323 3511 1413 3573 nobis

154 3617 185 3676 in
211 3616 315 3697 specie
341 3616 524 3693 exhibitam,
551 3618 750 3698 Margarethe
771 3617 837 3678 filie
864 3617 993 3680 Thome
1018 3618 1157 3679 consorti
1181 3632 1213 3680 et
1237 3617 1412 3703 Elyzabeth

154 3723 259 3803 puelle
288 3721 374 3783 alfini
393 3743 448 3783 sue
477 3725 645 3784 statuimus
670 3723 896 3806 possidendam
915 3745 971 3805 per
988 3725 1152 3800 medium;
1170 3744 1267 3806 quam
1287 3726 1412 3786 tandem
1466 3744 1474 3769 ¹

154 3828 265 3888 eedem
290 3829 374 3910 juxta
408 3843 557 3891 contenta
588 3831 751 3891 literarum
777 3844 860 3891 recte
891 3844 921 3891 et
953 3831 1110 3912 equaliter
1135 3831 1216 3892 inter
1239 3851 1274 3891 se
1299 3831 1413 3892 divise·
1446 3851 1474 3865 ³

154 3948 226 3995 runt
250 3949 406 4016 perpetuo
431 3936 670 4016 possidendam.

260 4040 336 4102 ltem
361 4062 419 4103 nos
443 4043 606 4123 quandam
623 4058 739 4104 terram
763 4063 819 4104 seu
836 4043 999 4104 vineolam
1024 4042 1193 4121 desertam,
1218 4043 1318 4105 simul
1344 4048 1474 4105 cum!

154 4147 294 4228 virgulto
319 4148 380 4209 sibi
404 4148 592 4227 subjacenti,
617 4151 648 4209 in
677 4150 791 4210 silvam
823 4149 964 4210 totaliter
988 4149 1161 4227 redactam,
1193 4150 1225 4210 in
1249 4151 1474 4211 territorioc

154 4252 185 4312 in
211 4254 375 4314 montibus
407 4254 610 4332 Jelenowch,
644 4256 725 4316 inter
756 4256 865 4316 vineas
905 4270 936 4316 et
960 4256 1098 4336 virgulta
1130 4256 1308 4318 liberorum
1342 4276 1474 4318 conf

154 4358 227 4418 dam
261 4358 388 4441 Gyuani
421 4359 535 4440 judicis
566 4359 623 4421 filii
658 4361 822 4422 Benedicti
861 4376 891 4422 et
924 4360 1057 4442 Georgii
1091 4362 1222 4422 cultoris
1264 4362 1474 4431 habitamq

153 4463 277 4525 fossatis
302 4466 445 4547 undique
470 4468 754 4545 circumvallatam,
784 4468 920 4549 desuper
951 4489 967 4528 a
1000 4468 1050 4528 via
1076 4468 1241 4529 communi
1274 4482 1305 4530 et
1336 4468 1458 4531 inira

154 4591 254 4652 usque
287 4573 425 4632 rivulum
459 4594 491 4633 se
524 4574 760 4650 extendentem,
794 4574 878 4655 juxta
912 4573 1183 4635 testamentariam
1214 4574 1438 4655 legacionem

154 4676 245 4736 Pauli
269 4677 416 4739 Thothar
439 4679 575 4760 provido
600 4680 669 4740 viro
695 4680 778 4740 lwan
805 4679 957 4740 Jalchiew
981 4677 1049 4740 filio
1075 4679 1229 4762 Stephani
1254 4673 1431 4742 executori

154 4803 212 4844 suo
237 4784 407 4846 statuimus
431 4798 586 4866 perpetuo
612 4786 851 4868 possidendam.
