<?xml version="1.0" encoding="UTF-8"?>
<!DOCTYPE html PUBLIC "-//W3C//DTD XHTML 1.0 Transitional//EN"
    "http://www.w3.org/TR/xhtml1/DTD/xhtml1-transitional.dtd">
<html xmlns="http://www.w3.org/1999/xhtml" xml:lang="en" lang="en">
 <head>
  <title>
</title>
<meta http-equiv="Content-Type" content="text/html;charset=utf-8" />
  <meta name='ocr-system' content='tesseract 3.04.00' />
  <meta name='ocr-capabilities' content='ocr_page ocr_carea ocr_par ocr_line ocrx_word'/>
</head>
<body>
  <div class='ocr_page' id='page_1' title='image "./monumentahistor17laszgoog_0600.png"; bbox 0 0 3142 5356; ppageno 0'>
   <div class='ocr_carea' id='block_1_1' title="bbox 63 354 1340 2671">
    <p class='ocr_par' dir='ltr' id='par_1_1' title="bbox 67 354 1340 754">
     <span class='ocr_line' id='line_1_1' title="bbox 607 354 1332 431; baseline 0.006 -20"><span class='ocrx_word' id='word_1_1' title='bbox 607 354 693 411; x_wconf 84' lang='lat' dir='ltr'><strong>Anno</strong></span> <span class='ocrx_word' id='word_1_2' title='bbox 715 367 804 431; x_wconf 73' lang='lat'><em>143¹·</em></span> <span class='ocrx_word' id='word_1_3' title='bbox 1275 372 1332 415; x_wconf 86' lang='lat'><strong>221</strong></span> 
     </span>
     <span class='ocr_line' id='line_1_2' title="bbox 67 562 1340 647; baseline 0.001 -22"><span class='ocrx_word' id='word_1_4' title='bbox 67 565 158 626; x_wconf 88' lang='lat' dir='ltr'><strong>idem</strong></span> <span class='ocrx_word' id='word_1_5' title='bbox 182 564 335 625; x_wconf 91' lang='lat' dir='ltr'><strong>dominus</strong></span> <span class='ocrx_word' id='word_1_6' title='bbox 360 562 513 626; x_wconf 91' lang='lat' dir='ltr'><strong>Cusinius</strong></span> <span class='ocrx_word' id='word_1_7' title='bbox 537 564 710 626; x_wconf 86' lang='lat' dir='ltr'>reservavit</span> <span class='ocrx_word' id='word_1_8' title='bbox 737 564 841 626; x_wconf 88' lang='lat' dir='ltr'><strong>adhuc</strong></span> <span class='ocrx_word' id='word_1_9' title='bbox 874 579 1030 647; x_wconf 90' lang='lat' dir='ltr'><strong>perpetuo</strong></span> <span class='ocrx_word' id='word_1_10' title='bbox 1055 565 1283 646; x_wconf 79' lang='lat' dir='ltr'>possidendam</span> <span class='ocrx_word' id='word_1_11' title='bbox 1309 579 1340 626; x_wconf 92' lang='lat' dir='ltr'><strong>et</strong></span> 
     </span>
     <span class='ocr_line' id='line_1_3' title="bbox 67 670 818 754; baseline 0.001 -22"><span class='ocrx_word' id='word_1_12' title='bbox 67 670 385 754; x_wconf 84' lang='lat' dir='ltr'><strong>quomodocumque</strong></span> <span class='ocrx_word' id='word_1_13' title='bbox 410 670 549 732; x_wconf 85' lang='lat' dir='ltr'><strong>voluerit</strong></span> <span class='ocrx_word' id='word_1_14' title='bbox 573 670 818 752; x_wconf 84' lang='lat' dir='ltr'><strong>disponendam.</strong></span> 
     </span>
    </p>

    <p class='ocr_par' dir='ltr' id='par_1_2' title="bbox 67 773 1339 1285">
     <span class='ocr_line' id='line_1_4' title="bbox 179 773 1339 859; baseline 0.002 -22"><span class='ocrx_word' id='word_1_15' title='bbox 179 777 259 839; x_wconf 91' lang='lat' dir='ltr'><strong>ltem</strong></span> <span class='ocrx_word' id='word_1_16' title='bbox 284 777 423 859; x_wconf 87' lang='lat' dir='ltr'><strong>quedam</strong></span> <span class='ocrx_word' id='word_1_17' title='bbox 449 777 542 837; x_wconf 89' lang='lat' dir='ltr'><strong>vinea</strong></span> <span class='ocrx_word' id='word_1_18' title='bbox 561 773 712 838; x_wconf 86' lang='lat' dir='ltr'><strong>inforesta</strong></span> <span class='ocrx_word' id='word_1_19' title='bbox 736 798 792 840; x_wconf 89' lang='lat' dir='ltr'><strong>seu</strong></span> <span class='ocrx_word' id='word_1_20' title='bbox 811 778 935 839; x_wconf 88' lang='lat' dir='ltr'><strong>deserta</strong></span> <span class='ocrx_word' id='word_1_21' title='bbox 959 779 991 838; x_wconf 94' lang='lat' dir='ltr'><strong>in</strong></span> <span class='ocrx_word' id='word_1_22' title='bbox 1016 779 1176 839; x_wconf 90' lang='lat' dir='ltr'><strong>territorio</strong></span> <span class='ocrx_word' id='word_1_23' title='bbox 1203 779 1339 840; x_wconf 88' lang='lat' dir='ltr'><strong>civitatis</strong></span> 
     </span>
     <span class='ocr_line' id='line_1_5' title="bbox 68 882 1338 969; baseline 0.001 -24"><span class='ocrx_word' id='word_1_24' title='bbox 68 886 156 946; x_wconf 90' lang='lat' dir='ltr'><strong>inter</strong></span> <span class='ocrx_word' id='word_1_25' title='bbox 180 884 309 946; x_wconf 88' lang='lat' dir='ltr'><strong>vineam</strong></span> <span class='ocrx_word' id='word_1_26' title='bbox 335 884 534 964; x_wconf 85' lang='lat' dir='ltr'><strong>Margaretbe</strong></span> <span class='ocrx_word' id='word_1_27' title='bbox 567 882 631 944; x_wconf 86' lang='lat' dir='ltr'><strong>filie</strong></span> <span class='ocrx_word' id='word_1_28' title='bbox 664 884 801 945; x_wconf 89' lang='lat' dir='ltr'><strong>condam</strong></span> <span class='ocrx_word' id='word_1_29' title='bbox 834 884 962 969; x_wconf 89' lang='lat' dir='ltr'><strong>Mathye</strong></span> <span class='ocrx_word' id='word_1_30' title='bbox 997 884 1159 963; x_wconf 86' lang='lat' dir='ltr'><strong>institoris,</strong></span> <span class='ocrx_word' id='word_1_31' title='bbox 1192 885 1338 966; x_wconf 81' lang='lat' dir='ltr'>privigne</span> 
     </span>
     <span class='ocr_line' id='line_1_6' title="bbox 69 989 1338 1073; baseline -0.001 -20"><span class='ocrx_word' id='word_1_32' title='bbox 69 991 172 1053; x_wconf 85' lang='lat' dir='ltr'>Blasii</span> <span class='ocrx_word' id='word_1_33' title='bbox 195 989 253 1053; x_wconf 87' lang='lat' dir='ltr'><strong>filii</strong></span> <span class='ocrx_word' id='word_1_34' title='bbox 279 991 369 1052; x_wconf 88' lang='lat' dir='ltr'><strong>Pauli</strong></span> <span class='ocrx_word' id='word_1_35' title='bbox 395 990 571 1068; x_wconf 83' lang='lat' dir='ltr'><strong>Charanth‚</strong></span> <span class='ocrx_word' id='word_1_36' title='bbox 586 1005 616 1052; x_wconf 91' lang='lat' dir='ltr'><strong>et</strong></span> <span class='ocrx_word' id='word_1_37' title='bbox 639 1011 739 1073; x_wconf 83' lang='lat' dir='ltr'><strong>penes</strong></span> <span class='ocrx_word' id='word_1_38' title='bbox 759 991 872 1052; x_wconf 88' lang='lat' dir='ltr'><strong>silvam</strong></span> <span class='ocrx_word' id='word_1_39' title='bbox 896 1006 1003 1052; x_wconf 90' lang='lat' dir='ltr'><strong>nostre</strong></span> <span class='ocrx_word' id='word_1_40' title='bbox 1028 992 1268 1054; x_wconf 86' lang='lat' dir='ltr'><strong>communitatis</strong></span> <span class='ocrx_word' id='word_1_41' title='bbox 1284 992 1338 1052; x_wconf 88' lang='lat' dir='ltr'><strong>ha·</strong></span> 
     </span>
     <span class='ocr_line' id='line_1_7' title="bbox 69 1094 1338 1180; baseline 0 -21"><span class='ocrx_word' id='word_1_42' title='bbox 69 1098 151 1176; x_wconf 86' lang='lat' dir='ltr'><strong>bita,</strong></span> <span class='ocrx_word' id='word_1_43' title='bbox 175 1094 299 1180; x_wconf 83' lang='lat' dir='ltr'><strong>prelato</strong></span> <span class='ocrx_word' id='word_1_44' title='bbox 324 1097 432 1158; x_wconf 83' lang='lat' dir='ltr'><strong>Blasio</strong></span> <span class='ocrx_word' id='word_1_45' title='bbox 464 1117 520 1179; x_wconf 90' lang='lat' dir='ltr'><strong>per</strong></span> <span class='ocrx_word' id='word_1_46' title='bbox 553 1098 704 1179; x_wconf 84' lang='lat' dir='ltr'><strong>Egidium</strong></span> <span class='ocrx_word' id='word_1_47' title='bbox 738 1097 919 1159; x_wconf 88' lang='lat' dir='ltr'><strong>carnificem</strong></span> <span class='ocrx_word' id='word_1_48' title='bbox 948 1112 994 1159; x_wconf 90' lang='lat' dir='ltr'><strong>est</strong></span> <span class='ocrx_word' id='word_1_49' title='bbox 1027 1097 1155 1159; x_wconf 89' lang='lat' dir='ltr'><strong>vendita</strong></span> <span class='ocrx_word' id='word_1_50' title='bbox 1181 1112 1211 1159; x_wconf 89' lang='lat' dir='ltr'><strong>et</strong></span> <span class='ocrx_word' id='word_1_51' title='bbox 1242 1098 1338 1180; x_wconf 84' lang='lat' dir='ltr'><strong>privi-</strong></span> 
     </span>
     <span class='ocr_line' id='line_1_8' title="bbox 67 1202 454 1285; baseline -0.003 -20"><span class='ocrx_word' id='word_1_52' title='bbox 67 1202 233 1285; x_wconf 81' lang='lat' dir='ltr'><strong>legialiter</strong></span> <span class='ocrx_word' id='word_1_53' title='bbox 256 1217 454 1285; x_wconf 83' lang='lat' dir='ltr'><strong>perpetuata.</strong></span> 
     </span>
    </p>

    <p class='ocr_par' dir='ltr' id='par_1_3' title="bbox 67 1310 1340 1925">
     <span class='ocr_line' id='line_1_9' title="bbox 180 1310 1338 1393; baseline 0.003 -23"><span class='ocrx_word' id='word_1_54' title='bbox 180 1310 259 1371; x_wconf 89' lang='lat' dir='ltr'><strong>ltem</strong></span> <span class='ocrx_word' id='word_1_55' title='bbox 285 1310 428 1391; x_wconf 86' lang='lat' dir='ltr'><strong>quedam</strong></span> <span class='ocrx_word' id='word_1_56' title='bbox 454 1311 546 1372; x_wconf 88' lang='lat' dir='ltr'><strong>vinea</strong></span> <span class='ocrx_word' id='word_1_57' title='bbox 579 1310 702 1372; x_wconf 88' lang='lat' dir='ltr'><strong>deserta</strong></span> <span class='ocrx_word' id='word_1_58' title='bbox 727 1327 757 1372; x_wconf 91' lang='lat' dir='ltr'><strong>et</strong></span> <span class='ocrx_word' id='word_1_59' title='bbox 789 1310 1022 1373; x_wconf 85' lang='lat' dir='ltr'><strong>condicionalis</strong></span> <span class='ocrx_word' id='word_1_60' title='bbox 1045 1324 1176 1393; x_wconf 91' lang='lat' dir='ltr'><strong>propter</strong></span> <span class='ocrx_word' id='word_1_61' title='bbox 1200 1312 1338 1374; x_wconf 88' lang='lat' dir='ltr'><strong>deserta-</strong></span> 
     </span>
     <span class='ocr_line' id='line_1_10' title="bbox 67 1416 1338 1500; baseline 0.002 -22"><span class='ocrx_word' id='word_1_62' title='bbox 67 1416 201 1478; x_wconf 86' lang='lat' dir='ltr'><strong>cionem</strong></span> <span class='ocrx_word' id='word_1_63' title='bbox 228 1417 297 1478; x_wconf 88' lang='lat' dir='ltr'><strong>eius</strong></span> <span class='ocrx_word' id='word_1_64' title='bbox 313 1417 428 1499; x_wconf 88' lang='lat' dir='ltr'><strong>partim</strong></span> <span class='ocrx_word' id='word_1_65' title='bbox 452 1417 607 1495; x_wconf 88' lang='lat' dir='ltr'><strong>habitam,</strong></span> <span class='ocrx_word' id='word_1_66' title='bbox 628 1438 685 1499; x_wconf 87' lang='lat' dir='ltr'><strong>per</strong></span> <span class='ocrx_word' id='word_1_67' title='bbox 700 1417 936 1499; x_wconf 86' lang='lat' dir='ltr'><strong>negligenciam</strong></span> <span class='ocrx_word' id='word_1_68' title='bbox 955 1431 985 1479; x_wconf 86' lang='lat' dir='ltr'><strong>ct</strong></span> <span class='ocrx_word' id='word_1_69' title='bbox 1009 1418 1191 1480; x_wconf 89' lang='lat' dir='ltr'><strong>absenciam</strong></span> <span class='ocrx_word' id='word_1_70' title='bbox 1216 1419 1264 1480; x_wconf 87' lang='lat' dir='ltr'><strong>sui</strong></span> <span class='ocrx_word' id='word_1_71' title='bbox 1281 1439 1338 1500; x_wconf 84' lang='lat' dir='ltr'><strong>gu·</strong></span> 
     </span>
     <span class='ocr_line' id='line_1_11' title="bbox 72 1523 1338 1606; baseline 0.002 -23"><span class='ocrx_word' id='word_1_72' title='bbox 72 1523 258 1584; x_wconf 84' lang='lat' dir='ltr'><strong>bernatoris</strong></span> <span class='ocrx_word' id='word_1_73' title='bbox 281 1543 376 1605; x_wconf 90' lang='lat' dir='ltr'><strong>super</strong></span> <span class='ocrx_word' id='word_1_74' title='bbox 408 1543 467 1584; x_wconf 90' lang='lat' dir='ltr'><strong>nos</strong></span> <span class='ocrx_word' id='word_1_75' title='bbox 494 1523 644 1584; x_wconf 83' lang='lat' dir='ltr'><strong>videlicet</strong></span> <span class='ocrx_word' id='word_1_76' title='bbox 673 1524 939 1585; x_wconf 87' lang='lat' dir='ltr'><strong>communitatem</strong></span> <span class='ocrx_word' id='word_1_77' title='bbox 971 1524 1135 1602; x_wconf 86' lang='lat' dir='ltr'><strong>devoluta,</strong></span> <span class='ocrx_word' id='word_1_78' title='bbox 1160 1537 1191 1586; x_wconf 93' lang='lat' dir='ltr'><strong>et</strong></span> <span class='ocrx_word' id='word_1_79' title='bbox 1222 1525 1338 1606; x_wconf 89' lang='lat' dir='ltr'><strong>partim</strong></span> 
     </span>
     <span class='ocr_line' id='line_1_12' title="bbox 70 1629 1339 1713; baseline 0.005 -25"><span class='ocrx_word' id='word_1_80' title='bbox 70 1648 132 1711; x_wconf 89' lang='lat' dir='ltr'><strong>per</strong></span> <span class='ocrx_word' id='word_1_81' title='bbox 157 1629 380 1691; x_wconf 89' lang='lat' dir='ltr'><strong>vendicionem</strong></span> <span class='ocrx_word' id='word_1_82' title='bbox 406 1630 526 1691; x_wconf 86' lang='lat' dir='ltr'><strong>Vrbani</strong></span> <span class='ocrx_word' id='word_1_83' title='bbox 551 1629 607 1690; x_wconf 84' lang='lat' dir='ltr'><strong>lilii</strong></span> <span class='ocrx_word' id='word_1_84' title='bbox 632 1630 706 1691; x_wconf 88' lang='lat' dir='ltr'><strong>Jure</strong></span> <span class='ocrx_word' id='word_1_85' title='bbox 736 1630 884 1692; x_wconf 88' lang='lat' dir='ltr'><strong>Emerico</strong></span> <span class='ocrx_word' id='word_1_86' title='bbox 908 1629 975 1692; x_wconf 88' lang='lat' dir='ltr'><strong>filio</strong></span> <span class='ocrx_word' id='word_1_87' title='bbox 1001 1629 1154 1713; x_wconf 85' lang='lat' dir='ltr'><strong>Gyurgek</strong></span> <span class='ocrx_word' id='word_1_88' title='bbox 1178 1635 1238 1693; x_wconf 88' lang='lat' dir='ltr'><strong>sub</strong></span> <span class='ocrx_word' id='word_1_89' title='bbox 1263 1652 1339 1694; x_wconf 93' lang='lat' dir='ltr'><strong>con·</strong></span> 
     </span>
     <span class='ocr_line' id='line_1_13' title="bbox 70 1735 1340 1820; baseline 0.003 -24"><span class='ocrx_word' id='word_1_90' title='bbox 70 1735 205 1796; x_wconf 88' lang='lat' dir='ltr'><strong>dicione</strong></span> <span class='ocrx_word' id='word_1_91' title='bbox 230 1736 308 1797; x_wconf 84' lang='lat' dir='ltr'><strong>sexti</strong></span> <span class='ocrx_word' id='word_1_92' title='bbox 333 1736 442 1797; x_wconf 92' lang='lat' dir='ltr'><strong>cubuli</strong></span> <span class='ocrx_word' id='word_1_93' title='bbox 465 1736 630 1798; x_wconf 84' lang='lat' dir='ltr'><strong>annuatim</strong></span> <span class='ocrx_word' id='word_1_94' title='bbox 655 1737 877 1798; x_wconf 89' lang='lat' dir='ltr'><strong>communitati</strong></span> <span class='ocrx_word' id='word_1_95' title='bbox 895 1756 1022 1819; x_wconf 90' lang='lat' dir='ltr'><strong>semper</strong></span> <span class='ocrx_word' id='word_1_96' title='bbox 1053 1737 1267 1820; x_wconf 83' lang='lat' dir='ltr'><strong>persolvendo</strong></span> <span class='ocrx_word' id='word_1_97' title='bbox 1294 1753 1340 1800; x_wconf 86' lang='lat' dir='ltr'><strong>est</strong></span> 
     </span>
     <span class='ocr_line' id='line_1_14' title="bbox 69 1842 538 1925; baseline 0.004 -23"><span class='ocrx_word' id='word_1_98' title='bbox 69 1842 318 1925; x_wconf 83' lang='lat' dir='ltr'><strong>privilegialiter</strong></span> <span class='ocrx_word' id='word_1_99' title='bbox 342 1857 538 1925; x_wconf 87' lang='lat' dir='ltr'><strong>perpetuata.</strong></span> 
     </span>
    </p>

    <p class='ocr_par' dir='ltr' id='par_1_4' title="bbox 63 1949 1340 2671">
     <span class='ocr_line' id='line_1_15' title="bbox 180 1949 1339 2030; baseline 0.003 -20"><span class='ocrx_word' id='word_1_100' title='bbox 180 1949 257 2010; x_wconf 88' lang='lat' dir='ltr'><strong>Item</strong></span> <span class='ocrx_word' id='word_1_101' title='bbox 282 1963 349 2010; x_wconf 90' lang='lat' dir='ltr'><strong>tota</strong></span> <span class='ocrx_word' id='word_1_102' title='bbox 373 1950 588 2010; x_wconf 90' lang='lat' dir='ltr'><strong>communitas</strong></span> <span class='ocrx_word' id='word_1_103' title='bbox 605 1949 684 2030; x_wconf 88' lang='lat' dir='ltr'><strong>pari,</strong></span> <span class='ocrx_word' id='word_1_104' title='bbox 709 1950 861 2011; x_wconf 92' lang='lat' dir='ltr'><strong>concordi</strong></span> <span class='ocrx_word' id='word_1_105' title='bbox 887 1964 918 2012; x_wconf 91' lang='lat' dir='ltr'><strong>et</strong></span> <span class='ocrx_word' id='word_1_106' title='bbox 941 1951 1087 2011; x_wconf 89' lang='lat' dir='ltr'><strong>unanimi</strong></span> <span class='ocrx_word' id='word_1_107' title='bbox 1111 1952 1276 2013; x_wconf 83' lang='lat' dir='ltr'><strong>voluntate</strong></span> <span class='ocrx_word' id='word_1_108' title='bbox 1299 1951 1339 2013; x_wconf 90' lang='lat' dir='ltr'><strong>ad</strong></span> 
     </span>
     <span class='ocr_line' id='line_1_16' title="bbox 67 2055 1339 2139; baseline 0.002 -23"><span class='ocrx_word' id='word_1_109' title='bbox 67 2055 244 2116; x_wconf 87' lang='lat' dir='ltr'><strong>instantem</strong></span> <span class='ocrx_word' id='word_1_110' title='bbox 270 2055 465 2137; x_wconf 87' lang='lat' dir='ltr'><strong>peticionem</strong></span> <span class='ocrx_word' id='word_1_111' title='bbox 482 2055 602 2116; x_wconf 90' lang='lat' dir='ltr'><strong>Vrbani</strong></span> <span class='ocrx_word' id='word_1_112' title='bbox 629 2055 752 2137; x_wconf 89' lang='lat' dir='ltr'><strong>pridem</strong></span> <span class='ocrx_word' id='word_1_113' title='bbox 770 2055 864 2136; x_wconf 89' lang='lat' dir='ltr'><strong>jurati</strong></span> <span class='ocrx_word' id='word_1_114' title='bbox 888 2055 945 2117; x_wconf 85' lang='lat' dir='ltr'><strong>lilii</strong></span> <span class='ocrx_word' id='word_1_115' title='bbox 971 2055 1100 2138; x_wconf 89' lang='lat' dir='ltr'><strong>Mathye</strong></span> <span class='ocrx_word' id='word_1_116' title='bbox 1125 2057 1249 2139; x_wconf 87' lang='lat' dir='ltr'><strong>Zupani</strong></span> <span class='ocrx_word' id='word_1_117' title='bbox 1267 2077 1339 2119; x_wconf 83' lang='lat' dir='ltr'><strong>cen·</strong></span> 
     </span>
     <span class='ocr_line' id='line_1_17' title="bbox 66 2161 1340 2244; baseline 0.002 -22"><span class='ocrx_word' id='word_1_118' title='bbox 66 2179 144 2222; x_wconf 89' lang='lat' dir='ltr'><strong>sum</strong></span> <span class='ocrx_word' id='word_1_119' title='bbox 170 2174 200 2222; x_wconf 93' lang='lat' dir='ltr'><strong>et</strong></span> <span class='ocrx_word' id='word_1_120' title='bbox 224 2161 449 2222; x_wconf 91' lang='lat' dir='ltr'><strong>condicionem</strong></span> <span class='ocrx_word' id='word_1_121' title='bbox 474 2161 686 2242; x_wconf 85' lang='lat' dir='ltr'><strong>quadraginta</strong></span> <span class='ocrx_word' id='word_1_122' title='bbox 713 2162 919 2224; x_wconf 86' lang='lat' dir='ltr'><strong>denariorum</strong></span> <span class='ocrx_word' id='word_1_123' title='bbox 938 2163 977 2224; x_wconf 90' lang='lat' dir='ltr'><strong>de</strong></span> <span class='ocrx_word' id='word_1_124' title='bbox 1003 2163 1131 2244; x_wconf 64' lang='lat' dir='ltr'><strong>(morto,</strong></span> <span class='ocrx_word' id='word_1_125' title='bbox 1156 2163 1284 2224; x_wconf 89' lang='lat' dir='ltr'><strong>vineola</strong></span> <span class='ocrx_word' id='word_1_126' title='bbox 1309 2177 1340 2224; x_wconf 92' lang='lat' dir='ltr'><strong>et</strong></span> 
     </span>
     <span class='ocr_line' id='line_1_18' title="bbox 66 2266 1339 2351; baseline 0.002 -25"><span class='ocrx_word' id='word_1_127' title='bbox 66 2266 199 2349; x_wconf 72' lang='lat' dir='ltr'><strong>(morea</strong></span> <span class='ocrx_word' id='word_1_128' title='bbox 237 2267 337 2348; x_wconf 91' lang='lat' dir='ltr'><strong>ipsius</strong></span> <span class='ocrx_word' id='word_1_129' title='bbox 361 2268 480 2328; x_wconf 90' lang='lat' dir='ltr'><strong>Vrbani</strong></span> <span class='ocrx_word' id='word_1_130' title='bbox 513 2283 544 2328; x_wconf 91' lang='lat' dir='ltr'><strong>et</strong></span> <span class='ocrx_word' id='word_1_131' title='bbox 569 2268 666 2328; x_wconf 88' lang='lat' dir='ltr'><strong>Lucie</strong></span> <span class='ocrx_word' id='word_1_132' title='bbox 691 2289 746 2328; x_wconf 89' lang='lat' dir='ltr'><strong>sue</strong></span> <span class='ocrx_word' id='word_1_133' title='bbox 779 2270 936 2330; x_wconf 88' lang='lat' dir='ltr'><strong>consortis</strong></span> <span class='ocrx_word' id='word_1_134' title='bbox 960 2289 995 2330; x_wconf 91' lang='lat' dir='ltr'><strong>ac</strong></span> <span class='ocrx_word' id='word_1_135' title='bbox 1019 2269 1130 2331; x_wconf 90' lang='lat' dir='ltr'><strong>Jacobi</strong></span> <span class='ocrx_word' id='word_1_136' title='bbox 1157 2267 1213 2330; x_wconf 87' lang='lat' dir='ltr'><strong>filii</strong></span> <span class='ocrx_word' id='word_1_137' title='bbox 1240 2269 1339 2351; x_wconf 89' lang='lat' dir='ltr'><strong>ipsius</strong></span> 
     </span>
     <span class='ocr_line' id='line_1_19' title="bbox 67 2373 1338 2455; baseline 0.002 -22"><span class='ocrx_word' id='word_1_138' title='bbox 67 2373 205 2433; x_wconf 89' lang='lat' dir='ltr'><strong>domine</strong></span> <span class='ocrx_word' id='word_1_139' title='bbox 231 2373 328 2434; x_wconf 91' lang='lat' dir='ltr'><strong>Lucie</strong></span> <span class='ocrx_word' id='word_1_140' title='bbox 354 2374 572 2454; x_wconf 85' lang='lat' dir='ltr'><strong>deposuerunt</strong></span> <span class='ocrx_word' id='word_1_141' title='bbox 599 2375 737 2434; x_wconf 84' lang='lat' dir='ltr'><strong>eundem</strong></span> <span class='ocrx_word' id='word_1_142' title='bbox 756 2373 919 2455; x_wconf 74' lang='lat' dir='ltr'><strong>(hlortum,</strong></span> <span class='ocrx_word' id='word_1_143' title='bbox 937 2375 1098 2436; x_wconf 86' lang='lat' dir='ltr'><strong>vineolam</strong></span> <span class='ocrx_word' id='word_1_144' title='bbox 1123 2389 1154 2436; x_wconf 92' lang='lat' dir='ltr'><strong>et</strong></span> <span class='ocrx_word' id='word_1_145' title='bbox 1178 2373 1338 2455; x_wconf 74' lang='lat' dir='ltr'><strong>(hloreum</strong></span> 
     </span>
     <span class='ocr_line' id='line_1_20' title="bbox 64 2479 1339 2562; baseline -0.001 -21"><span class='ocrx_word' id='word_1_146' title='bbox 64 2480 222 2556; x_wconf 86' lang='lat' dir='ltr'><strong>liberum,</strong></span> <span class='ocrx_word' id='word_1_147' title='bbox 248 2479 369 2540; x_wconf 85' lang='lat' dir='ltr'><strong>eisdem</strong></span> <span class='ocrx_word' id='word_1_148' title='bbox 395 2479 636 2561; x_wconf 85' lang='lat' dir='ltr'><strong>privilegialiter</strong></span> <span class='ocrx_word' id='word_1_149' title='bbox 660 2495 839 2542; x_wconf 86' lang='lat' dir='ltr'><strong>statuerunt</strong></span> <span class='ocrx_word' id='word_1_150' title='bbox 863 2481 982 2543; x_wconf 86' lang='lat' dir='ltr'><strong>amodo</strong></span> <span class='ocrx_word' id='word_1_151' title='bbox 1008 2481 1039 2541; x_wconf 92' lang='lat' dir='ltr'><strong>in</strong></span> <span class='ocrx_word' id='word_1_152' title='bbox 1066 2496 1159 2541; x_wconf 91' lang='lat' dir='ltr'><strong>antea</strong></span> <span class='ocrx_word' id='word_1_153' title='bbox 1183 2495 1339 2562; x_wconf 89' lang='lat' dir='ltr'><strong>perpetuo</strong></span> 
     </span>
     <span class='ocr_line' id='line_1_21' title="bbox 63 2586 314 2671; baseline 0.004 -23"><span class='ocrx_word' id='word_1_154' title='bbox 63 2586 314 2671; x_wconf 86' lang='lat' dir='ltr'><strong>possidendum.</strong></span> 
     </span>
    </p>
   </div>
   <div class='ocr_carea' id='block_1_2' title="bbox 0 0 1576 5356">
    <p class='ocr_par' dir='ltr' id='par_1_5' title="bbox 0 0 1576 5356">
     <span class='ocr_line' id='line_1_22' title="bbox 0 0 1576 5356; baseline 0 3"><span class='ocrx_word' id='word_1_155' title='bbox 0 0 1576 5356; x_wconf 95' lang='lat' dir='ltr'><strong> </strong></span> 
     </span>
    </p>
   </div>
  </div>
 </body>
</html>
