3156 5364
687 518 776 578 Anno
798 530 888 594 1520.
1357 540 1415 582 211

261 732 340 795 Item
372 752 467 794 causa
500 732 583 792 inter
615 730 743 791 Petrum
776 730 886 792 Rosko
921 745 952 793 et
986 731 1163 813 Georgium
1198 733 1336 814 Maxynn
1361 751 1419 813 pro

152 854 242 921 parte
266 837 475 901 arestacionis
499 838 531 898 in
557 835 641 898 facto
666 835 832 897 cuiusdam
862 836 956 899 vinee
978 858 1035 920 per
1058 838 1201 900 seniores
1225 837 1341 899 eodem
1368 838 1420 898 die

151 946 196 1006 sic
222 960 269 1008 est
294 945 487 1027 adjudicata,
512 957 547 1005 ut
571 943 647 1023 quis
672 942 738 1024 ipse
763 942 876 1004 Petrus
904 944 1014 1006 Rosko
1037 945 1180 1027 plenarie
1205 958 1236 1007 et
1259 944 1298 1006 ad
1323 943 1420 1006 finem

155 1072 257 1133 usque
281 1053 384 1135 ipsam
408 1069 537 1113 causam
563 1048 694 1110 insede
719 1061 826 1109 nostra
855 1050 911 1110 ubi
943 1050 1107 1133 inceperat
1131 1070 1293 1112 assumere
1318 1065 1349 1112 et
1372 1050 1420 1131 ju-

152 1157 252 1221 ridice
276 1177 342 1220 non
375 1156 436 1219 fuit
466 1167 664 1238 prosecutus,
695 1152 751 1215 sed
782 1154 943 1236 pendente
976 1157 1044 1238 ipss
1076 1176 1171 1218 causa
1203 1157 1360 1239 plurimos
1383 1177 1420 1218 ex

154 1266 269 1327 nostris
301 1265 490 1328 concivibus
513 1261 674 1339 arestavit,
708 1261 828 1323 idcirco
860 1263 1002 1345 quitquit
1032 1265 1092 1346 ipsi
1132 1265 1280 1326 concives
1311 1265 1420 1343 nostri,

154 1389 236 1451 quos
259 1372 329 1452 ipse
355 1371 468 1432 Petrus
491 1368 651 1445 arestavit,
676 1381 750 1428 sunt
781 1367 914 1450 dampni
948 1371 979 1430 in
1006 1371 1074 1452 ipsa
1107 1371 1302 1432 arestacione
1326 1371 1420 1452 passi,

155 1491 268 1539 extunc
294 1478 362 1559 ipse
382 1478 494 1538 Petrus
511 1475 621 1536 Rosko
640 1473 716 1555 ipsis
733 1473 849 1535 nostris
866 1477 1054 1536 concivibus
1072 1476 1239 1537 refundere
1263 1490 1420 1556 teneatur,

157 1594 185 1642 et
207 1601 304 1664 super
328 1581 470 1663 quitquit
494 1581 562 1663 ipse
586 1579 699 1640 Petrus
723 1579 834 1640 Rosko
851 1579 954 1659 jurare
980 1582 1012 1642 in
1038 1582 1185 1664 expensis
1210 1582 1310 1664 ipsius
1327 1582 1419 1642 vinee

159 1704 175 1744 a
196 1689 358 1771 Maxyano
376 1701 513 1748 arestnte
539 1684 696 1762 debuerit,
714 1697 829 1746 extunc
847 1685 914 1768 ipse
932 1688 1069 1772 Maxysn
1095 1687 1154 1770 ipsi
1173 1687 1267 1748 Petro
1285 1688 1419 1749 omnino

160 1791 324 1854 refundere
349 1793 465 1855 debeat
493 1807 524 1854 et
547 1792 676 1852 vineam
693 1789 795 1871 ipsam
813 1809 872 1872 pro
889 1813 922 1854 se
945 1794 1091 1855 retineat.
1115 1828 1159 1838 —
1183 1792 1259 1853 Dies
1283 1793 1357 1853 data
1374 1807 1421 1854 est

161 1897 193 1958 ad
227 1898 446 1979 juramentum
472 1898 532 1980 ipsi
570 1897 665 1958 Petro
698 1893 777 1956 feria
808 1910 895 1958 sexta
927 1899 1073 1981 proxima
1110 1912 1181 1979 post
1216 1897 1331 1960 festum
1358 1897 1419 1960 Ca-

161 2000 266 2068 thedre
291 2005 389 2068 Petri.
