3142 5356
182 376 244 439 350
737 352 890 412 Addenda.

181 569 315 630 domum
340 587 442 643 suam,
468 586 565 628 unam
599 583 744 648 quartam
779 568 879 644 curie,
911 567 1018 626 Blasio
1042 567 1156 626 textori
1190 566 1352 642 vendidit,
1376 582 1460 628 tem·

181 695 258 758 pore
283 675 358 736 dicti
389 673 558 749 judicatus.

536 778 549 800 1

289 889 366 949 Item
392 901 569 949 conventus
594 886 728 948 ecclesie
761 889 853 948 beate
876 883 982 948 Marie
1007 886 1259 961 Heremitarum,
1284 884 1460 965 quandam

183 996 309 1057 vineam
335 995 411 1077 ipsis
434 1014 490 1077 per
507 993 645 1055 condam
671 993 830 1054 Briccium
858 993 988 1054 Kozech
1007 993 1157 1073 legatam,
1183 993 1214 1053 in
1233 1007 1350 1053 nostro
1368 991 1464 1053 terri·

183 1102 266 1165 torio
299 1103 404 1178 sitam,
437 1120 509 1161 cum
542 1100 622 1161 silva
654 1100 791 1181 desuper
822 1113 853 1160 et
887 1101 926 1160 ab
961 1097 1054 1176 infra,
1086 1098 1222 1160 Lucasio
1256 1096 1353 1158 labro
1391 1095 1465 1158 filio

184 1209 315 1290 Georgii
341 1207 496 1285 vendidit,
521 1222 665 1288 tempore
690 1207 765 1268 dicti
791 1206 916 1287 judicis.

290 1315 365 1377 Item
392 1314 526 1395 provida
551 1314 684 1375 domina
709 1313 877 1374 Francisca
915 1326 1026 1373 vocata
1059 1312 1168 1374 relicta
1193 1312 1271 1373 oIIm
1300 1310 1468 1372 Iohannis

185 1420 347 1503 Grachyn,
372 1420 533 1501 quendam
559 1419 718 1501 (hloreum
756 1439 850 1481 suum
880 1419 1011 1479 domine
1039 1417 1190 1500 Marycha
1214 1415 1280 1478 filie
1308 1417 1464 1478 elusdem

185 1527 340 1588 Iohannis
364 1547 401 1588 ex
427 1527 493 1608 ipsa
518 1541 698 1608 procreate,
726 1545 785 1608 pro
818 1525 959 1606 quadam
984 1539 1067 1586 terra
1099 1545 1199 1586 vacua
1224 1523 1264 1583 ad
1291 1522 1467 1606 (hloreum

184 1648 268 1716 apta,
294 1653 350 1715 per
375 1634 507 1694 modum
534 1633 726 1695 mutacionis
750 1633 850 1710 dedit,
874 1645 1020 1713 tempore
1046 1632 1122 1692 dicti
1147 1630 1322 1711 judicatus.

291 1739 368 1801 Item
393 1739 526 1820 provida
552 1739 683 1801 domIna
710 1739 860 1821 Marycha
893 1753 1004 1800 vocata
1042 1737 1107 1798 lilia
1131 1736 1269 1798 condam
1297 1737 1467 1798 Iohannis

185 1844 334 1928 Grachyn
352 1865 482 1906 consors
507 1845 635 1907 Andree
652 1845 708 1907 filii
724 1846 891 1921 Anthonii,
916 1845 1078 1926 quandam
1093 1859 1209 1906 terram
1228 1863 1322 1903 suam
1344 1843 1465 1904 condi·

186 1953 376 2014 visionalem
416 1952 501 2031 juxta
535 1951 670 2033 (li)ortos
702 1953 821 2013 Vrbani
855 1951 1020 2034 Hansetyn
1055 1966 1085 2012 et
1117 1951 1248 2012 domine
1286 1950 1466 2012 Francisce

185 2060 348 2140 genitricis
371 2078 426 2120 sue
453 2059 605 2136 habitam,
635 2079 692 2141 pro
717 2059 842 2139 (h)orco
859 2074 978 2140 aptam,
996 2057 1100 2118 eidem
1126 2057 1257 2118 domine
1285 2057 1466 2119 Francisca

185 2180 307 2243 vocate,
330 2165 484 2246 genetrici
509 2185 577 2242 sne,
601 2184 658 2247 pro
682 2165 746 2226 alio
771 2164 890 2245 (h)orto
923 2165 1174 2246 permutacionis
1206 2165 1342 2224 nomiae
1370 2164 1467 2226 dedit

189 2287 344 2355 perpetuo
377 2272 625 2353 possidendam;
656 2273 788 2353 ipsaque
821 2271 952 2332 domina
986 2272 1154 2332 francisca
1186 2271 1306 2331 dictam
1339 2284 1465 2332 terram

188 2398 260 2441 curn
286 2380 412 2441 stabulo
437 2392 467 2438 et
491 2377 611 2460 (hlorto
628 2378 881 2459 circumquaque
899 2378 1109 2458 Sigismundo
1127 2376 1193 2438 filio
1210 2396 1270 2437 suo
1297 2392 1465 2459 perpetuo

186 2485 413 2568 possidendam
439 2485 489 2546 vel
507 2504 713 2565 quocumque
738 2485 877 2545 voluerit
895 2483 1128 2566 disponendam
1148 2483 1362 2562 condonavit,
1381 2498 1465 2544 tem-

188 2612 265 2675 pore
291 2592 366 2654 dicti
392 2591 560 2671 judicatus.

292 2698 369 2760 Item
388 2697 516 2780 plebani
542 2697 675 2759 ecclesie
693 2713 799 2760 nostre
825 2699 910 2759 beati
941 2698 1038 2759 Marci
1064 2697 1226 2778 quandam
1250 2711 1373 2758 terram
1393 2718 1465 2758 ara·

188 2807 285 2868 bilem
313 2806 388 2888 ipsis
413 2825 468 2888 per
493 2804 630 2865 condam
648 2804 814 2866 dominam
841 2805 1016 2866 Katherina
1044 2819 1188 2866 vocatam
1215 2804 1366 2864 relictam
1384 2824 1465 2865 con·

187 2913 260 2974 dam
287 2911 435 2992 Gregorii
473 2911 615 2972 Voschar
647 2911 823 2990 dimissam,
855 2912 1028 2973 Valentino
1061 2911 1163 2993 jurato
1192 2909 1259 2972 filio
1299 2910 1464 2992 Stephani

187 3019 413 3095 vendiderunt,
437 3032 582 3098 tempore
608 3017 683 3078 dicti
710 3019 878 3100 judicatus.

539 3121 551 3144 a

293 3232 369 3292 Item
506 3231 665 3312 (provida)
690 3230 823 3292 domina
850 3232 999 3313 Kalestya
1030 3244 1141 3292 vocata
1177 3231 1288 3292 relicta
1312 3231 1462 3293 condam

189 3340 287 3401 Marci
315 3387 321 3399 .
341 3385 347 3398 .
366 3388 372 3399 .
392 3385 398 3399 .
424 3337 479 3399 filii
507 3338 679 3415 Leonardi,
698 3359 782 3400 nunc
801 3359 876 3400 vero
902 3358 1032 3399 consors
1050 3338 1219 3419 (legittIma
1237 3337 1345 3398 Adam
1366 3340 1464 3420 pelli-

188 3446 266 3525 ficis)
291 3445 348 3506 lilii
374 3445 476 3523 Pauli,
502 3444 532 3504 id
558 3444 700 3506 evidenti
735 3445 920 3506 testimonio
941 3443 1105 3525 fidedigno
1123 3458 1154 3505 et
1177 3444 1346 3505 communi
1372 3447 1464 3507 testi-

187 3553 299 3613 monio
324 3553 355 3612 in
381 3551 456 3612 sede
480 3550 648 3631 judiciaria
672 3571 778 3612 coram
806 3552 899 3612 nobis
916 3551 1150 3633 comprobavit,
1175 3549 1263 3631 quod
1290 3549 1372 3611 dum
1393 3551 1466 3633 ipse

188 3679 262 3740 eger
288 3660 424 3719 existens
449 3660 480 3719 in
505 3659 655 3719 humanis
688 3659 874 3738 laborasset,
906 3659 1123 3740 possessiones
1153 3677 1225 3717 suas
1250 3671 1281 3718 et
1304 3658 1396 3719 bona
1425 3679 1466 3720 ac

188 3787 237 3827 res
261 3767 365 3847 ipsum
392 3766 518 3846 proprie
543 3779 711 3846 tangentes
735 3780 766 3825 et
802 3766 1031 3826 concernencia
1064 3765 1235 3825 dimisisset
1259 3764 1371 3826 eidem
1400 3766 1465 3829 do-

189 3873 275 3934 mine
301 3872 450 3954 Kalestya
476 3887 585 3932 vocate
611 3886 641 3932 et
665 3872 851 3952 legavisset,
884 3892 940 3953 pro
966 3892 1004 3933 eo
1038 3891 1096 3933 nos
1128 3870 1291 3952 quandam
1316 3871 1464 3935 domum

189 3980 220 4039 in
246 3978 329 4038 dicta
355 3979 481 4038 civitate
516 3992 545 4037 et
571 3977 645 4039 villa
678 3978 832 4060 predicta,
864 3992 960 4059 prout
992 3979 1023 4038 in
1058 3978 1157 4039 literis
1189 3976 1327 4038 ciuitatis
1354 3981 1468 4042 conti-

190 4098 292 4160 netur,
317 4084 422 4144 eidem
448 4083 577 4143 domine
603 4085 771 4145 statuimus
795 4100 950 4168 perpetuo
976 4085 1214 4166 possidendam.

296 4189 373 4250 Item
407 4189 501 4250 Chnn
535 4189 629 4266 iudex
658 4192 803 4253 vendidit
835 4193 968 4253 domum
1003 4211 1093 4252 suam
1128 4192 1158 4252 iu
1192 4192 1296 4274 platea
1331 4194 1468 4257 carnifi-

189 4318 260 4359 cum
298 4296 394 4358 Gallo
419 4296 486 4356 lilio
519 4296 679 4376 Gregorii,
714 4298 877 4359 Demetrio
910 4298 976 4360 filio
1010 4300 1129 4360 Vrbani
1163 4313 1194 4360 et
1217 4296 1366 4380 Georgio
1393 4301 1468 4365 filio

190 4404 350 4484 Gregorii,
375 4417 519 4484 tempore
545 4403 679 4484 predicti
705 4404 829 4476 judicis.

296 4511 372 4572 Item
398 4511 613 4572 communitas
641 4531 737 4571 unam
772 4513 898 4572 vineam
932 4511 1201 4589 condicionalem,
1226 4530 1290 4592 que
1316 4515 1466 4578 condam

190 4618 306 4678 IaIrIIni
332 4617 510 4698 prefuisset,
536 4618 709 4678 Valentino
735 4617 801 4679 filio
836 4619 898 4678 Itvk
930 4618 1079 4679 dedimus
1103 4619 1155 4695 ita,
1180 4617 1268 4698 quod
1295 4618 1367 4700 ipse
1399 4622 1468 4685 Va·

190 4725 330 4784 lentitius
354 4725 488 4805 singulis
521 4726 612 4786 annis
644 4741 750 4786 nostre
787 4725 1009 4786 communitati
1042 4725 1276 4806 quinquaginta
1306 4725 1469 4792 denarios

189 4833 313 4895 solvere
338 4833 507 4895 tenebitur.
