3156 5364
690 357 776 414 Anno
798 371 892 437 1459·
1361 377 1422 441 327

268 567 346 628 Item
372 567 512 649 quedam
537 568 652 629 domus
677 584 708 630 et
732 566 852 629 fundus
876 569 979 629 civilis
996 569 1092 630 simul
1117 589 1190 631 cum
1215 570 1332 633 celario
1349 571 1423 632 sub·

157 688 307 735 terraneo
332 689 362 736 et
379 672 536 736 hedificiis
553 674 585 735 in
603 674 728 736 civitate
751 675 893 756 predicta
911 675 992 737 inter
1010 676 1125 737 domos
1149 692 1180 737 et
1203 676 1321 738 fundos
1339 678 1423 739 Petri

157 779 242 841 Klalc
267 794 298 842 et
322 779 447 863 Gaspar
470 780 587 842 literati
612 780 751 862 privigni
776 781 825 842 sui
851 801 886 843 ac
904 781 983 843 duas
1007 782 1075 843 vias
1091 802 1280 845 communes
1304 783 1422 861 habita,

157 906 255 947 uuam
282 899 427 968 quartam
454 901 485 948 et
508 900 656 948 octavam
679 887 767 948 curie
795 888 826 949 in
849 908 882 949 se
907 889 1087 969 continens,
1112 890 1213 952 Paulo
1237 891 1422 972 agricultori

156 991 226 1055 filio
252 992 390 1054 Emerici
415 992 454 1054 de
487 1012 606 1073 magno
639 992 803 1072 lalsewcz,
837 1013 922 1055 novo
947 995 1070 1056 concivi
1104 1010 1224 1074 nostro,
1248 1017 1305 1079 per
1336 1016 1421 1058 com·

157 1099 349 1161 munitatem
373 1118 432 1181 pro
457 1099 556 1160 dariis
581 1113 611 1160 et
635 1099 707 1160 aliis
732 1099 848 1161 debitis
873 1114 903 1161 et
931 1102 1122 1183 opportunis
1144 1103 1285 1164 serviciis
1309 1105 1423 1165 nostris

157 1206 385 1269 communibus
416 1219 464 1268 est
495 1205 624 1266 vendita
656 1220 812 1286 perpetuo
844 1206 1038 1288 possidenda
1072 1221 1102 1270 et
1134 1209 1306 1291 superinde
1332 1210 1421 1271 litera

155 1315 215 1375 sub
239 1312 393 1395 pendenti
417 1311 526 1393 sigillo
552 1312 793 1374 communitatis
817 1327 974 1376 emanata.
1060 1388 1064 1395 ι

263 1437 341 1499 ltem
374 1435 514 1518 quedam
538 1436 631 1497 vinea
664 1437 801 1498 condam
835 1437 987 1520 Stephani
1020 1439 1149 1501 sartoris
1181 1441 1249 1503 Ban
1273 1441 1360 1520 dicti,
1386 1443 1419 1504 in

155 1544 318 1607 territorio
335 1543 471 1605 civitatis
487 1541 608 1625 prefate
633 1543 715 1604 inter
731 1543 840 1604 vineas
859 1544 944 1605 lwan
968 1543 1025 1606 filii
1048 1545 1201 1628 Stephani
1226 1547 1302 1610 dicti
1322 1547 1421 1631 Chip-

157 1650 232 1734 lych
257 1665 288 1713 et
312 1650 443 1712 honeste
469 1649 613 1711 mulieris
636 1651 770 1731 Agnetis
794 1650 902 1713 relicte
931 1651 1016 1714 Petri
1041 1672 1125 1714 nune
1149 1655 1305 1717 consortis
1322 1655 1412 1717 Pauli

157 1756 288 1840 Babych
306 1756 424 1834 habita,
444 1755 580 1838 desuper
604 1756 688 1817 avia
705 1757 870 1818 communi
891 1771 921 1819 et
938 1757 1019 1820 infra
1044 1778 1146 1840 usque
1170 1759 1322 1839 rivulum,
1346 1780 1419 1822 cum

156 1863 296 1945 virgulto
321 1862 427 1924 eidem
452 1861 628 1942 subjacenti
664 1883 697 1923 se
723 1863 907 1942 extendens,
931 1884 987 1946 per
1015 1866 1194 1947 predictum
1220 1866 1419 1949 Stephanum

161 1970 231 2032 Bau
257 1969 374 2031 Cosme
399 1967 584 2051 agricultori
616 1967 684 2030 filio
706 1968 836 2031 Andree
868 1972 1132 2034 testamentaliter
1163 1972 1267 2054 legata
1291 1986 1339 2035 est
1361 1976 1420 2035 sub

156 2076 312 2158 pendenti
344 2074 452 2157 sigillo
491 2075 731 2137 communitatis
762 2076 1005 2158 privilegialiter
1046 2077 1231 2141 confirmata
1264 2093 1419 2162 perpetuo

157 2181 363 2266 possidenda.

263 2306 341 2369 ltem
366 2304 446 2367 duas
469 2319 567 2367 terras
592 2306 728 2368 arabiles
761 2307 792 2367 in
826 2327 940 2391 campo
968 2309 1105 2372 civitatis
1137 2310 1290 2393 predicte,
1321 2331 1419 2373 unam

153 2412 308 2475 videlicet
331 2425 448 2474 terram
474 2411 557 2474 inter
580 2425 678 2473 terras
707 2413 838 2475 domine
858 2415 1057 2494 Margarethe
1075 2416 1139 2478 filie
1165 2417 1302 2479 condam
1320 2418 1419 2500 Sigis-

154 2519 270 2582 mundi
303 2518 398 2600 jurati
431 2537 515 2579 nunc
547 2519 703 2580 consortis
734 2521 845 2581 Jacobi
876 2520 970 2602 jurati
1001 2520 1058 2583 filii
1083 2523 1168 2584 Petri
1200 2523 1314 2605 judicis
1338 2523 1414 2586 dicti

153 2625 289 2708 Saphar,
312 2645 330 2686 a
355 2625 584 2707 septemtrione
609 2639 640 2687 et
663 2645 680 2686 a
705 2625 884 2689 meridione
902 2627 1042 2689 habitam
1069 2648 1105 2690 ac
1129 2629 1301 2691 intervias
1325 2650 1412 2692 corn·

153 2752 270 2794 munes
296 2731 495 2810 existentem,
520 2731 663 2812 quinque
695 2731 797 2793 dietas
824 2733 875 2794 vel
906 2733 984 2795 citra
1009 2735 1040 2795 in
1066 2755 1098 2796 se
1123 2736 1353 2815 continentem,
1385 2752 1416 2798 et

153 2839 251 2900 aliam
276 2852 392 2900 terram
417 2837 499 2898 inter
516 2852 613 2898 terras
630 2837 806 2900 liberorum
831 2839 968 2900 condam
987 2840 1153 2902 Michaelis
1179 2841 1356 2904 Sebastiani
1375 2845 1415 2905 ab

152 2944 315 3023 orientali,
332 2965 349 3006 a
366 2945 619 3026 septemtrionali
637 2959 701 3006 eta
726 2945 930 3008 meridionali
947 2947 1049 3028 plagis
1066 2968 1101 3009 ac
1118 2967 1208 3009 secus
1226 2949 1310 3010 viam
1332 2969 1418 3011 com·

155 3071 288 3113 munem
313 3053 353 3111 ab
378 3050 570 3112 occidentali
594 3065 682 3132 parte
707 3051 863 3130 habitam,
892 3053 1035 3134 quinque
1066 3054 1212 3116 similiter
1244 3055 1345 3117 dietas
1368 3057 1419 3118 vel

152 3158 231 3219 citra
255 3158 337 3219 inse
361 3156 589 3236 continentem,
607 3177 663 3239 per
679 3159 982 3240 comprobacionem
1004 3158 1217 3222 sufficientem
1235 3159 1368 3243 Georgii
1386 3177 1418 3224 et

153 3265 289 3327 Fabiani
313 3262 454 3326 filiorum
480 3264 590 3324 Banko
615 3283 651 3325 ac
675 3284 731 3346 per
755 3265 980 3327 vendicionem
999 3266 1175 3349 Elyzabeth
1199 3268 1317 3329 sororis
1334 3269 1418 3350 ipso·

152 3392 237 3449 rum,
272 3386 428 3452 quantum
461 3369 501 3431 ad
534 3371 722 3451 porcionem
755 3371 865 3452 ipsius,
899 3391 934 3432 ac
966 3392 1022 3453 per
1046 3373 1260 3434 donacionem
1285 3375 1419 3455 Agnetis

152 3478 272 3539 sororis
297 3476 497 3554 eorumdem,
522 3476 669 3537 similiter
693 3491 849 3557 quantum
882 3478 922 3538 ad
946 3479 1134 3560 porcionem
1160 3481 1269 3561 ipsius,
1295 3481 1416 3542 eisdem

156 3583 300 3664 Georgio
325 3597 355 3644 et
384 3583 496 3644 Banko
528 3584 587 3643 sub
620 3583 771 3664 pendenti
802 3584 908 3663 sigillo
940 3585 1180 3647 communitatis
1204 3587 1418 3648 communitas

154 3689 357 3752 confirmavit
381 3703 537 3772 perpetuo
561 3689 781 3770 possidendas.

261 3813 337 3874 ltem
357 3818 464 3894 Agnes
482 3813 590 3874 relicta
616 3814 752 3874 condam
772 3815 909 3876 Emerici
928 3815 1058 3876 cultoris
1082 3814 1137 3876 filii
1158 3814 1299 3896 Gurgelt,
1316 3837 1416 3898 quan-

152 3920 228 3980 dam
253 3920 381 3980 vineam
405 3939 496 3980 suam
521 3919 778 3981 condicionalem
804 3921 834 3981 in
860 3935 942 3982 terra
967 3935 1073 3982 nostra
1091 3922 1307 3983 condicionali
1334 3924 1416 3985 inter

153 4026 265 4087 vineas
290 4025 374 4086 Petri
399 4026 530 4086 cultoris
555 4041 584 4086 et
603 4026 685 4086 lwan
704 4024 784 4088 fabri
810 4026 963 4104 habitam,
981 4027 1118 4109 desuper
1141 4029 1226 4088 avia
1251 4031 1415 4091 communi

153 4130 236 4193 infra
261 4151 363 4212 usque
389 4132 540 4209 rivulum,
565 4133 660 4193 simul
678 4152 750 4194 cum
775 4133 916 4213 virgulto
941 4133 1046 4194 eidem
1064 4134 1157 4194 vinee
1181 4133 1357 4214 subjacenti
1383 4156 1414 4195 se

152 4237 389 4317 extendentem,
414 4238 552 4299 lohanni
578 4239 692 4300 cultori
718 4238 785 4301 filio
810 4239 938 4300 Thome
964 4240 1003 4299 de
1029 4239 1146 4301 llathsa
1173 4255 1337 4321 tamquam
1361 4261 1414 4321 ge-

152 4364 233 4406 nero
257 4342 288 4406 et
313 4345 488 4429 Elyzabeth
514 4346 654 4406 consorti
690 4345 835 4406 eiusdem
860 4360 1025 4426 tamquam
1051 4347 1148 4428 nepti,
1173 4347 1248 4425 suis,
1283 4347 1415 4409 donavit

152 4465 310 4535 perpetuo
335 4452 562 4534 possidendam
588 4467 617 4512 et
649 4453 821 4533 superinde
854 4467 899 4513 est
923 4453 1014 4513 litera
1046 4455 1104 4513 sub
1130 4453 1281 4535 pendenti
1306 4454 1413 4533 sigillo

152 4559 394 4621 communitatis
422 4574 578 4622 emanata.
