<?xml version="1.0" encoding="UTF-8"?>
<!DOCTYPE html PUBLIC "-//W3C//DTD XHTML 1.0 Transitional//EN"
    "http://www.w3.org/TR/xhtml1/DTD/xhtml1-transitional.dtd">
<html xmlns="http://www.w3.org/1999/xhtml" xml:lang="en" lang="en">
 <head>
  <title>
</title>
<meta http-equiv="Content-Type" content="text/html;charset=utf-8" />
  <meta name='ocr-system' content='tesseract 3.04.00' />
  <meta name='ocr-capabilities' content='ocr_page ocr_carea ocr_par ocr_line ocrx_word'/>
</head>
<body>
  <div class='ocr_page' id='page_1' title='image "./monumentahistor17laszgoog_0207.png"; bbox 0 0 3142 5356; ppageno 0'>
   <div class='ocr_carea' id='block_1_1' title="bbox 157 385 1052 469">
    <p class='ocr_par' dir='ltr' id='par_1_1' title="bbox 157 385 1052 469">
     <span class='ocr_line' id='line_1_1' title="bbox 157 385 1052 469; baseline 0.001 -20"><span class='ocrx_word' id='word_1_1' title='bbox 157 408 217 469; x_wconf 84' lang='lat'>¹54</span> <span class='ocrx_word' id='word_1_2' title='bbox 517 390 715 466; x_wconf 81' lang='lat' dir='ltr'>Anno15o5.</span> <span class='ocrx_word' id='word_1_3' title='bbox 739 424 780 433; x_wconf 99' lang='lat'><em>-</em></span> <span class='ocrx_word' id='word_1_4' title='bbox 804 385 857 452; x_wconf 83' lang='lat'>28.</span> <span class='ocrx_word' id='word_1_5' title='bbox 881 388 1052 450; x_wconf 70' lang='lat' dir='ltr'>novemini.</span> 
     </span>
    </p>
   </div>
   <div class='ocr_carea' id='block_1_2' title="bbox 151 601 1423 1220">
    <p class='ocr_par' dir='ltr' id='par_1_2' title="bbox 151 601 1423 1220">
     <span class='ocr_line' id='line_1_2' title="bbox 260 601 1422 685; baseline 0 -20"><span class='ocrx_word' id='word_1_6' title='bbox 260 603 411 666; x_wconf 90' lang='lat' dir='ltr'>Seniores</span> <span class='ocrx_word' id='word_1_7' title='bbox 434 603 557 684; x_wconf 85' lang='lat' dir='ltr'>judices</span> <span class='ocrx_word' id='word_1_8' title='bbox 588 622 718 664; x_wconf 92' lang='lat' dir='ltr'>causam</span> <span class='ocrx_word' id='word_1_9' title='bbox 750 615 873 663; x_wconf 86' lang='lat' dir='ltr'>motam</span> <span class='ocrx_word' id='word_1_10' title='bbox 901 603 984 665; x_wconf 88' lang='lat' dir='ltr'>inter</span> <span class='ocrx_word' id='word_1_11' title='bbox 1015 615 1139 685; x_wconf 88' lang='lat' dir='ltr'>patrem</span> <span class='ocrx_word' id='word_1_12' title='bbox 1163 601 1368 665; x_wconf 88' lang='lat' dir='ltr'>Anthonium</span> <span class='ocrx_word' id='word_1_13' title='bbox 1391 617 1422 665; x_wconf 91' lang='lat' dir='ltr'>et</span> 
     </span>
     <span class='ocr_line' id='line_1_3' title="bbox 154 707 1421 791; baseline 0.001 -19"><span class='ocrx_word' id='word_1_14' title='bbox 154 708 320 772; x_wconf 90' lang='lat' dir='ltr'>Matheum</span> <span class='ocrx_word' id='word_1_15' title='bbox 345 710 637 772; x_wconf 82' lang='lat' dir='ltr'>molendinatorem</span> <span class='ocrx_word' id='word_1_16' title='bbox 656 709 785 772; x_wconf 81' lang='lat' dir='ltr'>racione</span> <span class='ocrx_word' id='word_1_17' title='bbox 808 709 883 790; x_wconf 88' lang='lat' dir='ltr'>equi</span> <span class='ocrx_word' id='word_1_18' title='bbox 910 729 1007 791; x_wconf 89' lang='lat' dir='ltr'>quem</span> <span class='ocrx_word' id='word_1_19' title='bbox 1025 708 1122 791; x_wconf 89' lang='lat' dir='ltr'>lupus</span> <span class='ocrx_word' id='word_1_20' title='bbox 1138 707 1298 773; x_wconf 81' lang='lat' dir='ltr'>interfecit</span> <span class='ocrx_word' id='word_1_21' title='bbox 1321 723 1353 773; x_wconf 92' lang='lat' dir='ltr'>et</span> <span class='ocrx_word' id='word_1_22' title='bbox 1368 709 1421 773; x_wconf 91' lang='lat' dir='ltr'>de·</span> 
     </span>
     <span class='ocr_line' id='line_1_4' title="bbox 151 814 1422 899; baseline 0.002 -23"><span class='ocrx_word' id='word_1_23' title='bbox 151 816 286 894; x_wconf 92' lang='lat' dir='ltr'>voravit,</span> <span class='ocrx_word' id='word_1_24' title='bbox 311 816 366 898; x_wconf 92' lang='lat' dir='ltr'>qui</span> <span class='ocrx_word' id='word_1_25' title='bbox 392 815 635 879; x_wconf 90' lang='lat' dir='ltr'>molendinator</span> <span class='ocrx_word' id='word_1_26' title='bbox 660 830 695 878; x_wconf 92' lang='lat' dir='ltr'>ut</span> <span class='ocrx_word' id='word_1_27' title='bbox 716 815 887 897; x_wconf 89' lang='lat' dir='ltr'>injudicio</span> <span class='ocrx_word' id='word_1_28' title='bbox 911 814 1089 897; x_wconf 83' lang='lat' dir='ltr'>juratorum</span> <span class='ocrx_word' id='word_1_29' title='bbox 1114 818 1318 899; x_wconf 79' lang='lat' dir='ltr'>proponebat</span> <span class='ocrx_word' id='word_1_30' title='bbox 1333 815 1422 899; x_wconf 91' lang='lat' dir='ltr'>quod</span> 
     </span>
     <span class='ocr_line' id='line_1_5' title="bbox 151 921 1423 1006; baseline 0.002 -22"><span class='ocrx_word' id='word_1_31' title='bbox 151 942 217 984; x_wconf 87' lang='lat' dir='ltr'>non</span> <span class='ocrx_word' id='word_1_32' title='bbox 238 924 387 1006; x_wconf 85' lang='lat' dir='ltr'>promisit</span> <span class='ocrx_word' id='word_1_33' title='bbox 403 943 461 1006; x_wconf 94' lang='lat' dir='ltr'>pro</span> <span class='ocrx_word' id='word_1_34' title='bbox 482 922 569 984; x_wconf 86' lang='lat' dir='ltr'>furtu</span> <span class='ocrx_word' id='word_1_35' title='bbox 583 937 626 985; x_wconf 89' lang='lat' dir='ltr'>et</span> <span class='ocrx_word' id='word_1_36' title='bbox 646 923 713 1006; x_wconf 89' lang='lat' dir='ltr'>lupi</span> <span class='ocrx_word' id='word_1_37' title='bbox 737 923 964 1001; x_wconf 88' lang='lat' dir='ltr'>devoracione,</span> <span class='ocrx_word' id='word_1_38' title='bbox 985 921 1025 985; x_wconf 93' lang='lat' dir='ltr'>ad</span> <span class='ocrx_word' id='word_1_39' title='bbox 1043 921 1155 984; x_wconf 87' lang='lat' dir='ltr'>feriam</span> <span class='ocrx_word' id='word_1_40' title='bbox 1169 936 1291 987; x_wconf 87' lang='lat' dir='ltr'>sextam</span> <span class='ocrx_word' id='word_1_41' title='bbox 1316 923 1423 1006; x_wconf 88' lang='lat' dir='ltr'>proxi·</span> 
     </span>
     <span class='ocr_line' id='line_1_6' title="bbox 152 1029 1423 1112; baseline 0 -21"><span class='ocrx_word' id='word_1_42' title='bbox 152 1048 237 1091; x_wconf 91' lang='lat' dir='ltr'>mam</span> <span class='ocrx_word' id='word_1_43' title='bbox 263 1029 391 1112; x_wconf 82' lang='lat' dir='ltr'>jurabit,</span> <span class='ocrx_word' id='word_1_44' title='bbox 423 1043 500 1092; x_wconf 93' lang='lat' dir='ltr'>tunc</span> <span class='ocrx_word' id='word_1_45' title='bbox 524 1030 585 1091; x_wconf 93' lang='lat' dir='ltr'>erit</span> <span class='ocrx_word' id='word_1_46' title='bbox 617 1029 716 1106; x_wconf 90' lang='lat' dir='ltr'>liber;</span> <span class='ocrx_word' id='word_1_47' title='bbox 750 1030 776 1090; x_wconf 91' lang='lat' dir='ltr'>si</span> <span class='ocrx_word' id='word_1_48' title='bbox 809 1049 886 1091; x_wconf 91' lang='lat' dir='ltr'>vero</span> <span class='ocrx_word' id='word_1_49' title='bbox 911 1049 976 1091; x_wconf 90' lang='lat' dir='ltr'>non</span> <span class='ocrx_word' id='word_1_50' title='bbox 1010 1030 1172 1112; x_wconf 83' lang='lat' dir='ltr'>juraverit,</span> <span class='ocrx_word' id='word_1_51' title='bbox 1196 1042 1274 1093; x_wconf 91' lang='lat' dir='ltr'>tunc</span> <span class='ocrx_word' id='word_1_52' title='bbox 1296 1030 1423 1093; x_wconf 85' lang='lat' dir='ltr'>solvere</span> 
     </span>
     <span class='ocr_line' id='line_1_7' title="bbox 152 1135 1314 1220; baseline 0.003 -23"><span class='ocrx_word' id='word_1_53' title='bbox 152 1135 294 1216; x_wconf 85' lang='lat' dir='ltr'>debebit,</span> <span class='ocrx_word' id='word_1_54' title='bbox 318 1136 465 1220; x_wconf 89' lang='lat' dir='ltr'>deposita</span> <span class='ocrx_word' id='word_1_55' title='bbox 488 1136 690 1199; x_wconf 88' lang='lat' dir='ltr'>consciencia</span> <span class='ocrx_word' id='word_1_56' title='bbox 713 1137 812 1219; x_wconf 89' lang='lat' dir='ltr'>patris</span> <span class='ocrx_word' id='word_1_57' title='bbox 836 1135 994 1198; x_wconf 83' lang='lat' dir='ltr'>Anthooii</span> <span class='ocrx_word' id='word_1_58' title='bbox 1019 1150 1177 1219; x_wconf 89' lang='lat' dir='ltr'>quantum</span> <span class='ocrx_word' id='word_1_59' title='bbox 1200 1137 1314 1201; x_wconf 79' lang='lat' dir='ltr'>valuit</span> 
     </span>
    </p>
   </div>
   <div class='ocr_carea' id='block_1_3' title="bbox 314 1373 1251 1608">
    <p class='ocr_par' dir='ltr' id='par_1_3' title="bbox 314 1373 1251 1608">
     <span class='ocr_line' id='line_1_8' title="bbox 314 1373 1251 1466; baseline -0.001 -19"><span class='ocrx_word' id='word_1_60' title='bbox 314 1373 411 1447; x_wconf 83' lang='lat' dir='ltr'>Feria</span> <span class='ocrx_word' id='word_1_61' title='bbox 438 1383 535 1447; x_wconf 85' lang='lat' dir='ltr'>sexta</span> <span class='ocrx_word' id='word_1_62' title='bbox 565 1379 718 1466; x_wconf 87' lang='lat' dir='ltr'>proxima</span> <span class='ocrx_word' id='word_1_63' title='bbox 746 1385 822 1465; x_wconf 88' lang='lat' dir='ltr'>post</span> <span class='ocrx_word' id='word_1_64' title='bbox 850 1376 974 1448; x_wconf 84' lang='lat' dir='ltr'>festum</span> <span class='ocrx_word' id='word_1_65' title='bbox 997 1377 1087 1447; x_wconf 89' lang='lat' dir='ltr'>beati</span> <span class='ocrx_word' id='word_1_66' title='bbox 1116 1373 1251 1446; x_wconf 88' lang='lat' dir='ltr'>Briccli.</span> 
     </span>
     <span class='ocr_line' id='line_1_9' title="bbox 654 1529 927 1608; baseline 0.026 -22"><span class='ocrx_word' id='word_1_67' title='bbox 654 1535 717 1608; x_wconf 73' lang='lat'><em>(14.</em></span> <span class='ocrx_word' id='word_1_68' title='bbox 741 1529 927 1605; x_wconf 64' lang='lat' dir='ltr'>novembres).</span> 
     </span>
    </p>
   </div>
   <div class='ocr_carea' id='block_1_4' title="bbox 147 1670 1423 3334">
    <p class='ocr_par' dir='ltr' id='par_1_4' title="bbox 147 1670 1423 3334">
     <span class='ocr_line' id='line_1_10' title="bbox 261 1670 1421 1752; baseline 0.001 -19"><span class='ocrx_word' id='word_1_69' title='bbox 261 1670 365 1734; x_wconf 84' lang='lat' dir='ltr'>Causa</span> <span class='ocrx_word' id='word_1_70' title='bbox 392 1671 473 1732; x_wconf 92' lang='lat' dir='ltr'>inter</span> <span class='ocrx_word' id='word_1_71' title='bbox 505 1670 685 1733; x_wconf 75' lang='lat' dir='ltr'>iohannem</span> <span class='ocrx_word' id='word_1_72' title='bbox 720 1671 882 1733; x_wconf 91' lang='lat' dir='ltr'>literatum</span> <span class='ocrx_word' id='word_1_73' title='bbox 914 1685 946 1733; x_wconf 91' lang='lat' dir='ltr'>et</span> <span class='ocrx_word' id='word_1_74' title='bbox 977 1670 1171 1752; x_wconf 87' lang='lat' dir='ltr'>Gregorium</span> <span class='ocrx_word' id='word_1_75' title='bbox 1197 1684 1341 1734; x_wconf 89' lang='lat' dir='ltr'>sutorem</span> <span class='ocrx_word' id='word_1_76' title='bbox 1375 1692 1421 1734; x_wconf 86' lang='lat' dir='ltr'>ra·</span> 
     </span>
     <span class='ocr_line' id='line_1_11' title="bbox 152 1777 1423 1860; baseline 0.001 -20"><span class='ocrx_word' id='word_1_77' title='bbox 152 1777 246 1841; x_wconf 91' lang='lat' dir='ltr'>cione</span> <span class='ocrx_word' id='word_1_78' title='bbox 271 1791 356 1840; x_wconf 89' lang='lat' dir='ltr'>certe</span> <span class='ocrx_word' id='word_1_79' title='bbox 381 1777 596 1860; x_wconf 83' lang='lat' dir='ltr'>percussionis</span> <span class='ocrx_word' id='word_1_80' title='bbox 621 1791 652 1838; x_wconf 92' lang='lat' dir='ltr'>et</span> <span class='ocrx_word' id='word_1_81' title='bbox 676 1777 914 1839; x_wconf 90' lang='lat' dir='ltr'>verberacionis</span> <span class='ocrx_word' id='word_1_82' title='bbox 939 1790 970 1839; x_wconf 93' lang='lat' dir='ltr'>et</span> <span class='ocrx_word' id='word_1_83' title='bbox 994 1778 1025 1838; x_wconf 94' lang='lat' dir='ltr'>in</span> <span class='ocrx_word' id='word_1_84' title='bbox 1050 1791 1168 1839; x_wconf 91' lang='lat' dir='ltr'>terram</span> <span class='ocrx_word' id='word_1_85' title='bbox 1192 1778 1423 1860; x_wconf 91' lang='lat' dir='ltr'>prostracioois</span> 
     </span>
     <span class='ocr_line' id='line_1_12' title="bbox 152 1882 1421 1966; baseline 0.002 -21"><span class='ocrx_word' id='word_1_86' title='bbox 152 1897 252 1963; x_wconf 88' lang='lat' dir='ltr'>mota,</span> <span class='ocrx_word' id='word_1_87' title='bbox 277 1883 365 1966; x_wconf 92' lang='lat' dir='ltr'>quod</span> <span class='ocrx_word' id='word_1_88' title='bbox 390 1883 541 1945; x_wconf 91' lang='lat' dir='ltr'>videlicet</span> <span class='ocrx_word' id='word_1_89' title='bbox 564 1883 649 1944; x_wconf 91' lang='lat' dir='ltr'>idem</span> <span class='ocrx_word' id='word_1_90' title='bbox 677 1882 853 1965; x_wconf 85' lang='lat' dir='ltr'>Gregorius</span> <span class='ocrx_word' id='word_1_91' title='bbox 884 1897 974 1946; x_wconf 93' lang='lat' dir='ltr'>sutor</span> <span class='ocrx_word' id='word_1_92' title='bbox 996 1884 1118 1946; x_wconf 90' lang='lat' dir='ltr'>dictum</span> <span class='ocrx_word' id='word_1_93' title='bbox 1144 1883 1326 1947; x_wconf 74' lang='lat' dir='ltr'>iohannem</span> <span class='ocrx_word' id='word_1_94' title='bbox 1351 1885 1421 1948; x_wconf 90' lang='lat' dir='ltr'>lite·</span> 
     </span>
     <span class='ocr_line' id='line_1_13' title="bbox 151 1990 1422 2074; baseline 0.001 -21"><span class='ocrx_word' id='word_1_95' title='bbox 151 2005 256 2054; x_wconf 89' lang='lat' dir='ltr'>ratum</span> <span class='ocrx_word' id='word_1_96' title='bbox 282 1993 313 2053; x_wconf 93' lang='lat' dir='ltr'>in</span> <span class='ocrx_word' id='word_1_97' title='bbox 339 1992 439 2053; x_wconf 93' lang='lat' dir='ltr'>domo</span> <span class='ocrx_word' id='word_1_98' title='bbox 462 1990 642 2052; x_wconf 91' lang='lat' dir='ltr'>consistorii</span> <span class='ocrx_word' id='word_1_99' title='bbox 671 1991 771 2052; x_wconf 90' lang='lat' dir='ltr'>libera</span> <span class='ocrx_word' id='word_1_100' title='bbox 804 2004 835 2054; x_wconf 89' lang='lat' dir='ltr'>et</span> <span class='ocrx_word' id='word_1_101' title='bbox 858 1992 1025 2053; x_wconf 89' lang='lat' dir='ltr'>communi</span> <span class='ocrx_word' id='word_1_102' title='bbox 1058 1993 1267 2071; x_wconf 89' lang='lat' dir='ltr'>verberasset,</span> <span class='ocrx_word' id='word_1_103' title='bbox 1291 2011 1422 2074; x_wconf 86' lang='lat' dir='ltr'>percus·</span> 
     </span>
     <span class='ocr_line' id='line_1_14' title="bbox 151 2097 1421 2180; baseline 0.001 -19"><span class='ocrx_word' id='word_1_104' title='bbox 151 2099 243 2161; x_wconf 90' lang='lat' dir='ltr'>sisset</span> <span class='ocrx_word' id='word_1_105' title='bbox 267 2112 298 2160; x_wconf 95' lang='lat' dir='ltr'>et</span> <span class='ocrx_word' id='word_1_106' title='bbox 322 2097 547 2160; x_wconf 82' lang='lat' dir='ltr'>miserabiliter</span> <span class='ocrx_word' id='word_1_107' title='bbox 570 2098 832 2180; x_wconf 89' lang='lat' dir='ltr'>truculenterque</span> <span class='ocrx_word' id='word_1_108' title='bbox 861 2098 1027 2180; x_wconf 89' lang='lat' dir='ltr'>usquead</span> <span class='ocrx_word' id='word_1_109' title='bbox 1061 2111 1198 2161; x_wconf 91' lang='lat' dir='ltr'>mortem</span> <span class='ocrx_word' id='word_1_110' title='bbox 1224 2099 1256 2160; x_wconf 91' lang='lat' dir='ltr'>io</span> <span class='ocrx_word' id='word_1_111' title='bbox 1283 2097 1421 2162; x_wconf 89' lang='lat' dir='ltr'>humum</span> 
     </span>
     <span class='ocr_line' id='line_1_15' title="bbox 151 2203 1422 2288; baseline 0.002 -22"><span class='ocrx_word' id='word_1_112' title='bbox 151 2217 339 2288; x_wconf 85' lang='lat' dir='ltr'>prostrasset</span> <span class='ocrx_word' id='word_1_113' title='bbox 370 2204 464 2286; x_wconf 91' lang='lat' dir='ltr'>culpa</span> <span class='ocrx_word' id='word_1_114' title='bbox 489 2224 546 2266; x_wconf 92' lang='lat' dir='ltr'>sua</span> <span class='ocrx_word' id='word_1_115' title='bbox 577 2203 646 2265; x_wconf 90' lang='lat' dir='ltr'>sine</span> <span class='ocrx_word' id='word_1_116' title='bbox 671 2205 770 2281; x_wconf 89' lang='lat' dir='ltr'>omni,</span> <span class='ocrx_word' id='word_1_117' title='bbox 802 2218 899 2287; x_wconf 89' lang='lat' dir='ltr'>prout</span> <span class='ocrx_word' id='word_1_118' title='bbox 929 2218 1026 2267; x_wconf 89' lang='lat' dir='ltr'>testes</span> <span class='ocrx_word' id='word_1_119' title='bbox 1057 2205 1151 2287; x_wconf 89' lang='lat' dir='ltr'>jurati</span> <span class='ocrx_word' id='word_1_120' title='bbox 1183 2219 1214 2267; x_wconf 92' lang='lat' dir='ltr'>et</span> <span class='ocrx_word' id='word_1_121' title='bbox 1245 2206 1422 2269; x_wconf 86' lang='lat' dir='ltr'>examinati</span> 
     </span>
     <span class='ocr_line' id='line_1_16' title="bbox 151 2308 1421 2393; baseline 0.002 -21"><span class='ocrx_word' id='word_1_122' title='bbox 151 2324 225 2372; x_wconf 91' lang='lat' dir='ltr'>sunt</span> <span class='ocrx_word' id='word_1_123' title='bbox 248 2308 334 2389; x_wconf 89' lang='lat' dir='ltr'>fassi,</span> <span class='ocrx_word' id='word_1_124' title='bbox 359 2309 479 2371; x_wconf 91' lang='lat' dir='ltr'>ibidem</span> <span class='ocrx_word' id='word_1_125' title='bbox 504 2309 644 2372; x_wconf 89' lang='lat' dir='ltr'>eundem</span> <span class='ocrx_word' id='word_1_126' title='bbox 677 2311 868 2373; x_wconf 85' lang='lat' dir='ltr'>semivivum</span> <span class='ocrx_word' id='word_1_127' title='bbox 902 2311 1129 2393; x_wconf 90' lang='lat' dir='ltr'>relinquendo,</span> <span class='ocrx_word' id='word_1_128' title='bbox 1154 2311 1247 2392; x_wconf 79' lang='lat' dir='ltr'>jurati</span> <span class='ocrx_word' id='word_1_129' title='bbox 1272 2332 1421 2375; x_wconf 89' lang='lat' dir='ltr'>commu·</span> 
     </span>
     <span class='ocr_line' id='line_1_17' title="bbox 152 2416 1421 2499; baseline 0.003 -21"><span class='ocrx_word' id='word_1_130' title='bbox 152 2417 236 2479; x_wconf 91' lang='lat' dir='ltr'>niter</span> <span class='ocrx_word' id='word_1_131' title='bbox 259 2436 371 2478; x_wconf 86' lang='lat' dir='ltr'>causas</span> <span class='ocrx_word' id='word_1_132' title='bbox 402 2416 602 2498; x_wconf 89' lang='lat' dir='ltr'>litigancium</span> <span class='ocrx_word' id='word_1_133' title='bbox 636 2416 814 2498; x_wconf 90' lang='lat' dir='ltr'>judicantes</span> <span class='ocrx_word' id='word_1_134' title='bbox 845 2418 1056 2481; x_wconf 88' lang='lat' dir='ltr'>decreverunt</span> <span class='ocrx_word' id='word_1_135' title='bbox 1088 2433 1119 2480; x_wconf 90' lang='lat' dir='ltr'>et</span> <span class='ocrx_word' id='word_1_136' title='bbox 1150 2418 1421 2499; x_wconf 87' lang='lat' dir='ltr'>adjudicaverunt</span> 
     </span>
     <span class='ocr_line' id='line_1_18' title="bbox 150 2522 1421 2606; baseline 0.005 -22"><span class='ocrx_word' id='word_1_137' title='bbox 150 2523 256 2605; x_wconf 91' lang='lat' dir='ltr'>ipsum</span> <span class='ocrx_word' id='word_1_138' title='bbox 282 2522 476 2604; x_wconf 89' lang='lat' dir='ltr'>Gregorium</span> <span class='ocrx_word' id='word_1_139' title='bbox 501 2543 560 2606; x_wconf 88' lang='lat' dir='ltr'>pro</span> <span class='ocrx_word' id='word_1_140' title='bbox 577 2525 783 2605; x_wconf 85' lang='lat' dir='ltr'>percussione</span> <span class='ocrx_word' id='word_1_141' title='bbox 801 2524 946 2586; x_wconf 90' lang='lat' dir='ltr'>eiusdem</span> <span class='ocrx_word' id='word_1_142' title='bbox 964 2525 1121 2588; x_wconf 91' lang='lat' dir='ltr'>Johannis</span> <span class='ocrx_word' id='word_1_143' title='bbox 1144 2526 1331 2587; x_wconf 84' lang='lat' dir='ltr'>convictum</span> <span class='ocrx_word' id='word_1_144' title='bbox 1350 2546 1421 2590; x_wconf 90' lang='lat' dir='ltr'>esse</span> 
     </span>
     <span class='ocr_line' id='line_1_19' title="bbox 150 2629 1422 2714; baseline 0.002 -22"><span class='ocrx_word' id='word_1_145' title='bbox 150 2631 183 2692; x_wconf 92' lang='lat' dir='ltr'>in</span> <span class='ocrx_word' id='word_1_146' title='bbox 208 2630 284 2692; x_wconf 90' lang='lat' dir='ltr'>vivo</span> <span class='ocrx_word' id='word_1_147' title='bbox 308 2629 462 2712; x_wconf 90' lang='lat' dir='ltr'>homagio</span> <span class='ocrx_word' id='word_1_148' title='bbox 480 2630 566 2693; x_wconf 90' lang='lat' dir='ltr'>dicto</span> <span class='ocrx_word' id='word_1_149' title='bbox 584 2630 733 2710; x_wconf 89' lang='lat' dir='ltr'>Jobanni‚</span> <span class='ocrx_word' id='word_1_150' title='bbox 759 2646 890 2714; x_wconf 91' lang='lat' dir='ltr'>propter</span> <span class='ocrx_word' id='word_1_151' title='bbox 913 2631 1002 2714; x_wconf 92' lang='lat' dir='ltr'>quod</span> <span class='ocrx_word' id='word_1_152' title='bbox 1020 2645 1129 2694; x_wconf 91' lang='lat' dir='ltr'>autem</span> <span class='ocrx_word' id='word_1_153' title='bbox 1146 2631 1207 2694; x_wconf 91' lang='lat' dir='ltr'>hoc</span> <span class='ocrx_word' id='word_1_154' title='bbox 1232 2631 1319 2693; x_wconf 88' lang='lat' dir='ltr'>idem</span> <span class='ocrx_word' id='word_1_155' title='bbox 1338 2631 1422 2695; x_wconf 91' lang='lat' dir='ltr'>Gre-</span> 
     </span>
     <span class='ocr_line' id='line_1_20' title="bbox 148 2736 1421 2820; baseline 0.002 -23"><span class='ocrx_word' id='word_1_156' title='bbox 148 2736 260 2818; x_wconf 81' lang='lat' dir='ltr'>gorius</span> <span class='ocrx_word' id='word_1_157' title='bbox 284 2736 345 2798; x_wconf 91' lang='lat' dir='ltr'>hoc</span> <span class='ocrx_word' id='word_1_158' title='bbox 370 2736 402 2797; x_wconf 91' lang='lat' dir='ltr'>in</span> <span class='ocrx_word' id='word_1_159' title='bbox 427 2737 526 2798; x_wconf 92' lang='lat' dir='ltr'>domo</span> <span class='ocrx_word' id='word_1_160' title='bbox 550 2738 651 2798; x_wconf 91' lang='lat' dir='ltr'>libera</span> <span class='ocrx_word' id='word_1_161' title='bbox 676 2751 708 2799; x_wconf 91' lang='lat' dir='ltr'>et</span> <span class='ocrx_word' id='word_1_162' title='bbox 734 2739 838 2800; x_wconf 91' lang='lat' dir='ltr'>tocius</span> <span class='ocrx_word' id='word_1_163' title='bbox 869 2738 1111 2800; x_wconf 84' lang='lat' dir='ltr'>communitatis</span> <span class='ocrx_word' id='word_1_164' title='bbox 1142 2736 1268 2800; x_wconf 87' lang='lat' dir='ltr'>fecisset</span> <span class='ocrx_word' id='word_1_165' title='bbox 1292 2751 1324 2800; x_wconf 92' lang='lat' dir='ltr'>et</span> <span class='ocrx_word' id='word_1_166' title='bbox 1347 2758 1421 2820; x_wconf 91' lang='lat' dir='ltr'>per-</span> 
     </span>
     <span class='ocr_line' id='line_1_21' title="bbox 149 2844 1420 2927; baseline 0.002 -24"><span class='ocrx_word' id='word_1_167' title='bbox 149 2856 304 2925; x_wconf 91' lang='lat' dir='ltr'>petrasset</span> <span class='ocrx_word' id='word_1_168' title='bbox 328 2844 494 2904; x_wconf 85' lang='lat' dir='ltr'>convictus</span> <span class='ocrx_word' id='word_1_169' title='bbox 518 2858 564 2904; x_wconf 90' lang='lat' dir='ltr'>est</span> <span class='ocrx_word' id='word_1_170' title='bbox 589 2844 620 2904; x_wconf 91' lang='lat' dir='ltr'>in</span> <span class='ocrx_word' id='word_1_171' title='bbox 645 2857 711 2904; x_wconf 93' lang='lat' dir='ltr'>tota</span> <span class='ocrx_word' id='word_1_172' title='bbox 740 2844 920 2906; x_wconf 81' lang='lat' dir='ltr'>substancia</span> <span class='ocrx_word' id='word_1_173' title='bbox 945 2859 976 2906; x_wconf 93' lang='lat' dir='ltr'>et</span> <span class='ocrx_word' id='word_1_174' title='bbox 998 2845 1101 2927; x_wconf 91' lang='lat' dir='ltr'>capite</span> <span class='ocrx_word' id='word_1_175' title='bbox 1126 2845 1210 2906; x_wconf 91' lang='lat' dir='ltr'>dicte</span> <span class='ocrx_word' id='word_1_176' title='bbox 1235 2846 1420 2907; x_wconf 91' lang='lat' dir='ltr'>communi·</span> 
     </span>
     <span class='ocr_line' id='line_1_22' title="bbox 149 2948 1419 3032; baseline 0.003 -23"><span class='ocrx_word' id='word_1_177' title='bbox 149 2948 224 3024; x_wconf 87' lang='lat' dir='ltr'>tati;</span> <span class='ocrx_word' id='word_1_178' title='bbox 248 2949 336 3030; x_wconf 93' lang='lat' dir='ltr'>quod</span> <span class='ocrx_word' id='word_1_179' title='bbox 361 2963 468 3012; x_wconf 90' lang='lat' dir='ltr'>autern</span> <span class='ocrx_word' id='word_1_180' title='bbox 493 2948 555 3010; x_wconf 90' lang='lat' dir='ltr'>boc</span> <span class='ocrx_word' id='word_1_181' title='bbox 580 2949 612 3010; x_wconf 90' lang='lat' dir='ltr'>in</span> <span class='ocrx_word' id='word_1_182' title='bbox 637 2969 772 3032; x_wconf 89' lang='lat' dir='ltr'>persona</span> <span class='ocrx_word' id='word_1_183' title='bbox 797 2950 912 3029; x_wconf 92' lang='lat' dir='ltr'>judicis</span> <span class='ocrx_word' id='word_1_184' title='bbox 945 2950 1080 3032; x_wconf 90' lang='lat' dir='ltr'>fecisset,</span> <span class='ocrx_word' id='word_1_185' title='bbox 1104 2950 1283 3013; x_wconf 89' lang='lat' dir='ltr'>secundum</span> <span class='ocrx_word' id='word_1_186' title='bbox 1307 2953 1419 3014; x_wconf 89' lang='lat' dir='ltr'>statuti</span> 
     </span>
     <span class='ocr_line' id='line_1_23' title="bbox 149 3054 1421 3142; baseline 0.005 -27"><span class='ocrx_word' id='word_1_187' title='bbox 149 3054 407 3119; x_wconf 91' lang='lat' dir='ltr'>declaracionem</span> <span class='ocrx_word' id='word_1_188' title='bbox 432 3057 598 3118; x_wconf 90' lang='lat' dir='ltr'>convictus</span> <span class='ocrx_word' id='word_1_189' title='bbox 630 3071 676 3118; x_wconf 90' lang='lat' dir='ltr'>est</span> <span class='ocrx_word' id='word_1_190' title='bbox 701 3059 731 3119; x_wconf 93' lang='lat' dir='ltr'>in</span> <span class='ocrx_word' id='word_1_191' title='bbox 765 3058 878 3140; x_wconf 88' lang='lat' dir='ltr'>viginti</span> <span class='ocrx_word' id='word_1_192' title='bbox 905 3060 1037 3136; x_wconf 74' lang='lat' dir='ltr'>marcis,</span> <span class='ocrx_word' id='word_1_193' title='bbox 1069 3057 1211 3142; x_wconf 85' lang='lat' dir='ltr'>prefatus</span> <span class='ocrx_word' id='word_1_194' title='bbox 1234 3078 1311 3122; x_wconf 83' lang='lat' dir='ltr'>vero</span> <span class='ocrx_word' id='word_1_195' title='bbox 1337 3058 1421 3122; x_wconf 87' lang='lat' dir='ltr'>Gre-</span> 
     </span>
     <span class='ocr_line' id='line_1_24' title="bbox 147 3162 1420 3249; baseline 0.005 -27"><span class='ocrx_word' id='word_1_196' title='bbox 147 3162 258 3242; x_wconf 80' lang='lat' dir='ltr'>gorius</span> <span class='ocrx_word' id='word_1_197' title='bbox 283 3163 321 3224; x_wconf 92' lang='lat' dir='ltr'>de</span> <span class='ocrx_word' id='word_1_198' title='bbox 353 3163 474 3245; x_wconf 85' lang='lat' dir='ltr'>judicio</span> <span class='ocrx_word' id='word_1_199' title='bbox 505 3162 682 3244; x_wconf 90' lang='lat' dir='ltr'>juratorum</span> <span class='ocrx_word' id='word_1_200' title='bbox 720 3183 786 3226; x_wconf 89' lang='lat' dir='ltr'>non</span> <span class='ocrx_word' id='word_1_201' title='bbox 819 3179 990 3229; x_wconf 89' lang='lat' dir='ltr'>contentus</span> <span class='ocrx_word' id='word_1_202' title='bbox 1022 3166 1198 3249; x_wconf 89' lang='lat' dir='ltr'>appellavit</span> <span class='ocrx_word' id='word_1_203' title='bbox 1228 3165 1420 3247; x_wconf 88' lang='lat' dir='ltr'>adjudices</span> 
     </span>
     <span class='ocr_line' id='line_1_25' title="bbox 148 3288 300 3334; baseline 0.026 -4"><span class='ocrx_word' id='word_1_204' title='bbox 148 3288 300 3334; x_wconf 79' lang='lat' dir='ltr'>seniores.</span> 
     </span>
    </p>
   </div>
   <div class='ocr_carea' id='block_1_5' title="bbox 228 3504 1350 3602">
    <p class='ocr_par' dir='ltr' id='par_1_5' title="bbox 228 3504 1350 3602">
     <span class='ocr_line' id='line_1_26' title="bbox 228 3504 1350 3602; baseline 0 -22"><span class='ocrx_word' id='word_1_205' title='bbox 228 3505 325 3580; x_wconf 82' lang='lat' dir='ltr'>Faria</span> <span class='ocrx_word' id='word_1_206' title='bbox 352 3516 450 3581; x_wconf 86' lang='lat' dir='ltr'>sexta</span> <span class='ocrx_word' id='word_1_207' title='bbox 478 3511 632 3597; x_wconf 86' lang='lat' dir='ltr'>proxima</span> <span class='ocrx_word' id='word_1_208' title='bbox 661 3520 737 3600; x_wconf 88' lang='lat' dir='ltr'>post</span> <span class='ocrx_word' id='word_1_209' title='bbox 766 3511 890 3584; x_wconf 84' lang='lat' dir='ltr'>festum</span> <span class='ocrx_word' id='word_1_210' title='bbox 918 3512 1008 3585; x_wconf 86' lang='lat' dir='ltr'>beati</span> <span class='ocrx_word' id='word_1_211' title='bbox 1037 3509 1167 3584; x_wconf 66' lang='lat' dir='ltr'>andree</span> <span class='ocrx_word' id='word_1_212' title='bbox 1195 3504 1350 3602; x_wconf 87' lang='lat' dir='ltr'>apostoli.</span> 
     </span>
    </p>
   </div>
   <div class='ocr_carea' id='block_1_6' title="bbox 646 3661 915 3741">
    <p class='ocr_par' dir='ltr' id='par_1_6' title="bbox 646 3661 915 3741">
     <span class='ocr_line' id='line_1_27' title="bbox 646 3661 915 3741; baseline 0.026 -20"><span class='ocrx_word' id='word_1_213' title='bbox 646 3661 710 3741; x_wconf 79' lang='lat'><em>(28.</em></span> <span class='ocrx_word' id='word_1_214' title='bbox 735 3667 915 3733; x_wconf 79' lang='lat' dir='ltr'>novembris).</span> 
     </span>
    </p>
   </div>
   <div class='ocr_carea' id='block_1_7' title="bbox 146 3802 1416 4959">
    <p class='ocr_par' dir='ltr' id='par_1_7' title="bbox 146 3802 1416 4959">
     <span class='ocr_line' id='line_1_28' title="bbox 256 3802 1416 3869; baseline 0.004 -5"><span class='ocrx_word' id='word_1_215' title='bbox 256 3802 361 3865; x_wconf 88' lang='lat' dir='ltr'>Causa</span> <span class='ocrx_word' id='word_1_216' title='bbox 385 3804 469 3865; x_wconf 90' lang='lat' dir='ltr'>inter</span> <span class='ocrx_word' id='word_1_217' title='bbox 492 3804 701 3867; x_wconf 88' lang='lat' dir='ltr'>Valentinum</span> <span class='ocrx_word' id='word_1_218' title='bbox 726 3805 906 3868; x_wconf 85' lang='lat' dir='ltr'>carnificem</span> <span class='ocrx_word' id='word_1_219' title='bbox 939 3821 970 3868; x_wconf 91' lang='lat' dir='ltr'>et</span> <span class='ocrx_word' id='word_1_220' title='bbox 994 3806 1174 3869; x_wconf 80' lang='lat' dir='ltr'>iohannem</span> <span class='ocrx_word' id='word_1_221' title='bbox 1198 3819 1340 3869; x_wconf 90' lang='lat' dir='ltr'>sutorem</span> <span class='ocrx_word' id='word_1_222' title='bbox 1367 3826 1416 3869; x_wconf 89' lang='lat' dir='ltr'>ra·</span> 
     </span>
     <span class='ocr_line' id='line_1_29' title="bbox 148 3909 1414 3996; baseline 0.006 -26"><span class='ocrx_word' id='word_1_223' title='bbox 148 3909 241 3970; x_wconf 90' lang='lat' dir='ltr'>cione</span> <span class='ocrx_word' id='word_1_224' title='bbox 266 3909 432 3972; x_wconf 87' lang='lat' dir='ltr'>cuiusdam</span> <span class='ocrx_word' id='word_1_225' title='bbox 459 3911 697 3973; x_wconf 88' lang='lat' dir='ltr'>verberacionis</span> <span class='ocrx_word' id='word_1_226' title='bbox 726 3925 757 3974; x_wconf 92' lang='lat' dir='ltr'>et</span> <span class='ocrx_word' id='word_1_227' title='bbox 789 3914 1015 3996; x_wconf 88' lang='lat' dir='ltr'>percussionis,</span> <span class='ocrx_word' id='word_1_228' title='bbox 1040 3914 1128 3995; x_wconf 92' lang='lat' dir='ltr'>quod</span> <span class='ocrx_word' id='word_1_229' title='bbox 1153 3913 1304 3976; x_wconf 88' lang='lat' dir='ltr'>videlicet</span> <span class='ocrx_word' id='word_1_230' title='bbox 1326 3913 1414 3977; x_wconf 88' lang='lat' dir='ltr'>idern</span> 
     </span>
     <span class='ocr_line' id='line_1_30' title="bbox 149 4015 1415 4102; baseline 0.006 -26"><span class='ocrx_word' id='word_1_231' title='bbox 149 4015 341 4077; x_wconf 91' lang='lat' dir='ltr'>Valentinus</span> <span class='ocrx_word' id='word_1_232' title='bbox 365 4016 505 4079; x_wconf 82' lang='lat' dir='ltr'>carnifex</span> <span class='ocrx_word' id='word_1_233' title='bbox 530 4032 639 4080; x_wconf 89' lang='lat' dir='ltr'>contra</span> <span class='ocrx_word' id='word_1_234' title='bbox 665 4019 786 4081; x_wconf 91' lang='lat' dir='ltr'>dictum</span> <span class='ocrx_word' id='word_1_235' title='bbox 813 4020 993 4081; x_wconf 79' lang='lat' dir='ltr'>iohannem</span> <span class='ocrx_word' id='word_1_236' title='bbox 1017 4034 1157 4082; x_wconf 88' lang='lat' dir='ltr'>sutorem</span> <span class='ocrx_word' id='word_1_237' title='bbox 1183 4020 1415 4102; x_wconf 87' lang='lat' dir='ltr'>proposuisset,</span> 
     </span>
     <span class='ocr_line' id='line_1_31' title="bbox 150 4122 1414 4209; baseline 0.006 -27"><span class='ocrx_word' id='word_1_238' title='bbox 150 4122 238 4204; x_wconf 94' lang='lat' dir='ltr'>quod</span> <span class='ocrx_word' id='word_1_239' title='bbox 263 4123 330 4205; x_wconf 92' lang='lat' dir='ltr'>ipse</span> <span class='ocrx_word' id='word_1_240' title='bbox 356 4124 495 4186; x_wconf 90' lang='lat' dir='ltr'>eundem</span> <span class='ocrx_word' id='word_1_241' title='bbox 521 4125 560 4186; x_wconf 89' lang='lat' dir='ltr'>ad</span> <span class='ocrx_word' id='word_1_242' title='bbox 586 4125 720 4187; x_wconf 90' lang='lat' dir='ltr'>domum</span> <span class='ocrx_word' id='word_1_243' title='bbox 745 4146 835 4188; x_wconf 89' lang='lat' dir='ltr'>suam</span> <span class='ocrx_word' id='word_1_244' title='bbox 860 4128 1022 4209; x_wconf 90' lang='lat' dir='ltr'>propriam</span> <span class='ocrx_word' id='word_1_245' title='bbox 1040 4140 1071 4189; x_wconf 91' lang='lat' dir='ltr'>et</span> <span class='ocrx_word' id='word_1_246' title='bbox 1096 4127 1223 4188; x_wconf 90' lang='lat' dir='ltr'>civilem</span> <span class='ocrx_word' id='word_1_247' title='bbox 1249 4146 1347 4189; x_wconf 87' lang='lat' dir='ltr'>manu</span> <span class='ocrx_word' id='word_1_248' title='bbox 1365 4148 1414 4190; x_wconf 88' lang='lat' dir='ltr'>ar·</span> 
     </span>
     <span class='ocr_line' id='line_1_32' title="bbox 151 4231 1412 4315; baseline 0.006 -26"><span class='ocrx_word' id='word_1_249' title='bbox 151 4242 234 4290; x_wconf 89' lang='lat' dir='ltr'>mata</span> <span class='ocrx_word' id='word_1_250' title='bbox 268 4243 298 4290; x_wconf 90' lang='lat' dir='ltr'>et</span> <span class='ocrx_word' id='word_1_251' title='bbox 328 4231 523 4311; x_wconf 90' lang='lat' dir='ltr'>potenciaria</span> <span class='ocrx_word' id='word_1_252' title='bbox 558 4232 690 4293; x_wconf 90' lang='lat' dir='ltr'>veniens</span> <span class='ocrx_word' id='word_1_253' title='bbox 721 4234 917 4295; x_wconf 85' lang='lat' dir='ltr'>verberasset</span> <span class='ocrx_word' id='word_1_254' title='bbox 948 4248 978 4295; x_wconf 90' lang='lat' dir='ltr'>et</span> <span class='ocrx_word' id='word_1_255' title='bbox 1013 4234 1107 4315; x_wconf 89' lang='lat' dir='ltr'>culpa</span> <span class='ocrx_word' id='word_1_256' title='bbox 1141 4253 1197 4295; x_wconf 90' lang='lat' dir='ltr'>sua</span> <span class='ocrx_word' id='word_1_257' title='bbox 1221 4233 1289 4296; x_wconf 92' lang='lat' dir='ltr'>sine</span> <span class='ocrx_word' id='word_1_258' title='bbox 1321 4234 1412 4296; x_wconf 89' lang='lat' dir='ltr'>omni</span> 
     </span>
     <span class='ocr_line' id='line_1_33' title="bbox 149 4334 1414 4422; baseline 0.005 -27"><span class='ocrx_word' id='word_1_259' title='bbox 149 4334 374 4398; x_wconf 86' lang='lat' dir='ltr'>miserabiliter</span> <span class='ocrx_word' id='word_1_260' title='bbox 392 4337 654 4419; x_wconf 90' lang='lat' dir='ltr'>truculenterque</span> <span class='ocrx_word' id='word_1_261' title='bbox 675 4339 891 4420; x_wconf 88' lang='lat' dir='ltr'>percussisset,</span> <span class='ocrx_word' id='word_1_262' title='bbox 909 4354 1004 4421; x_wconf 91' lang='lat' dir='ltr'>prout</span> <span class='ocrx_word' id='word_1_263' title='bbox 1021 4340 1087 4422; x_wconf 89' lang='lat' dir='ltr'>ipse</span> <span class='ocrx_word' id='word_1_264' title='bbox 1104 4340 1204 4401; x_wconf 90' lang='lat' dir='ltr'>eciam</span> <span class='ocrx_word' id='word_1_265' title='bbox 1221 4339 1414 4402; x_wconf 88' lang='lat' dir='ltr'>Valentinus</span> 
     </span>
     <span class='ocr_line' id='line_1_34' title="bbox 148 4441 1412 4527; baseline 0.006 -25"><span class='ocrx_word' id='word_1_266' title='bbox 148 4441 289 4503; x_wconf 84' lang='lat' dir='ltr'>carnifex</span> <span class='ocrx_word' id='word_1_267' title='bbox 313 4443 471 4524; x_wconf 88' lang='lat' dir='ltr'>quosdam</span> <span class='ocrx_word' id='word_1_268' title='bbox 503 4456 599 4505; x_wconf 90' lang='lat' dir='ltr'>testes</span> <span class='ocrx_word' id='word_1_269' title='bbox 632 4445 845 4526; x_wconf 86' lang='lat' dir='ltr'>produxisset,</span> <span class='ocrx_word' id='word_1_270' title='bbox 878 4447 932 4527; x_wconf 93' lang='lat' dir='ltr'>qui</span> <span class='ocrx_word' id='word_1_271' title='bbox 961 4461 1057 4508; x_wconf 90' lang='lat' dir='ltr'>testes</span> <span class='ocrx_word' id='word_1_272' title='bbox 1089 4447 1120 4509; x_wconf 91' lang='lat' dir='ltr'>in</span> <span class='ocrx_word' id='word_1_273' title='bbox 1145 4446 1220 4508; x_wconf 91' lang='lat' dir='ltr'>sede</span> <span class='ocrx_word' id='word_1_274' title='bbox 1244 4445 1412 4527; x_wconf 88' lang='lat' dir='ltr'>judiciaria</span> 
     </span>
     <span class='ocr_line' id='line_1_35' title="bbox 146 4547 1412 4635; baseline 0.006 -27"><span class='ocrx_word' id='word_1_275' title='bbox 146 4549 235 4630; x_wconf 92' lang='lat' dir='ltr'>prius</span> <span class='ocrx_word' id='word_1_276' title='bbox 267 4547 360 4627; x_wconf 93' lang='lat' dir='ltr'>jurati</span> <span class='ocrx_word' id='word_1_277' title='bbox 394 4565 424 4610; x_wconf 92' lang='lat' dir='ltr'>et</span> <span class='ocrx_word' id='word_1_278' title='bbox 456 4551 627 4615; x_wconf 87' lang='lat' dir='ltr'>examinati</span> <span class='ocrx_word' id='word_1_279' title='bbox 660 4552 736 4613; x_wconf 90' lang='lat' dir='ltr'>scita</span> <span class='ocrx_word' id='word_1_280' title='bbox 768 4553 912 4635; x_wconf 89' lang='lat' dir='ltr'>ipsorum</span> <span class='ocrx_word' id='word_1_281' title='bbox 945 4553 1132 4632; x_wconf 86' lang='lat' dir='ltr'>retulerunt,</span> <span class='ocrx_word' id='word_1_282' title='bbox 1163 4567 1271 4616; x_wconf 88' lang='lat' dir='ltr'>tamen</span> <span class='ocrx_word' id='word_1_283' title='bbox 1292 4552 1412 4615; x_wconf 92' lang='lat' dir='ltr'>nullus</span> 
     </span>
     <span class='ocr_line' id='line_1_36' title="bbox 147 4654 1411 4742; baseline 0.006 -28"><span class='ocrx_word' id='word_1_284' title='bbox 147 4654 291 4736; x_wconf 89' lang='lat' dir='ltr'>ipsorum</span> <span class='ocrx_word' id='word_1_285' title='bbox 316 4656 446 4718; x_wconf 91' lang='lat' dir='ltr'>testium</span> <span class='ocrx_word' id='word_1_286' title='bbox 472 4656 573 4719; x_wconf 89' lang='lat' dir='ltr'>fassus</span> <span class='ocrx_word' id='word_1_287' title='bbox 597 4671 654 4736; x_wconf 90' lang='lat' dir='ltr'>est,</span> <span class='ocrx_word' id='word_1_288' title='bbox 679 4659 766 4740; x_wconf 93' lang='lat' dir='ltr'>quod</span> <span class='ocrx_word' id='word_1_289' title='bbox 793 4659 896 4721; x_wconf 91' lang='lat' dir='ltr'>dictus</span> <span class='ocrx_word' id='word_1_290' title='bbox 925 4659 1087 4721; x_wconf 83' lang='lat' dir='ltr'>lohannes</span> <span class='ocrx_word' id='word_1_291' title='bbox 1118 4659 1257 4721; x_wconf 87' lang='lat' dir='ltr'>eundern</span> <span class='ocrx_word' id='word_1_292' title='bbox 1282 4679 1411 4742; x_wconf 90' lang='lat' dir='ltr'>percus·</span> 
     </span>
     <span class='ocr_line' id='line_1_37' title="bbox 146 4761 1411 4850; baseline 0.006 -28"><span class='ocrx_word' id='word_1_293' title='bbox 146 4761 248 4839; x_wconf 88' lang='lat' dir='ltr'>sisset,</span> <span class='ocrx_word' id='word_1_294' title='bbox 272 4775 380 4825; x_wconf 90' lang='lat' dir='ltr'>tamen</span> <span class='ocrx_word' id='word_1_295' title='bbox 405 4761 547 4844; x_wconf 89' lang='lat' dir='ltr'>prefatus</span> <span class='ocrx_word' id='word_1_296' title='bbox 571 4763 734 4826; x_wconf 88' lang='lat' dir='ltr'>Johannes</span> <span class='ocrx_word' id='word_1_297' title='bbox 757 4766 857 4827; x_wconf 90' lang='lat' dir='ltr'>eciam</span> <span class='ocrx_word' id='word_1_298' title='bbox 882 4781 977 4828; x_wconf 91' lang='lat' dir='ltr'>testes</span> <span class='ocrx_word' id='word_1_299' title='bbox 994 4786 1069 4828; x_wconf 91' lang='lat' dir='ltr'>suos</span> <span class='ocrx_word' id='word_1_300' title='bbox 1093 4785 1200 4828; x_wconf 89' lang='lat' dir='ltr'>coram</span> <span class='ocrx_word' id='word_1_301' title='bbox 1227 4767 1321 4829; x_wconf 87' lang='lat' dir='ltr'>nobis</span> <span class='ocrx_word' id='word_1_302' title='bbox 1336 4786 1411 4850; x_wconf 89' lang='lat' dir='ltr'>pro·</span> 
     </span>
     <span class='ocr_line' id='line_1_38' title="bbox 146 4867 1411 4959; baseline 0.005 -29"><span class='ocrx_word' id='word_1_303' title='bbox 146 4867 231 4948; x_wconf 93' lang='lat' dir='ltr'>tulit,</span> <span class='ocrx_word' id='word_1_304' title='bbox 256 4869 311 4951; x_wconf 92' lang='lat' dir='ltr'>qui</span> <span class='ocrx_word' id='word_1_305' title='bbox 336 4867 526 4937; x_wconf 86' lang='lat' dir='ltr'>referrentes</span> <span class='ocrx_word' id='word_1_306' title='bbox 547 4868 622 4933; x_wconf 83' lang='lat' dir='ltr'>lassi</span> <span class='ocrx_word' id='word_1_307' title='bbox 646 4885 720 4936; x_wconf 91' lang='lat' dir='ltr'>sunt</span> <span class='ocrx_word' id='word_1_308' title='bbox 745 4892 782 4939; x_wconf 91' lang='lat' dir='ltr'>eo</span> <span class='ocrx_word' id='word_1_309' title='bbox 800 4873 910 4953; x_wconf 91' lang='lat' dir='ltr'>modo,</span> <span class='ocrx_word' id='word_1_310' title='bbox 934 4874 1021 4959; x_wconf 93' lang='lat' dir='ltr'>quod</span> <span class='ocrx_word' id='word_1_311' title='bbox 1046 4871 1196 4957; x_wconf 84' lang='lat' dir='ltr'>jamfatus</span> <span class='ocrx_word' id='word_1_312' title='bbox 1219 4873 1411 4943; x_wconf 84' lang='lat' dir='ltr'>Valentinus</span> 
     </span>
    </p>
   </div>
   <div class='ocr_carea' id='block_1_8' title="bbox 0 0 1576 5356">
    <p class='ocr_par' dir='ltr' id='par_1_8' title="bbox 0 0 1576 5356">
     <span class='ocr_line' id='line_1_39' title="bbox 0 0 1576 5356; baseline 0 1"><span class='ocrx_word' id='word_1_313' title='bbox 0 0 1576 5356; x_wconf 95' lang='lat' dir='ltr'> </span> 
     </span>
    </p>
   </div>
  </div>
 </body>
</html>
