3156 5364
158 324 216 368 roa
685 309 771 367 Anno
795 303 887 382 1398.

156 414 397 421 .-...-.-..--.-.-.
413 413 509 419 -.ι-...υ
520 413 587 419 ---,-.
598 413 604 418 .
888 413 1417 423 ——....—....—.—..——.——.

262 519 338 581 ltem
358 517 486 579 Puchak
502 517 646 579 vendidit
662 517 796 578 domum
813 537 904 579 suam
922 518 953 578 in
973 532 1082 580 nostro
1100 533 1205 582 castro
1224 541 1283 603 pro
1302 521 1421 584 Mathei

156 625 304 688 familiari
333 625 491 710 Mychaeli
516 622 583 686 filio
609 624 798 701 Sebastiani,
831 640 976 705 tempore
1000 624 1074 686 dicti
1102 626 1229 689 domini
1254 628 1420 690 Johannis.

261 733 338 794 ltem
365 731 471 793 Blasio
503 729 641 791 carnifici
666 730 811 792 vendidit
844 730 1005 792 Fabianus
1029 750 1129 813 nepos
1156 735 1297 795 cantoris
1325 755 1420 798 unam

155 853 271 901 terram
297 840 328 900 in
346 852 454 900 nostro
478 852 593 915 castro,
611 851 755 917 tempore
780 836 856 897 dicti
874 836 997 897 domiui
1023 837 1178 900 Johannis
1203 839 1329 919 judicis.

261 947 338 1007 ltem
363 945 515 1005 dominus
539 942 701 1004 lohannes
733 943 773 1004 de
799 941 972 1004 Maroucha
1004 945 1178 1006 canonicus
1203 948 1420 1027 zagrabiensis

155 1053 300 1114 vendidit
325 1052 486 1132 quandam
520 1050 652 1111 domurn
678 1070 767 1111 suam
800 1069 855 1111 seu
887 1048 1023 1111 lundum
1057 1050 1132 1113 luen
1159 1051 1227 1114 filio
1254 1053 1419 1137 Stephani,

154 1173 299 1241 tempore
324 1158 447 1220 domini
474 1156 629 1219 Johannis
653 1156 798 1238 predicti.

261 1266 337 1326 ltem
364 1263 510 1325 Thomas
526 1263 700 1344 calcaripar
724 1262 861 1323 condam
879 1262 1001 1341 juratus
1024 1277 1055 1326 et
1074 1264 1197 1325 Blasius
1222 1263 1309 1327 filius
1327 1267 1419 1328 Kusi·

155 1374 239 1434 lonis
263 1387 293 1433 et
318 1370 451 1453 provide
484 1370 634 1431 domine:
661 1370 757 1430 Katre
782 1382 892 1429 vocata
918 1390 953 1430 ac
980 1370 1079 1432 Elena
1102 1369 1165 1431 filia
1199 1391 1268 1451 sua,
1290 1373 1419 1435 racione

156 1478 371 1560 quorumdam
396 1491 523 1537 centum
550 1475 618 1536 flor.
647 1475 727 1552 auri,
759 1493 841 1554 quos
875 1475 980 1536 eidem
1008 1476 1106 1538 Elene
1132 1478 1271 1539 condam
1299 1479 1418 1561 Dyoni-

154 1586 219 1646 sius
236 1585 363 1645 racione
380 1583 464 1644 dotis
487 1584 654 1643 tenebatur
671 1596 702 1642 et
718 1600 813 1662 super
838 1580 908 1641 aliis
926 1580 1015 1642 lactis
1031 1583 1263 1645 commiserunt
1290 1586 1415 1647 Petrum

156 1692 354 1772 magistrum,
380 1688 516 1749 condam
543 1687 693 1766 judicem,
718 1685 784 1747 lore
803 1686 998 1767 expeditum,
1023 1700 1167 1769 tempore
1193 1689 1269 1751 dicti
1297 1692 1417 1753 domini

156 1797 319 1860 Johannis.

214 1984 215 1987 Ἴ
261 1903 339 1965 Item
365 1901 526 1962 lohannes
551 1899 701 1981 Grachyn
731 1901 885 1981 quasdam
919 1901 998 1961 duas
1022 1921 1094 1962 suas
1125 1915 1224 1963 terras
1249 1903 1282 1963 in
1309 1919 1415 1966 nostro

157 2030 281 2092 campn,
306 2009 417 2070 decem
441 2021 472 2068 et
488 2022 561 2068 octo
586 2007 687 2068 dietas
713 2007 743 2067 in
767 2027 799 2068 se
817 2008 1028 2084 continentes,
1053 2007 1141 2070 dedit
1166 2023 1197 2070 et
1223 2010 1418 2072 condonavit

157 2115 324 2179 Elizabeth
350 2115 488 2177 consorti
516 2114 598 2174 Petri
623 2112 679 2174 filii
706 2112 849 2194 Georgii,
874 2127 1018 2194 tempore
1044 2114 1119 2175 dicti
1145 2114 1313 2178 Johannis.

262 2222 338 2284 ltem
365 2219 484 2282 Mathei
509 2218 593 2280 filius
610 2218 748 2280 condam
774 2219 930 2281 iohannis
947 2220 1061 2280 literati
1079 2222 1118 2281 ab
1144 2242 1220 2300 una,
1236 2239 1326 2304 parte
1344 2245 1417 2287 veto

156 2331 195 2390 ab
227 2329 323 2389 altera
351 2328 476 2388 Marcus
508 2324 592 2386 lilius
618 2325 751 2408 Myhech
783 2323 840 2385 lilii
867 2325 1026 2386 Leonardi
1051 2326 1130 2387 alias
1154 2326 1288 2407 judices,
1323 2333 1417 2392 nostri

155 2436 314 2512 concives,
339 2453 407 2494 sese
432 2446 546 2493 mutuo
570 2451 665 2513 super
689 2432 841 2493 omnibus
862 2451 974 2494 eorum
1000 2431 1090 2494 lactis
1115 2437 1366 2499 concordassent
1390 2454 1417 2499 et

156 2542 322 2624 expeditos
346 2539 591 2615 commisissent,
617 2552 695 2598 etse
717 2557 773 2619 per
790 2539 1064 2620 composicionem
1083 2543 1260 2621 proborum
1279 2544 1417 2605 virorum

156 2649 360 2724 dimisissent,
387 2660 481 2727 prout
506 2646 536 2705 in
563 2645 662 2705 literis
687 2658 795 2705 nostre
819 2645 956 2707 civitatis
980 2646 1107 2728 plenius
1130 2650 1325 2731 continetur,
1342 2667 1416 2713 tem-

156 2775 232 2838 pore
257 2755 333 2815 dicti
358 2753 481 2815 domini
508 2751 662 2812 iohannis
684 2751 809 2828 judicis.

261 2862 338 2922 Item
357 2860 522 2921 Emericus
548 2857 643 2919 frater
661 2856 809 2938 Gregorii
831 2857 936 2937 jurati,
955 2857 1042 2919 dedit
1060 2877 1156 2919 unam
1183 2860 1312 2923 vineam
1330 2883 1416 2924 suam

156 2969 187 3028 in
214 2967 384 3048 Popoudol
410 2966 550 3027 habitam
578 2963 752 3026 Benedicto
775 2963 928 3024 Scornich
955 2983 1012 3044 pro
1036 2965 1175 3044 quadam
1202 2967 1297 3029 vinea
1322 2969 1417 3051 ipsius

157 3074 332 3148 Benedicti,
357 3088 502 3152 tempore
526 3071 601 3132 dicti
628 3070 751 3131 domini
778 3069 942 3132 Johannis.

262 3179 337 3239 Item
365 3176 527 3237 lohannes
545 3176 629 3238 filius
654 3176 764 3237 Jacobi
790 3175 863 3236 dicti
885 3177 985 3258 Bolye
1006 3178 1169 3258 quandam
1193 3199 1285 3241 suam
1304 3196 1415 3243 terram

156 3287 186 3346 in
213 3300 321 3345 nostro
346 3302 460 3364 campo
493 3283 580 3344 dedit
613 3282 787 3344 Benedicto
821 3282 973 3343 Scornich
1008 3303 1065 3364 pro
1095 3285 1236 3365 quadam
1269 3308 1325 3349 sua
1358 3289 1415 3349 alia

155 3407 235 3452 terra
261 3392 292 3451 in
319 3388 574 3466 Churnomerch,
599 3402 744 3471 tempore
770 3389 845 3451 dicti
871 3388 1038 3468 judicatus.

260 3497 336 3557 Item
363 3495 504 3578 lvlyhhen
522 3494 606 3556 lilius
624 3496 746 3556 Mareni
765 3496 840 3556 dicti
864 3497 1002 3578 hlekyna
1022 3497 1168 3558 vendidit
1191 3513 1310 3562 terram
1327 3520 1413 3563 suam

155 3604 330 3666 Benedicto
356 3603 441 3665 dicto
468 3602 633 3680 Scornich,
659 3617 803 3683 tempore
832 3602 908 3663 dicti
933 3603 1098 3665 Johannis.

259 3710 336 3772 ltem
364 3711 492 3794 Mathey
517 3709 643 3770 institor
659 3708 745 3770 lilius
766 3708 890 3769 Nicolai
909 3709 1054 3769 vendidit
1077 3729 1171 3771 suum
1191 3710 1328 3775 fundum
1346 3714 1413 3776 filiis

154 3818 254 3895 Banlr,
278 3832 422 3900 tempore
447 3817 522 3877 dicti
548 3816 672 3877 domini
698 3815 862 3876 Johannis.

259 3925 335 3985 ltem
360 3923 498 3984 Bedicha
524 3921 663 3983 carnifex
697 3923 842 3983 vendidit
866 3942 966 3983 unum
993 3921 1128 3984 fundum
1154 3943 1250 3986 suum
1277 3928 1336 3989 sibi
1362 3947 1412 4010 pet

153 4052 211 4092 nos
235 4031 497 4092 communitatem
531 4030 654 4106 datum,
680 4029 818 4090 Martino
849 4030 993 4110 scriptori
1026 4049 1082 4090 seu
1116 4032 1248 4111 publico
1282 4037 1411 4113 notari0,

152 4153 295 4220 tempore
320 4138 394 4198 dicti
421 4137 545 4198 domini
575 4136 738 4198 Johannis.

259 4244 334 4304 ltem
361 4242 543 4303 Anthonius
568 4241 652 4303 filius
678 4242 795 4303 Herrih
825 4243 970 4304 vendidit
1003 4245 1137 4306 domum
1165 4265 1256 4308 suam
1283 4249 1412 4310 Nicolao

152 4348 323 4428 lutifigulo,
349 4364 493 4430 tempore
519 4350 642 4411 domini
670 4348 824 4410 iohannis
848 4349 963 4428 judicis
988 4351 1133 4431 predicti.

257 4455 333 4516 ltem
360 4456 469 4516 Maren
495 4455 606 4517 habuit
628 4476 723 4517 unam
743 4456 869 4516 vineam
895 4456 934 4516 de
952 4456 1098 4518 Johanne
1117 4455 1185 4519 filio
1211 4459 1323 4521 Jacobi
1340 4459 1411 4522 dicti

154 4559 252 4643 Bolye
278 4560 308 4619 in
335 4560 446 4640 Popou
472 4560 526 4621 dol
553 4561 692 4623 habitam
717 4563 770 4640 ita,
793 4563 880 4643 quod
906 4563 972 4643 ipse
992 4563 1141 4625 Marenus
1160 4564 1258 4628 debet
1281 4567 1414 4650 singulis

152 4665 241 4725 annis
273 4681 395 4726 sextum
429 4667 581 4727 eubulum
615 4668 679 4728 vini
714 4669 819 4729 eidem
854 4669 991 4730 Johanni
1025 4670 1120 4732 debet
1152 4670 1239 4748 dare,
1271 4687 1414 4757 tempore

152 4772 225 4832 dicti
253 4772 376 4832 domini
403 4771 569 4852 iohannis,
595 4775 634 4834 ita
654 4776 742 4855 quod
769 4776 835 4857 ipse
854 4777 1003 4837 Matenus
1028 4797 1091 4838 non
1111 4777 1208 4840 debet
1230 4782 1414 4862 permittere

154 4878 185 4938 in
212 4878 451 4941 desolacionem
478 4879 532 4943 ire.
