3156 5364
546 484 632 540 Anno
655 494 748 558 1509.
774 517 816 526 -
832 498 887 560 31.
911 487 1039 564 augusti.

415 696 509 774 Feria
538 715 635 775 sexta
665 715 743 774 ante
773 705 894 775 festum
928 705 1037 776 sancti
1066 703 1185 794 Egidii.

686 863 752 935 (31.
777 858 919 937 augusta).

271 999 419 1062 Thomas
436 1015 524 1061 sutor
542 1015 572 1060 et
590 1020 670 1061 uxor
688 999 832 1061 eiusdem
851 1015 960 1062 contra
976 1000 1110 1061 Elenam
1129 1002 1278 1063 ancillam
1298 1001 1433 1084 Georgii

166 1107 329 1190 Thwzthy
352 1107 497 1170 secundo
522 1107 607 1168 citati
634 1127 698 1168 non
726 1121 985 1188 comparuerunt.

271 1215 364 1276 Feria
396 1229 481 1276 sexta
514 1229 586 1275 ante
620 1212 735 1275 lestum
768 1212 1006 1294 Concepcionis
1036 1213 1136 1274 Marie
1168 1214 1261 1276 datus
1293 1228 1340 1276 est
1371 1228 1433 1277 ter·

163 1322 270 1384 minus
294 1322 431 1383 Nicolao
456 1321 523 1383 filio
543 1320 778 1382 Kwntheschalr
803 1320 842 1381 ad
861 1320 1000 1402 primum
1019 1320 1173 1400 judicium
1200 1336 1309 1383 contra
1328 1321 1431 1404 ipsam

164 1428 425 1512 Myskowyczam
451 1428 646 1509 respondere
672 1427 832 1489 tenebitur
857 1440 888 1488 et
912 1427 1052 1490 debebit.

269 1534 375 1597 Causa
399 1535 480 1595 inter
506 1534 711 1595 Domkonem
738 1548 768 1594 et
793 1532 985 1594 Michaelem
1004 1532 1204 1617 Oprasnych.
1231 1535 1338 1597 Primo
1356 1556 1432 1598 con-

162 1655 295 1721 questus
320 1654 367 1702 est
391 1655 522 1723 propter
546 1641 684 1722 quedam
709 1641 806 1700 verba
840 1639 1075 1701 contumeliosa
1100 1641 1217 1721 quibus
1242 1641 1347 1704 dictus
1371 1643 1432 1704 Mi·

162 1747 252 1808 chael
278 1747 484 1808 Domkonem
509 1746 664 1809 affecisset
699 1747 755 1809 tali
782 1746 881 1806 modo
914 1747 945 1806 in
971 1746 1049 1807 silva
1083 1746 1226 1807 eiusdem
1253 1747 1434 1809 Domkonis

162 1852 200 1912 de
226 1853 422 1934 quibusdam
447 1853 547 1914 literis
571 1852 839 1935 privilegialibus,
864 1867 894 1912 et
919 1852 1006 1933 quod
1024 1852 1129 1913 dictus
1153 1851 1282 1913 Domko
1301 1852 1432 1914 dixisset

162 1959 248 2020 dicto
274 1959 444 2021 Michaeli:
470 1973 505 2021 tu
531 1959 647 2022 dedisti
670 1957 821 2020 iratribus
838 1958 937 2045 sancti
963 1958 1090 2018 Nicolai
1116 1958 1222 2020 literas
1239 1978 1335 2041 super
1351 1958 1433 2020 hanc

161 2064 287 2143 silvam,
312 2065 350 2126 ad
376 2066 437 2127 hoc
461 2065 628 2147 respondit
652 2065 756 2125 dictus
781 2063 938 2126 Michael:
964 2078 998 2125 tu
1015 2064 1161 2125 mentiris
1184 2079 1351 2146 tamquam
1376 2085 1431 2126 an·

163 2170 273 2253 tiquus
297 2173 403 2247 canis;
428 2172 613 2234 testimonio
645 2190 722 2232 vero
753 2171 911 2253 producto
942 2171 982 2231 ad
1019 2171 1107 2252 quod
1142 2174 1236 2233 ambe
1269 2186 1374 2253 partes
1399 2192 1432 2234 se

163 2277 392 2356 submiserunt,
417 2297 508 2339 secus
532 2274 649 2338 fassum
675 2291 739 2338 est:
764 2291 797 2337 tu
830 2296 895 2337 non
920 2277 1087 2338 veritatem
1122 2276 1212 2356 dicis,
1236 2277 1330 2358 jurati
1355 2298 1433 2340 vero

162 2383 205 2443 sic
231 2383 508 2464 adjudicaverunt,
533 2383 621 2464 quod
639 2384 663 2444 si
691 2383 794 2443 dictus
816 2383 944 2443 Domko
962 2383 1022 2443 sibi
1047 2383 1203 2465 potuisset
1220 2386 1432 2466 comprobare

164 2490 251 2570 quod
278 2489 382 2551 dictus
413 2489 551 2551 Michael
585 2482 773 2572 Oprasnych
807 2489 947 2551 dedisset
984 2487 1134 2551 fratribus
1165 2491 1283 2570 literas,
1315 2505 1431 2554 extunc

163 2597 266 2657 dictus
291 2596 430 2657 Michael
455 2597 700 2658 convinceretur
735 2610 865 2677 propter
897 2596 986 2656 illam
1018 2596 1260 2674 contumeliam,
1285 2598 1432 2678 alioquin

163 2722 227 2764 non
253 2717 300 2764 est
325 2705 490 2766 convictus
515 2688 685 2785 postqiram
712 2703 818 2763 eidem
845 2722 909 2764 non
936 2703 1170 2784 comprobavit.

270 2811 418 2872 Secunda
444 2831 538 2872 causa
556 2811 638 2871 inter
655 2810 799 2887 eosdem,
820 2809 907 2890 quod
927 2809 1065 2870 Michael
1083 2809 1275 2894 Oprasnych
1301 2811 1431 2872 dixisset

162 2916 287 3000 prelato
314 2918 495 2979 Domkoni:
522 2917 553 2977 in
578 2917 688 2977 multis
712 2929 812 2977 certas
840 2916 1039 2976 calumniose
1072 2916 1242 2978 adversum
1269 2936 1330 2995 me,
1355 2917 1430 2978 dico

160 3025 218 3086 tibi
244 3024 416 3085 Dominice
440 3044 505 3085 non
523 3039 554 3084 te
572 3024 732 3084 dimittam
758 3043 859 3104 usque
882 3022 1003 3083 collum
1022 3042 1142 3097 meum,
1160 3023 1279 3084 ibidem
1300 3024 1429 3086 Domko

160 3145 357 3212 conquestus
381 3131 532 3212 estquod
551 3130 657 3191 eidem
682 3130 833 3190 minasset
854 3129 894 3189 ad
912 3129 1166 3190 decollacionem
1193 3132 1323 3212 capitis;
1340 3132 1427 3194 testi·

161 3237 274 3299 monio
300 3257 376 3298 vero
402 3237 560 3318 producto
591 3236 631 3297 ad
657 3236 744 3316 quod
778 3236 871 3296 ambe
903 3251 1008 3317 partes
1032 3256 1064 3297 se
1097 3236 1315 3298 submiserunt
1339 3258 1431 3300 secus

158 3344 279 3406 lassum
312 3358 376 3406 est:
410 3345 592 3422 Dominice,
625 3344 794 3405 Dominice
821 3343 927 3404 mittas
959 3363 1010 3404 me
1045 3344 1075 3404 in
1109 3363 1197 3425 pace,
1230 3364 1294 3405 non
1327 3358 1358 3406 te
1383 3345 1430 3406 di·

157 3451 283 3513 mittam
310 3470 413 3532 usque
439 3450 559 3511 collum
593 3469 701 3511 meum
732 3449 800 3529 jure
832 3450 1006 3528 mediante,
1039 3449 1132 3528 jurati
1158 3451 1202 3510 sic
1226 3450 1430 3530 adjudicave-

157 3572 245 3636 runt,
271 3557 360 3638 quod
385 3557 410 3618 si
436 3557 539 3618 dictus
557 3556 686 3617 Domko
711 3556 866 3636 potuisset
888 3556 916 3616 ei
935 3557 1146 3636 comprobare
1171 3556 1259 3637 quod
1285 3556 1352 3638 ipsc
1371 3557 1429 3618 mi·

156 3677 254 3725 natus
279 3663 390 3726 t'uisset
414 3663 473 3724 sibi
499 3663 538 3722 ad
564 3662 819 3722 decollacionem
846 3662 968 3743 capitis,
993 3676 1109 3722 extunc
1135 3677 1216 3724 esset
1240 3662 1344 3724 dictus
1369 3664 1429 3725 Mi-

157 3769 251 3831 chael
277 3769 444 3831 convictus
468 3769 554 3830 dicto
588 3768 762 3844 Domkoni,
794 3768 849 3827 sed
881 3782 1053 3849 postquam
1087 3768 1192 3828 eidem
1226 3789 1290 3829 non
1325 3771 1431 3850 potuit

156 3876 373 3957 comprobare
398 3875 472 3936 ideo
497 3894 561 3935 non
587 3889 633 3935 est
658 3874 824 3934 convictus
847 3893 903 3954 per
928 3873 1057 3954 juratos.

267 3981 384 4043 Tercia
409 3981 528 4063 (causa)
553 4001 660 4042 coram
693 3980 799 4061 judice
831 3994 904 4041 ante
937 3981 1180 4041 consistorium:
1208 4001 1271 4042 non
1297 3982 1428 4044 ambula

154 4101 230 4172 post
256 4107 308 4151 me
333 4087 552 4162 calumniose3
579 4088 638 4148 hoc
663 4088 702 4148 ad
724 4087 879 4148 nichilum
906 4087 1110 4167 deputarunt.

267 4195 390 4269 Quarta
415 4215 509 4256 causa
533 4195 615 4256 inter
640 4194 783 4271 eosdem,
808 4214 879 4254 cum
906 4194 937 4253 in
963 4193 1097 4254 domum
1126 4193 1291 4254 Michaelis
1309 4193 1429 4274 Opras-

154 4303 241 4386 nych
265 4301 395 4364 Domko
421 4302 597 4384 Perowych
632 4302 777 4362 intrasset
808 4299 961 4381 (racione)
995 4300 1161 4360 cuiusdam
1193 4300 1346 4361 stillicidii
1372 4321 1429 4361 seu

154 4408 291 4492 dampni
316 4427 399 4490 aque
424 4407 585 4470 effluentis
609 4409 671 4470 sibi
701 4409 732 4468 in
766 4408 931 4468 cellarium
958 4421 988 4468 et
1013 4407 1152 4488 quedam
1177 4408 1273 4467 verba
1299 4407 1427 4468 locutus

153 4513 279 4593 fuisset,
304 4528 380 4576 tunc
404 4534 479 4576 mox
514 4515 669 4576 irruentes
702 4529 836 4595 uterque
870 4533 982 4574 eorum
1007 4513 1142 4574 rixando
1176 4513 1257 4574 inter
1281 4533 1314 4574 se
1347 4512 1429 4573 dixit

154 4621 296 4686 Michael
322 4622 504 4684 Domkoni:
538 4641 630 4682 exeas
662 4621 741 4682 mihi
774 4622 813 4681 de
845 4621 955 4698 domo,
986 4635 1099 4681 extunc
1132 4621 1237 4681 statim
1264 4619 1371 4695 exivit,
1396 4635 1429 4680 et

154 4743 270 4813 expost
294 4729 486 4791 exeuntibus
510 4728 574 4788 illis
591 4728 673 4788 circa
699 4729 868 4789 cisternam
896 4728 1057 4789 Dominici
1076 4726 1265 4808 Perowych,
1288 4740 1319 4787 et
1337 4726 1426 4807 quod

154 4839 280 4902 ibidem
306 4838 435 4900 Domko
460 4837 591 4898 dixisset
614 4851 745 4919 propter
769 4837 902 4897 domum
927 4835 1093 4896 Michaelis
1118 4833 1326 4917 Oprasnych:
1351 4852 1426 4894 cum

155 4944 236 5009 dolo
261 4944 320 5006 ista
345 4944 430 5006 bona
456 4941 592 5022 edificia,
617 4943 705 5024 quod
739 4943 851 5003 eadem
877 4941 1039 5024 oportebit
1071 4960 1122 5003 me
1148 4940 1322 5001 distrahere
1351 4938 1427 5002 hinc
