3142 5356
158 351 221 408 ²50
689 331 775 388 Anno
798 344 889 409 1453.

154 543 277 624 pridem
304 542 418 623 iudicis
435 541 577 603 concivis
594 543 691 603 nostri
718 540 775 603 filii
794 542 957 604 Benedicti
984 543 1200 604 ameridione
1227 557 1259 606 et
1284 546 1323 605 ab
1341 545 1420 606 occi·

154 651 250 710 dente
275 670 312 709 ac
335 649 402 709 vias
426 668 615 709 communes
639 647 796 725 habiturn,
826 648 961 710 domino
987 649 1117 710 Vrbano
1149 651 1332 731 presbitero
1358 650 1420 712 filio

155 757 283 838 Mathye
310 755 523 836 prebendario
541 755 674 816 ecclesie
694 756 912 836 zagrabiensis
931 769 962 818 et
980 755 1182 836 Margarethe
1207 757 1303 818 aliter
1320 757 1422 838 Draga

155 876 267 924 vocate
292 860 356 923 filie
382 861 457 923 dicti
484 861 613 943 Mathyc
649 862 750 922 sorori
777 861 876 943 ipsius
900 862 1024 922 domini
1049 862 1171 923 Vrbani
1195 882 1257 945 pro
1283 863 1420 945 quadam

154 969 253 1030 domo
278 988 389 1029 eorum
416 981 446 1029 et
470 966 571 1028 lundo
596 987 631 1028 ac
663 966 820 1029 hedificiis
845 969 877 1028 in
910 967 993 1029 dicta
1026 968 1154 1030 civitate
1191 969 1277 1030 inter
1308 970 1421 1032 domos

153 1088 184 1136 et
208 1073 327 1136 fundos
351 1094 386 1135 ac
404 1072 551 1134 hedificia
568 1074 743 1134 liberorum
769 1073 906 1134 condam
925 1073 1091 1135 Michaelis
1111 1074 1243 1136 sartoris
1261 1089 1292 1137 et
1310 1076 1416 1138 Katrie

153 1183 261 1244 relicte
286 1182 398 1243 decani
425 1180 543 1242 Mathei
569 1195 599 1240 et
624 1180 721 1241 Lucie
747 1180 855 1242 relicte
880 1179 1019 1242 condam
1044 1179 1173 1242 Thome
1198 1179 1418 1264 Gerdsewych

155 1287 261 1349 habita
289 1301 320 1349 et
345 1288 510 1365 existente,
527 1286 668 1347 mediam
693 1287 814 1348 curiam
840 1287 872 1346 in
896 1307 928 1346 se
946 1287 1142 1365 continente,
1160 1300 1192 1348 et
1213 1307 1274 1370 pro
1299 1288 1420 1350 addita·

153 1407 263 1454 mento
288 1392 399 1455 decern
434 1391 503 1453 flor.
528 1392 596 1452 auri
630 1391 720 1453 dedit
751 1393 964 1474 permutative
997 1406 1028 1455 et
1059 1394 1327 1456 concambialiter
1350 1414 1417 1477 per·

153 1514 250 1581 petuo
275 1499 514 1580 possidendam.

259 1606 337 1668 ltem
370 1606 516 1667 Thomas
548 1604 633 1666 filius
658 1606 742 1667 Petri
776 1618 807 1667 et
839 1605 987 1688 Mathyas
1019 1605 1123 1667 dictus
1147 1606 1282 1668 Philech
1308 1627 1343 1668 ac
1368 1606 1421 1668 ho·

154 1727 242 1773 nesta
267 1712 382 1772 mulier
408 1713 507 1773 Elena
534 1726 644 1774 vocata
669 1712 777 1774 relicta
810 1711 947 1773 condam
973 1711 1142 1791 Anthonii,
1175 1732 1262 1775 nunc
1287 1732 1418 1774 consors

155 1819 310 1898 legittima
337 1818 491 1879 lohannis
506 1817 664 1896 Crowaci,
688 1818 899 1879 commissarii
917 1819 1097 1880 testamenti
1122 1816 1237 1900 prefati
1265 1819 1419 1880 Anthonii

152 1925 209 1987 filii
244 1926 339 2003 Petri,
374 1926 580 1987 medietatem
613 1927 779 1987 cuiusdam
813 1926 905 1986 vinee
935 1926 967 1986 in
998 1926 1160 1987 territorio
1195 1940 1308 1988 nostro
1342 1928 1421 1988 inter

155 2034 265 2094 vineas
290 2033 422 2114 Georgii
447 2032 504 2094 filii
522 2031 634 2114 prefati
661 2032 744 2092 Petri
769 2047 799 2093 et
829 2032 956 2114 providi
975 2032 1033 2093 viri
1056 2032 1123 2093 luri
1141 2031 1326 2094 Corintiani
1345 2033 1420 2094 dicti

154 2140 290 2222 Ftawyn
316 2139 435 2215 habite,
460 2140 550 2200 cuius
575 2140 667 2199 vinee
689 2139 785 2199 aliam
811 2138 1017 2200 medietatem
1043 2139 1110 2221 ipse
1128 2137 1294 2219 Georgius
1317 2140 1420 2201 litera·

152 2246 233 2307 totie
259 2245 436 2307 dinoscitur
453 2245 628 2327 possidere,
653 2245 759 2305 eidem
782 2243 924 2324 Georgio
942 2258 1108 2325 tamquam
1127 2245 1289 2326 propriori
1315 2246 1420 2306 vicino

152 2352 368 2414 vendiderunt
392 2366 547 2433 perpetuo
573 2352 812 2433 possidendam.

258 2458 336 2519 ltem
370 2459 522 2541 magistro
556 2459 684 2520 Thome
717 2456 808 2518 fabro
842 2455 910 2518 filio
942 2457 1038 2534 Petri,
1070 2457 1227 2518 medietas
1252 2459 1419 2520 cuiusdam

152 2565 269 2625 domus
293 2579 427 2641 murate,
453 2563 543 2625 fundi
570 2579 600 2625 et
629 2562 853 2625 hedificiorum
886 2563 917 2624 in
943 2563 1015 2624 vico
1048 2563 1148 2645 ipsius
1172 2564 1312 2626 civitatis
1337 2580 1419 2627 exte·

151 2671 227 2732 riori
265 2691 321 2731 seu
346 2671 449 2752 platea
485 2670 738 2732 Theuthonicali
772 2669 853 2730 inter
885 2669 1018 2747 domos,
1050 2667 1169 2730 fundos
1205 2684 1236 2730 et
1272 2669 1419 2731 hedificia

154 2777 249 2838 Blasii
276 2776 422 2858 pellificis
446 2791 477 2838 et
501 2776 648 2858 Gregorii
674 2777 791 2838 sutoris
819 2776 937 2854 habite,
971 2795 1068 2836 unam
1093 2775 1245 2837 videlicet
1270 2792 1416 2859 quartam

154 2898 185 2945 et
202 2899 347 2946 octavam
365 2885 451 2945 curie
468 2885 500 2944 in
518 2905 551 2945 se
565 2884 705 2945 retinens
729 2898 759 2944 et
784 2883 951 2960 denotans,
977 2902 1032 2964 per
1049 2881 1202 2963 Egidium
1221 2880 1415 2966 sreniparem

151 2989 256 3053 filium
274 2991 437 3052 Valentini
463 3005 509 3052 est
531 2991 659 3051 vendita
686 3003 841 3071 perpetuo
858 2989 1070 3070 possidenda;
1095 2989 1185 3051 cuius
1210 2989 1329 3051 domus
1346 3010 1413 3052 mu·

151 3111 217 3157 rate
242 3110 273 3158 et
297 3095 388 3156 fundi
420 3117 456 3158 ac
487 3095 711 3157 hedificiorum
745 3096 840 3156 aliam
874 3096 1080 3157 medietatem
1113 3095 1364 3159 Bartholomeus
1387 3110 1417 3158 et

151 3206 260 3282 Agnes
292 3222 346 3263 sua
380 3222 510 3264 consors
542 3203 715 3263 literatorie
748 3202 925 3263 dinoscitur
952 3201 1128 3284 possidere,
1160 3201 1222 3263 hoc
1252 3222 1413 3286 expresso,

150 3309 239 3389 quod
265 3309 373 3369 nullus
398 3309 537 3390 predicte
563 3309 670 3369 totalis
695 3309 822 3386 domus,
839 3307 930 3369 fundi
956 3321 987 3370 et
1010 3306 1237 3370 hedificiorum
1262 3328 1321 3390 pro
1338 3323 1415 3370 tem-

148 3434 228 3496 pore
252 3434 415 3496 possessor
439 3416 571 3496 propius
596 3416 656 3475 nisi
679 3429 752 3476 octo
767 3415 859 3476 ulnas
883 3412 1010 3493 ferreas,
1034 3414 1253 3477 mensurando
1277 3436 1296 3476 a
1321 3434 1414 3476 muro

148 3520 293 3599 civitatis,
318 3518 465 3582 hedificia
497 3535 679 3583 construere
712 3536 742 3583 et
773 3522 879 3583 levare
910 3521 1010 3603 possit
1040 3535 1096 3583 aut
1126 3536 1292 3604 presumat
1315 3522 1413 3584 modo

150 3627 294 3708 aliquali.

254 3734 331 3796 ltem
359 3734 519 3815 Georgius
553 3734 638 3797 filius
670 3735 847 3812 Michaelis,
880 3735 1023 3796 concivis
1056 3749 1174 3813 noster,
1207 3735 1413 3798 medietatem

148 3840 315 3902 cuiusdam
341 3842 432 3902 vinee
458 3842 489 3902 in
515 3843 675 3903 territorio
703 3842 839 3902 civitatis
864 3842 946 3903 inter
969 3841 1080 3903 vineas
1104 3841 1284 3924 Elyzabeth
1303 3844 1411 3906 relicte

148 3945 285 4008 condam
304 3948 414 4008 Jacobi
430 3948 596 4026 Horwath,
614 3969 698 4009 nunc
715 3949 871 4009 consortis
889 3948 912 4008 F
916 3946 1002 4009 riche
1022 3947 1253 4026 Theuthonici,
1271 3963 1305 4012 et
1322 3949 1412 4011 Pauli

148 4051 319 4113 Mathonos
337 4053 404 4131 filii,
422 4053 565 4115 eiusdem
586 4055 675 4116 vinee
694 4055 788 4116 aliam
807 4054 1013 4116 medietatem
1036 4054 1241 4137 possidentis,
1265 4055 1412 4117 vendidit

147 4174 302 4240 perpetuo
326 4160 565 4241 possidendam.

254 4265 330 4326 ltem
357 4268 507 4347 magister
532 4267 679 4329 Matheus
697 4269 839 4329 notarius
856 4266 941 4328 filius
958 4269 1044 4329 Luce
1069 4282 1100 4329 et
1117 4267 1253 4348 Egidius
1270 4267 1411 4330 carnifex

147 4368 231 4431 filius
256 4372 401 4454 Dyonisii
427 4373 502 4433 dicti
528 4375 687 4436 lanchech
721 4375 930 4435 commissarii
956 4390 986 4436 et
1018 4389 1203 4437 executores
1228 4376 1409 4438 testamenti

147 4480 286 4540 verbalis
311 4485 403 4541 Anne
428 4481 536 4542 relicte
569 4481 683 4563 prefati
709 4482 855 4566 Dyonisii
881 4481 1041 4543 lanchech
1074 4482 1238 4564 quandam
1264 4483 1410 4563 domum,

148 4584 284 4646 fundum
311 4602 342 4648 et
366 4586 513 4649 hedificia
539 4589 571 4649 in
596 4588 680 4650 dicta
701 4589 829 4649 civitate
848 4589 929 4650 inter
954 4589 1069 4651 domos
1094 4590 1204 4652 lacobi
1223 4591 1358 4674 Konyar
1381 4606 1411 4653 et

146 4688 283 4753 fundum
311 4692 477 4755 Michaelis
502 4695 732 4756 barbitonsoris
748 4695 902 4771 habitam,
927 4696 1067 4758 mediam
1093 4697 1213 4758 curiam
1241 4698 1275 4757 in
1298 4718 1332 4760 se
1354 4698 1408 4759 ha·

147 4800 288 4879 bentem,
313 4800 462 4863 Michaeli
489 4818 519 4863 et
543 4801 704 4866 Clementi
733 4802 907 4886 pistoribus
939 4823 1058 4885 panum
1094 4801 1169 4867 filiis
1192 4790 1321 4867 Cr'isani
1345 4804 1405 4884 jam
