3142 5356
149 476 191 540 54
522 450 725 533 Ann01488.
749 489 793 499 -
815 467 843 533 7.
869 458 1037 518 novembris.

1043 565 1147 571 ——-
1155 562 1411 571 .-.--.---

147 672 302 735 cussionis
327 691 383 754 per
400 670 520 752 juratos
544 667 760 750 adjudicatam
777 682 808 731 et
831 669 871 731 ad
889 670 1031 731 seniores
1047 668 1170 751 judices
1198 689 1253 751 per
1270 667 1411 730 eundem

146 779 354 841 Valentinum
381 777 542 839 seniorem
566 774 706 857 judicem
735 776 942 858 appellatam,
973 777 1115 839 seniores
1139 776 1260 857 judices
1284 774 1411 856 adjudi-

147 899 300 948 caverunt
324 898 355 946 et
388 881 659 946 confirmaverunt
689 882 770 943 sicut
800 882 1062 962 adjudicaverant
1093 883 1181 965 prius
1212 881 1318 962 jurati,
1350 880 1413 943 hoc

148 991 283 1075 adjecto,
307 991 397 1074 quod
424 987 564 1072 prefatus
587 989 778 1051 Valentinus
801 990 909 1052 senior
929 990 1025 1072 judex
1050 1009 1123 1052 cum
1147 990 1243 1051 tantis
1266 988 1414 1072 personis

148 1099 209 1160 sibi
233 1099 393 1160 similibus
416 1097 498 1158 sicut
520 1116 577 1177 per
601 1095 721 1176 juratos
752 1095 972 1179 adjudicatum
997 1110 1044 1159 est
1075 1096 1254 1159 secundum
1278 1114 1413 1158 consve-

148 1205 294 1267 tudinem
330 1203 467 1266 civitatis
497 1217 643 1285 tempore
675 1201 796 1284 prefixo
829 1204 860 1265 in
901 1203 974 1265 loco
1006 1217 1159 1266 consveto
1194 1203 1415 1285 juramentum

149 1313 245 1374 debet
268 1311 430 1394 deponere
464 1309 521 1372 tali
557 1309 667 1388 modo,
702 1309 791 1390 quod
824 1310 890 1391 ipse
923 1330 960 1371 ex
993 1310 1121 1393 propria
1153 1310 1318 1372 voluntate
1354 1329 1414 1372 sua

148 1420 254 1501 ipsum
286 1418 441 1480 Jacobum
473 1430 627 1478 sartorem
662 1435 727 1477 non
762 1417 917 1499 percussit
948 1436 1006 1479 nec
1042 1417 1081 1477 de
1115 1417 1169 1478 illa
1205 1418 1415 1499 percussione

149 1539 294 1588 mortuus
317 1538 381 1602 est;
406 1524 587 1606 juramento
611 1522 771 1604 deposito,
795 1521 937 1605 prefatus
968 1523 1160 1586 Valentinus
1183 1523 1291 1585 senior
1316 1523 1416 1603 judex

149 1632 189 1694 ab
214 1631 365 1692 omnibus
389 1630 501 1691 amicis
525 1642 556 1690 et
586 1629 834 1710 consanguineis
867 1629 1010 1691 ciusdem
1041 1630 1152 1693 Jacobi
1177 1630 1307 1692 sartoris
1331 1650 1416 1693 nun·

150 1756 247 1818 quam
279 1735 428 1818 impediri
460 1735 557 1797 debet
585 1755 690 1816 neque
722 1736 831 1817 possit.
857 1735 934 1797 ltem
966 1736 1156 1798 Valentinus
1186 1737 1294 1798 senior
1316 1735 1417 1818 judex

150 1863 214 1904 uon
239 1855 408 1905 contentus
431 1842 471 1903 de
496 1841 740 1923 adjudicatione
773 1843 936 1904 seniorum
969 1842 1008 1904 ad
1040 1842 1228 1925 magistrum
1253 1842 1417 1905 thaverni·

150 1968 263 2010 corum
288 1948 472 2032 appellavit.

250 2150 344 2223 Feria
373 2160 471 2223 sexta
499 2151 652 2240 proxima
682 2161 757 2240 post
785 2152 908 2224 festum
942 2151 1158 2224 visitacionis
1188 2151 1304 2223 Maria.

696 2309 743 2384 (4.
759 2304 861 2382 julii).

257 2445 334 2507 ltem
359 2465 452 2507 causa
478 2446 559 2507 inter
583 2446 791 2507 Valentinum
814 2445 1023 2528 Nadulenycz
1048 2460 1079 2507 et
1103 2445 1269 2507 dominam
1295 2446 1417 2509 Kathe-

150 2554 252 2615 rinam
277 2567 458 2614 consortem
483 2553 558 2613 lans
582 2550 760 2634 ireniparis,
789 2553 892 2633 prima
917 2553 1041 2616 citaci0.

256 2659 334 2721 Item
358 2679 451 2721 causa
477 2659 559 2720 inter
584 2659 762 2720 lankonem
788 2672 818 2720 et
850 2659 1016 2721 dominam
1042 2659 1252 2721 Katherinam
1280 2659 1418 2742 Stepha-

151 2788 285 2852 nyczam
309 2767 437 2829 racione
462 2766 628 2828 cuiusdam
652 2781 745 2845 terre,
771 2766 884 2828 citacio
909 2767 1022 2848 prima.

257 2874 334 2936 ltem
368 2893 460 2935 causa
493 2873 574 2933 inter
607 2873 739 2933 Jwrsam
773 2888 803 2934 et
839 2873 1004 2934 dominnm
1037 2871 1235 2934 Dorotheam
1270 2873 1418 2936 relictam

152 2981 289 3042 condam
314 2980 411 3040 Blasii
436 2979 536 3056 Slani,
561 2978 674 3039 citacio
699 2979 849 3041 secunda.

256 3088 335 3150 ltem
353 3107 446 3149 causa
471 3087 552 3147 inter
577 3084 707 3148 Gallum
727 3087 905 3169 Kudelycz,
922 3101 957 3149 ut
973 3100 1126 3167 actorem,
1150 3101 1181 3148 et
1204 3088 1417 3150 Valentinum

151 3209 292 3256 sutorem
326 3208 361 3254 ut
393 3194 423 3253 in
455 3212 581 3253 causam
617 3206 790 3271 attactum,
823 3194 911 3274 quod
944 3193 1134 3255 Valentinus
1165 3208 1253 3255 sutor
1285 3193 1418 3258 dixisset

153 3301 258 3362 eidem
286 3299 382 3361 Gallo
407 3299 576 3381 Kudelycz
602 3299 717 3360 melius
733 3315 814 3360 esset
841 3300 898 3360 tibi
923 3301 947 3360 si
974 3300 1198 3382 subplantares
1222 3316 1309 3362 tuam
1334 3303 1418 3363 veri·

152 3407 313 3483 cundiam,
332 3407 372 3467 ita
392 3406 483 3487 jurati
502 3405 777 3485 adjudicaverunt,
791 3406 878 3487 quod
896 3419 1070 3488 antequam
1089 3408 1176 3488 prius
1193 3407 1279 3469 idem
1301 3407 1418 3470 Gallus

151 3514 316 3575 absolutus
339 3512 459 3590 fuisset,
484 3513 614 3573 dixisset
638 3527 668 3573 et
692 3532 756 3572 non
776 3513 913 3594 negavit,
936 3513 991 3573 sed
1007 3526 1132 3576 tantum
1158 3515 1246 3595 quod
1271 3534 1331 3575 nos
1349 3535 1415 3577 non

151 3640 261 3681 sumus
278 3619 398 3699 judices
415 3618 494 3695 fide3
512 3632 641 3700 propter
659 3633 764 3679 autem
784 3618 872 3700 quod
897 3619 1027 3681 dixisset
1048 3621 1107 3680 sibi
1126 3621 1212 3682 abibi
1224 3616 1260 3703 (Β)
1277 3623 1417 3684 exterius

152 3741 182 3788 et
194 3742 347 3789 tortorem
366 3727 572 3804 nominasset,
584 3726 669 3786 idem
682 3724 795 3787 Gallus
809 3746 873 3787 non
888 3726 999 3788 habuit
1012 3728 1233 3789 testimonium
1244 3748 1309 3809 quo
1323 3750 1416 3812 apro·

153 3833 232 3911 bari,
258 3835 332 3914 quia
357 3833 532 3894 secundum
559 3833 825 3894 consvetudinem
859 3834 994 3896 civitatis
1026 3855 1090 3896 non
1127 3837 1231 3917 potuit
1267 3839 1416 3919 aprobari

153 3959 225 4000 cum
251 3938 380 4000 famulis
401 3940 476 4001 suis.
510 3939 629 4001 Omnia
661 3952 767 4000 autem
801 3940 862 4001 alia
890 3942 1024 4021 negocia
1056 3962 1118 4022 que
1144 3956 1311 4004 vertuntur
1335 3945 1417 4006 inter

152 4046 282 4108 eosdem
309 4047 339 4106 in
366 4046 470 4127 primo
496 4046 616 4126 judicio
634 4061 841 4128 compareant
858 4062 887 4108 et
905 4048 1082 4109 secundum
1104 4048 1277 4111 fassionem
1302 4051 1417 4131 judicis

152 4154 228 4214 anni
252 4153 339 4214 illius
364 4173 437 4213 vera
464 4153 587 4234 justicia
613 4153 696 4214 inter
720 4154 850 4214 eosdem
875 4155 1137 4218 aministrabitur.

303 4354 398 4427 letio
427 4365 524 4426 sexta
552 4354 703 4445 proxima
732 4364 809 4444 post
841 4357 961 4427 lestans
992 4357 1132 4429 Emerici
1162 4359 1264 4432 ducis.

661 4511 700 4585 (7,
725 4510 906 4586 ›iotrembris).

259 4630 336 4691 ltem
369 4649 463 4690 causa
496 4630 577 4691 inter
610 4633 779 4693 Nicolaum
813 4633 952 4713 juratum
985 4650 1015 4695 et
1047 4636 1217 4698 Nicolaum
1252 4639 1417 4722 Halicycz,

156 4736 294 4797 secunda
320 4736 443 4798 citacio.

259 4843 336 4903 ltem
361 4862 454 4903 causa
480 4843 562 4904 inter
579 4845 736 4924 Agatham
763 4847 991 4909 Busachiczam
1018 4863 1048 4910 et
1073 4850 1162 4911 Paris
1187 4867 1343 4913 sartorem
1367 4873 1416 4915 ra·

156 4948 248 5011 cione
272 4950 497 5032 percussionis,
522 4951 561 5012 ad
585 4951 726 5034 primum
750 4953 905 5036 judicium
931 4956 1026 5018 debet
1050 4957 1255 5039 respondere.
