3142 5356
739 283 826 341 Anno
849 294 940 358 1427.

211 509 241 556 et
267 493 396 555 Matheo
430 492 498 555 lilio
523 492 733 555 Cwethkonis
763 512 884 573 genero
914 512 973 553 suo
1004 495 1063 554 sub
1097 492 1291 554 condicione
1317 492 1472 573 quinqua·

210 601 299 682 ginta
325 600 530 661 denariorum
556 619 614 681 pro
636 613 781 678 tempore
798 600 1001 660 currencium
1026 618 1083 680 per
1107 616 1308 680 possessores
1332 598 1472 659 eiusdem

210 707 304 767 vinee
329 705 466 784 singulis
489 705 581 766 annis
606 704 722 785 iugiter
747 705 841 766 nobis
865 718 895 765 et
920 719 1027 765 nostre
1052 703 1276 765 communitati
1303 703 1354 764 vel
1381 704 1475 764 comi·

210 813 295 874 tibus
320 811 436 872 nostris
460 810 683 891 persolvenda,
709 830 767 892 pro
791 810 920 890 triginta
957 825 987 870 et
1012 809 1120 871 medio
1145 809 1214 873 flor.
1240 809 1310 871 auri
1334 810 1478 871 vendidit

211 930 367 1000 perpetuo
392 917 630 998 possidendam.

315 1023 392 1084 ltem
416 1023 476 1083 viri
501 1022 644 1103 religiosi
663 1042 699 1083 ac
724 1021 785 1083 deo
810 1021 918 1083 devoti
937 1020 1059 1099 fratres,
1089 1021 1239 1082 videlicet
1264 1020 1362 1082 irater
1377 1042 1475 1102 gwar·

211 1129 326 1190 dianus
357 1128 604 1190 Bartholomeus
637 1128 832 1205 nominatus,
866 1141 897 1188 et
929 1127 1066 1188 Mathias
1098 1127 1387 1208 vicegwardianus,
1418 1147 1473 1189 nec

211 1254 275 1296 non
302 1234 447 1295 Thomas
472 1249 502 1295 et
527 1234 733 1310 Benedictus,
756 1231 868 1295 fratres
885 1234 1026 1295 minores
1050 1234 1174 1295 ordinis
1190 1247 1222 1295 et
1240 1234 1375 1296 ecclesie
1393 1235 1473 1295 beati

211 1340 371 1401 Francisci
397 1338 601 1419 confessoris,
626 1341 657 1400 in
682 1360 738 1401 sua
764 1356 795 1400 et
812 1340 1035 1401 universorum
1062 1339 1193 1401 fratrum
1217 1340 1388 1421 tociusque
1405 1360 1476 1401 con·

213 1460 327 1509 ventus
348 1448 471 1508 ordinis
495 1461 525 1509 et
550 1447 681 1508 ecclesie
707 1461 803 1528 atque
821 1462 998 1508 conventus
1023 1448 1241 1529 predictorum
1264 1466 1363 1509 omne
1397 1467 1475 1508 onus

211 1568 241 1615 et
264 1573 436 1634 gravamen
463 1554 652 1615 eorumdem
679 1553 763 1632 juxta
789 1566 938 1615 contenta
958 1554 1121 1614 literarum
1140 1568 1322 1614 nostrarum
1350 1553 1475 1634 privile·

210 1661 344 1742 gialium
369 1677 482 1742 sponte
508 1662 539 1720 in
564 1680 596 1721 se
620 1660 825 1738 assumendo,
845 1661 1001 1741 quasdam
1016 1659 1234 1740 possessiones
1259 1660 1291 1720 in
1316 1661 1475 1720 territorio

213 1767 295 1828 dicte
313 1767 449 1827 civitatis
466 1765 600 1844 habitas,
618 1767 723 1846 primo
740 1765 861 1826 scilicet
883 1765 1057 1847 quemdam
1075 1764 1229 1847 (hlortum
1248 1780 1335 1827 extra
1353 1767 1474 1827 Novam

212 1886 336 1955 portam
362 1872 497 1934 civitatis
513 1872 666 1954 predicte,
687 1892 785 1953 penes
802 1871 955 1952 (hlortum
975 1872 1144 1933 Laurencii
1169 1871 1334 1948 institoris,
1353 1870 1473 1952 pridem

212 1979 317 2061 jurati,
342 1999 377 2040 ac
401 1979 468 2040 vias
498 1998 686 2040 communes
719 1979 919 2055 existentem,
952 1978 1130 2059 desupera
1162 1978 1212 2037 via
1237 1979 1403 2038 communi
1427 1996 1474 2037 su·

211 2086 341 2168 perimi,
366 2083 447 2146 infra
473 2104 574 2166 usque
598 2085 738 2145 rivulum
762 2105 794 2144 se
826 2084 1062 2161 extendentem,
1095 2103 1192 2145 unam
1218 2097 1366 2163 quartam
1391 2084 1474 2144 curie

211 2193 243 2252 in
269 2212 301 2252 se
326 2193 566 2266 continentem;
590 2192 665 2252 item
699 2191 861 2272 quandam
894 2205 1008 2251 terram
1035 2189 1189 2250 arabilem
1215 2190 1353 2251 duarum
1378 2190 1473 2250 dieta·

212 2317 282 2358 rnm
308 2311 393 2359 extra
419 2298 595 2378 predictam
621 2298 745 2358 Novam
779 2311 904 2378 portam
929 2297 1066 2358 civitatis
1091 2296 1172 2358 ultra
1197 2297 1366 2357 ecclesiam
1392 2295 1472 2357 beati

213 2403 346 2484 Georgii
372 2404 510 2464 martiris
527 2423 626 2484 prope
645 2403 843 2480 molendina,
873 2404 955 2464 inter
973 2403 1051 2463 duas
1067 2404 1135 2463 vias
1159 2422 1349 2464 communes
1366 2403 1474 2477 sitam;

212 2511 287 2572 item
314 2511 476 2591 quandam
502 2511 615 2571 silvam
641 2510 672 2570 in
698 2510 842 2591 predicto
870 2510 1031 2571 territorio
1055 2510 1192 2570 civitatis
1218 2508 1343 2572 Gochel
1368 2509 1473 2592 appel·

213 2619 290 2695 lato,
316 2618 396 2677 inter
421 2617 533 2677 silvam
559 2617 733 2678 liberorum
759 2617 896 2678 condam
917 2617 1013 2676 Lucie
1039 2616 1193 2694 mulieris,
1220 2617 1378 2677 consortis
1402 2635 1473 2677 con·

212 2725 286 2785 dam
305 2725 390 2785 Luce
407 2725 485 2784 olim
505 2725 581 2784 civis
607 2725 752 2800 civitatis,
769 2744 785 2784 a
805 2723 1007 2784 meridionali
1027 2737 1125 2804 parte,
1145 2737 1176 2784 et
1192 2743 1209 2784 a
1227 2738 1315 2805 parte
1339 2736 1473 2805 septem-

212 2831 339 2892 trionali
373 2851 471 2912 penes
502 2831 628 2891 vineam
663 2848 692 2891 et
724 2832 835 2891 silvam
870 2830 994 2912 providi
1030 2832 1089 2892 viri
1123 2831 1251 2892 Andree
1281 2830 1397 2912 judicis
1419 2830 1474 2892 filii

214 2937 296 2997 Petri
324 2937 464 3017 Saphar,
498 2957 553 3017 per
585 2951 685 2998 metas
718 2938 747 2996 in
782 2937 902 2998 eisdem
936 2937 1034 2998 literis
1066 2937 1321 3018 privilegialibus
1352 2958 1476 3020 expres·

213 3056 331 3121 satam,
367 3043 515 3123 utrinque
548 3057 744 3124 separatam;
781 3043 857 3104 item
895 3043 995 3103 eciam
1033 3043 1196 3124 quandam
1233 3043 1346 3103 silvam
1381 3043 1475 3104 aliam

214 3150 244 3210 in
271 3150 431 3210 territorio
464 3150 546 3209 dicte
579 3150 715 3210 civitatis
748 3148 989 3211 Chernomerch
1022 3163 1148 3227 vocato,
1181 3150 1263 3210 inter
1294 3150 1422 3211 vineam
1448 3165 1478 3211 et

213 3255 325 3315 silvam
352 3255 526 3315 liberorum
553 3275 608 3315 seu
641 3275 859 3315 successorum
893 3255 1030 3315 condam
1057 3255 1153 3316 Blasii
1178 3253 1257 3318 labri
1283 3257 1322 3317 ab
1349 3277 1424 3335 una,
1449 3272 1478 3318 et

213 3376 301 3443 parte
337 3362 376 3421 ab
408 3363 505 3421 altera
542 3362 689 3422 similiter
720 3363 895 3422 liberorum
933 3381 989 3422 seu
1021 3381 1242 3423 successorum
1275 3363 1367 3424 Pauli
1403 3364 1478 3424 dicti

215 3467 343 3527 Kozech
369 3468 473 3544 sitam,
499 3487 570 3528 cum
597 3469 753 3528 universis
770 3469 955 3529 earumdem
976 3469 1213 3549 possessionum
1237 3469 1432 3531 utilitatibus
1449 3485 1479 3530 et

214 3574 420 3655 pertinenciis
454 3574 621 3651 universis,
654 3576 713 3633 sub
745 3575 810 3634 suis
843 3575 925 3634 veris
958 3575 1118 3655 prioribus
1150 3587 1182 3635 et
1205 3574 1348 3655 antiquis
1381 3577 1475 3638 metis

215 3680 357 3741 discretis
382 3681 457 3739 viris
490 3680 630 3740 dominis
664 3680 840 3758 Anthonio,
874 3682 974 3742 Paulo
1007 3695 1037 3741 et
1069 3680 1206 3741 lohanni
1232 3681 1418 3762 presbiteris
1449 3697 1481 3746 et

215 3787 359 3868 plebanis
392 3787 523 3847 ecclesie
556 3801 661 3847 nostre
695 3787 886 3868 parochialis
918 3788 1000 3847 beati
1040 3787 1136 3848 Marci
1170 3788 1388 3868 ewangeliste,
1420 3808 1478 3871 pro

215 3907 325 3973 quarta
359 3893 519 3972 plebanali
552 3913 607 3953 seu
640 3895 793 3954 canonica
827 3895 979 3972 porcione
1012 3893 1132 3954 eisdem
1165 3894 1312 3976 plebanis
1336 3897 1378 3955 ab
1403 3895 1479 3977 ipsis

215 3998 363 4059 fratribus
381 3999 604 4059 claustralibus
622 4000 753 4075 juridice
780 4002 999 4080 proveniente,
1018 4000 1203 4061 necessitate
1218 3999 1283 4060 litis
1306 4016 1479 4062 occurente

215 4104 372 4164 dederunt
396 4119 551 4185 perpetuo
581 4106 799 4186 possidendas.

320 4208 397 4269 Item
423 4211 556 4290 provide
582 4213 733 4271 mulieres
758 4212 857 4272 Elcna
884 4228 913 4272 et
944 4212 1033 4273 Jellra
1057 4226 1179 4289 vocate,
1204 4211 1313 4272 relicte
1339 4213 1475 4274 condam

216 4315 395 4377 Clementis
419 4331 449 4376 et
474 4317 634 4377 Valentini
653 4316 826 4394 labrorum,
852 4316 983 4379 fratrum
1001 4319 1139 4378 condam
1158 4318 1286 4378 Martini
1312 4316 1405 4396 fabri,
1422 4337 1475 4400 per

217 4422 395 4482 Adrianum
423 4421 635 4483 Kuchkotrem
662 4424 781 4484 dictum
815 4422 915 4484 filium
949 4425 1047 4505 ipsius
1072 4424 1200 4485 Martini
1225 4421 1318 4502 fabri,
1342 4445 1400 4507 per
1430 4425 1472 4485 in·

216 4528 424 4607 stigacionem
458 4529 586 4608 spiritus
620 4530 750 4609 maligni
785 4531 975 4608 occisorum,
1012 4531 1091 4591 duas
1115 4531 1284 4611 porciones
1308 4530 1470 4592 cuiusdam

216 4634 331 4694 domus
356 4635 386 4693 in
413 4635 483 4695 vico
501 4651 644 4695 sutorum
674 4637 822 4696 exteriori
842 4638 872 4695 in
891 4637 1052 4697 vicinitate
1078 4637 1194 4697 domus
1211 4636 1339 4698 Nicolai
1362 4636 1472 4698 sutoris

215 4761 232 4800 a
258 4755 345 4822 parte
370 4742 637 4822 septemtrionali,
669 4756 699 4803 et
724 4763 741 4802 a
770 4758 856 4823 parte
890 4743 1094 4804 meridionali
1127 4761 1217 4804 secus
1241 4743 1405 4824 quandam
1429 4763 1469 4803 se·
