3142 5356
147 517 189 579 62
535 517 640 574 mmo
662 526 755 592 1490:
780 546 822 555 -
845 507 884 572 8..
893 509 1047 588 januarii.

150 625 351 634 ..--—-—
357 623 649 631 ——...—.—.—.

202 754 297 830 Feria
327 759 425 829 sexta
463 753 625 844 proxima
652 762 729 843 post
756 753 880 824 festum
917 752 1016 823 beate
1042 748 1224 840 Elyznbeth
1252 733 1363 822 vidue.

637 909 703 980 (20.
727 907 910 979 novembris).

250 1051 334 1114 ,ltem
366 1050 557 1113 Valentinus
588 1049 695 1111 senior
728 1047 825 1128 judex
857 1061 967 1111 contra
992 1049 1097 1110 Eliam
1131 1049 1324 1131 lreniparem
1363 1049 1420 1110 ha-

150 1159 239 1221 bebit
262 1158 440 1241 producere
464 1169 560 1219 testes
583 1155 624 1217 ad
648 1156 789 1238 primum
812 1154 980 1237 judicium.
1035 1206 1038 1211 .

171 1286 175 1292 ·
255 1263 334 1326 Item
363 1282 493 1326 causam
525 1260 811 1342 inter·Georgium
844 1281 1031 1345 arcuparem
1063 1276 1094 1325 et
1119 1262 1320 1346 Stephanum
1344 1262 1420 1325 lite·

149 1384 265 1450 natum,
290 1371 404 1432 citacio
428 1370 543 1453 prima.

256 1476 333 1538 Item
359 1496 487 1538 causam
511 1479 593 1538 inter
609 1476 816 1537 Valentinum
838 1475 921 1549 alias
937 1476 1096 1537 seniorem
1114 1474 1254 1556 judicem
1279 1489 1311 1538 et
1327 1477 1421 1538 simi·

150 1584 222 1645 liter
245 1583 454 1645 Valentinum
479 1595 620 1644 sutorem
652 1582 780 1644 racione
813 1595 844 1643 et
868 1595 1012 1664 pretextu
1044 1582 1212 1644 cuiusdam
1235 1581 1420 1664 proclama·

151 1691 253 1752 cionis
285 1690 317 1750 in
350 1689 483 1750 ecclesia
508 1708 566 1771 pro
598 1685 826 1750 interleccione
858 1688 995 1750 condam
1018 1688 1127 1750 Jacobi
1156 1689 1296 1766 sartoris,
1321 1687 1423 1769 jurati

149 1795 415 1877 adjudicaverunt
439 1795 479 1856 de
496 1795 756 1877 proclamacione
781 1796 812 1855 in
831 1795 976 1873 ecclesia,
1001 1794 1089 1876 quod
1114 1796 1210 1857 verba
1235 1795 1360 1857 audivit
1377 1799 1419 1858 ab

149 1899 220 1963 aliis
245 1901 331 1962 idem
355 1901 546 1962 Valentinus
569 1915 658 1963 sutor
681 1901 754 1962 ideo
780 1916 810 1962 et
834 1901 901 1983 ipse
933 1901 1084 1963 clamavit
1108 1915 1139 1962 et
1163 1902 1240 1962 dum
1266 1901 1419 1965 similiter

150 2007 190 2069 ad
216 2005 328 2070 fratres
351 2026 427 2069 suos
451 2007 531 2069 dixit
555 2022 589 2069 ut
606 2027 642 2069 ex
661 2008 743 2068 dicta
761 2008 890 2069 testium
909 2008 1099 2090 intelligitur
1125 2008 1292 2090 quomodo
1309 1995 1419 2070 testati

150 2130 233 2178 sunt.
252 2114 337 2176 ‘Item
363 2115 486 2198 primus
509 2116 597 2176 testis
614 2115 696 2176 lwan
724 2116 850 2176 institor
867 2115 968 2176 lassus
985 2129 1041 2194 est,
1066 2115 1154 2196 quod
1180 2135 1251 2176 cum
1278 2115 1419 2177 condam

151 2223 290 2284 lacobus
314 2235 460 2283 mortuus
492 2223 629 2284 existens
661 2235 805 2304 portatus
837 2220 898 2284 fuit
922 2222 961 2282 ad
995 2222 1163 2284 ecclesiam
1189 2222 1274 2283 idem
1299 2221 1418 2284 Valen-

149 2330 236 2392 tinus
260 2342 349 2391 sutor
372 2349 471 2411 penes
495 2344 590 2412 caput
615 2328 758 2390 eiusdem
791 2330 908 2390 mortui
933 2329 1071 2391 stetisset
1094 2328 1265 2390 clamando
1290 2343 1321 2390 et
1345 2330 1421 2411 pul⁴

150 2436 252 2498 sando
276 2436 385 2517 digitis
409 2437 449 2497 ad
471 2451 566 2518 caput
583 2436 700 2497 mortui
727 2436 822 2497 dixit:
846 2456 918 2497 ecce
935 2436 1105 2497 Valentino
1131 2435 1272 2518 lrenipar
1296 2435 1419 2497 factum

150 2557 243 2628 tuum
267 2557 462 2606 monstratur
487 2543 560 2605 ideo
579 2541 690 2605 fratres
713 2543 761 2604 sui
780 2543 914 2604 teneatis
939 2543 978 2603 ad
996 2556 1091 2624 caput
1118 2562 1223 2604 suum.
1249 2542 1419 2604 Secundus

151 2650 238 2712 testis
260 2649 410 2711 videlicet
442 2650 587 2712 Andreas
617 2650 738 2732 juratus
771 2649 975 2711 uniformiter
1007 2650 1181 2711 concordat
1209 2669 1282 2710 cum
1309 2649 1418 2730 primo

152 2770 240 2820 teste.
265 2756 306 2818 Et
319 2756 404 2817 idem
419 2756 609 2818 Valentinus
621 2772 710 2818 sutor
723 2770 833 2818 contra
850 2757 1056 2818 Valentinum
1076 2755 1268 2838 lreniparem
1287 2755 1420 2818 habebit

152 2862 397 2944 quintodecimo
420 2863 472 2924 die
490 2864 520 2923 in
540 2883 591 2925 ara
606 2877 713 2925 sancte
738 2864 851 2926 Crucis
868 2884 900 2925 se
922 2885 1098 2946 expurgare
1122 2864 1419 2945 terciusmet3quod

152 2970 237 3031 idem
263 2970 454 3031 Valentinus
471 2985 560 3031 sutor
584 2985 656 3052 post
672 2970 783 3032 fratres
800 2972 936 3032 condam
963 2973 1072 3034 Jacobi
1094 2973 1223 3034 sartoris
1247 2991 1312 3034 non
1331 2972 1424 3034 misit

154 3095 212 3138 nec
236 3071 461 3138 de'consensu
485 3096 544 3138 suo
568 3078 701 3141 missurn
727 3092 773 3139 est
798 3097 855 3160 pro
881 3080 937 3152 eis,
966 3093 996 3140 et
1020 3080 1045 3140 si
1069 3078 1187 3159 jurabit
1210 3080 1270 3141 erit
1293 3079 1375 3140 liber
1400 3099 1418 3141 a

155 3182 242 3244 dicto
266 3183 440 3244 Valentino
465 3182 635 3265 frenipare‚
660 3184 685 3245 si
710 3199 817 3246 autem
847 3205 910 3246 non
936 3185 1053 3265 jurabit
1073 3185 1238 3247 convictus
1262 3184 1419 3247 habeatur

153 3290 184 3350 in
210 3289 362 3370 homagio
386 3290 461 3351 vivo
486 3290 658 3352 Valentino
683 3289 853 3372 frenipari3
878 3292 917 3352 de
943 3311 1006 3373 qua
1030 3291 1274 3372 adjudicacione
1298 3291 1418 3354 Valen-

152 3395 238 3457 tinus
261 3409 349 3457 sutor
373 3416 438 3458 non
464 3410 632 3458 contentus
656 3397 830 3479 appellavit
855 3397 894 3458 ad
919 3398 1072 3461 seniores.

311 3631 407 3705 Faria
436 3643 532 3707 sexta
561 3645 638 3725 post
676 3636 798 3708 festum
827 3635 1087 3726 Epiphaniarum
1116 3632 1255 3706 Domini.

561 3787 606 3866 (8.
623 3790 779 3868 januario}
803 3811 874 3855 ann.
898 3793 1004 3870 1490).

258 3930 336 3993 Item
354 3951 447 3992 causa
466 3932 547 3994 inter
563 3933 764 3994 Anthonium
782 3932 884 3994 filium
903 3934 986 3995 Petri
1012 3934 1206 3996 Borczkoicz
1224 3947 1254 3995 et
1271 3934 1419 3996 relictam

154 4037 350 4101 Dorotheum
376 4057 506 4099 uxorem
540 4039 615 4101 dicti
641 4040 724 4100 Petri
750 4039 944 4100 Eorczkoicz
977 4041 1104 4101 racione
1130 4056 1160 4102 et
1186 4055 1331 4123 pretextu
1355 4055 1420 4103 ter-

153 4164 259 4206 rarum
277 4144 447 4206 arabilium
466 4158 503 4205 ‘et
520 4145 703 4223 domorum,
721 4145 1010 4226 clenodiorumque
1029 4147 1184 4226 eiusdem,
1204 4149 1235 4209 in
1251 4150 1420 4211 communi

154 4253 409 4333 congregacione
434 4251 538 4312 taliter
562 4252 810 4313 determinatum
829 4266 885 4331 est,
911 4253 999 4334 quod
1024 4253 1143 4336 prelata
1169 4255 1332 4317 Dorothea
1358 4275 1419 4316 no-

155 4377 247 4418 verca
271 4358 347 4418 dicti
373 4357 527 4418 Anthonii
553 4357 609 4418 filii
635 4358 829 4420 Borczkoicz
848 4359 887 4420 de
904 4361 995 4421 terris
1019 4363 1193 4423 arabilibus
1211 4377 1242 4424 et
1266 4362 1422 4425 domibus

155 4462 376 4544 clenodiisque
401 4463 545 4525 eiusdem
571 4464 657 4526 dicto
674 4465 841 4527 Anthonio
858 4487 966 4529 veram
993 4471 1196 4533 medietatem
1216 4471 1247 4531 in
1267 4471 1422 4533 omnibus

155 4570 230 4632 dare
254 4583 286 4632 et
309 4570 532 4632 administrare
556 4571 687 4633 habebit
711 4587 742 4634 et
765 4575 936 4637 tenebitur.

261 4677 338 4739 ltem
363 4671 489 4739 causam
523 4679 604 4740 inter
637 4679 813 4761 Georgium
847 4702 1032 4763 arcuparem
1062 4698 1091 4744 et
1124 4683 1322 4765 Stephanum
1348 4684 1422 4746 lite-

155 4796 271 4862 ratum,
295 4785 409 4848 citacio
434 4786 584 4865 secunda,
608 4806 674 4847 non
699 4789 888 4870 comparuit.

189 4925 191 4929 ·
221 4880 223 4891 '
262 4889 339 4954 ltem
364 4912 492 4954 causam
520 4894 602 4955 inter
635 4894 753 4955 Lucam
788 4896 946 4978 Ribarycz
978 4909 1009 4958 et
1032 4897 1233 4959 Anthonium
1256 4895 1420 4965 famulum

157 4988 355 5080 Sigismundi
380 5019 504 5082 pugnat
536 5001 664 5063 racione
695 5015 726 5062 et
756 5016 902 5084 pretextu
933 5004 1099 5066 cuiusdam
1131 5005 1218 5088 equi,
1241 5004 1336 5089 jurati
1360 5008 1419 5070 ad*
