3142 5356
68 529 79 570 :
113 507 246 589 Georgii
279 506 437 588 selliparis
468 521 555 587 parte
587 508 626 567 ab
655 525 729 580 una,
761 508 800 567 ab
832 507 930 567 altera
962 526 1038 567 vero
1063 507 1161 568 Blasii
1194 507 1310 568 sutoris

68 635 73 675 :
99 613 270 676 Benedicti
295 612 457 694 arcuparis
479 611 586 673 habite
619 629 650 673 et
675 613 847 691 existentis,
872 632 969 674 unam
995 627 1140 694 quartam
1166 613 1252 674 curie
1279 613 1312 674 in

68 743 75 780 ε
112 720 345 796 continentem,
377 737 449 780 cum
479 718 545 779 suis
576 718 782 800 pertinenciis
811 718 981 779 Francisco
1014 719 1225 800 corrigiatori,
1248 718 1312 800 jam

68 841 159 889 ostro
184 826 321 904 concivi,
346 845 404 906 pro
428 826 590 886 decernet
613 839 687 886 octo
711 825 826 886 marcis
850 824 1056 885 denariorum
1081 824 1226 886 vendidit
1242 844 1311 907 per·

68 948 145 996 etuo
171 932 413 1015 possidendam,
431 931 521 992 cuius
545 931 662 992 domus
686 931 782 991 aliam
801 944 947 1012 quartam
973 929 1114 1012 prefatus
1132 930 1313 1013 Stephanus

68 1056 137 1101 ator
162 1039 336 1100 literatorie
361 1039 539 1099 dinoscitur
564 1037 739 1118 possidere.

155 1145 233 1205 ltem
258 1146 333 1226 quia
352 1145 453 1205 Elena
471 1143 586 1204 mulier
611 1143 720 1203 relicta
741 1143 879 1203 condam
899 1142 1052 1224 Stephani
1070 1142 1312 1222 barbitonsoris,

68 1271 133 1313 unc
159 1271 292 1312 consors
316 1251 400 1311 Petri
435 1250 581 1310 similiter
607 1248 847 1326 barbitonsoris,
879 1247 936 1309 filii
960 1246 1125 1326 iohannis,
1150 1248 1311 1329 quandam

68 1358 253 1419 tedietatem
272 1357 438 1418 cuiusdam
463 1357 580 1416 domus
597 1357 628 1415 in
646 1356 717 1415 vico
735 1369 844 1416 nostro
869 1355 1017 1416 exteriori
1038 1367 1183 1415 sutorum
1200 1354 1310 1416 Theu-

68 1463 177 1525 >nicali
206 1464 288 1524 inter
312 1462 429 1524 fundos
453 1478 483 1523 et
511 1463 627 1523 domos
645 1460 798 1542 Stephani
824 1459 953 1520 Ziharth
979 1474 1011 1521 et
1034 1460 1209 1521 liberorum
1235 1479 1310 1522 con·

68 1589 120 1631 am
149 1569 277 1631 Martini
312 1568 485 1651 Goychech
516 1568 642 1644 habite,
675 1586 771 1628 unam
805 1582 950 1647 quartam
984 1567 1015 1627 in
1040 1587 1071 1627 se
1108 1567 1311 1646 continentis,

68 1696 143 1737 nam
178 1676 300 1739 scilicet
331 1690 496 1752 octavam,
528 1696 545 1735 a
578 1689 664 1756 parte
698 1675 815 1734 domus
847 1672 960 1754 prefati
995 1673 1148 1756 Stephani
1181 1673 1311 1736 Ziharth

68 1799 151 1859 tarn,
175 1782 235 1842 sibi
261 1802 298 1842 ex
322 1780 493 1843 sufficienti
518 1801 573 1842 sua
599 1782 869 1862 comprobatione
898 1781 929 1841 in
955 1781 1019 1842 alio
1044 1783 1176 1842 ltaterno
1201 1797 1311 1845 nostro

68 1889 192 1950 sdiciali
212 1889 410 1970 consignata,
428 1909 484 1970 per
498 1908 556 1949 nos
573 1901 734 1966 statutam,
752 1902 905 1949 annotato
924 1887 1018 1949 Petro
1044 1887 1257 1950 barbitonsori
1275 1907 1311 1950 ac

68 2016 84 2056 x
113 1996 190 2077 ipsis
214 1996 430 2077 superviventi
461 1995 593 2057 donavit
621 2009 776 2075 perpetuo
802 1994 1048 2076 possidendam
1077 1994 1310 2076 quamquidem

68 2117 193 2164 ctavam
227 2123 264 2162 ex
297 2102 425 2162 instanti
459 2102 558 2183 ipsius
590 2102 673 2162 Petri
707 2101 937 2161 barbitonsoris
970 2100 1129 2181 peticione
1155 2100 1187 2161 in
1212 2119 1309 2162 unam

70 2222 194 2270 nattam
231 2209 317 2269 curie
354 2208 482 2269 racione
519 2207 654 2268 civitatis
688 2206 822 2268 fecimus
853 2206 1043 2282 redundari;
1080 2206 1170 2268 cuius
1201 2207 1309 2288 itaque

68 2335 163 2377 omns
187 2316 283 2376 aliam
309 2316 514 2376 medietatem
542 2315 654 2375 Vrsula
679 2314 788 2375 relicta
814 2314 899 2374 Luce
924 2313 1040 2374 sutoris
1064 2313 1238 2375 literatorie
1262 2313 1309 2375 di·

69 2422 190 2483 oscitur
213 2421 386 2503 possidere.

153 2527 232 2588 ltem
257 2527 420 2588 lohannes
445 2527 570 2588 institor
593 2524 678 2587 filius
703 2526 801 2587 Marci
831 2540 861 2587 et
885 2523 1069 2586 Anthonius
1092 2523 1239 2585 similiter
1262 2524 1307 2585 in·

68 2635 148 2713 titos,
174 2633 295 2713 juratus
317 2648 424 2694 noster
441 2634 627 2710 modernus,
644 2632 853 2694 commissarii
878 2645 909 2693 et
936 2644 1123 2692 executores
1146 2630 1309 2692 Valentini

68 2741 201 2802 astitoris
225 2740 282 2802 filii
307 2740 385 2801 Wlk
411 2740 608 2816 Quarintini,
633 2740 821 2801 auctoritate
850 2738 1070 2800 commissuris
1094 2736 1309 2799 vendiderunt

69 2847 211 2908 nandam
236 2847 363 2907 vineam
389 2847 420 2906 in
438 2846 598 2907 territorio
624 2846 723 2926 ipsius
744 2846 879 2906 civitatis
896 2845 977 2906 inter
1000 2845 1110 2906 vineas
1134 2845 1309 2905 liberorum

68 2969 75 3014 t
99 2971 322 3014 successorum
347 2951 491 3012 eiusdem
517 2952 691 3029 Valentini,
716 2953 755 3012 ab
784 2971 858 3028 una,
883 2965 913 3012 et
937 2966 1026 3032 parte
1051 2953 1090 3011 ab
1115 2950 1212 3011 altera
1237 2969 1309 3032 pro·

68 3061 118 3120 ide
153 3059 297 3119 mulieris
330 3058 471 3141 Dykawa
504 3073 625 3135 vocate,
658 3059 766 3119 relicte
798 3058 935 3119 condam
969 3056 1132 3140 Gyurgek,
1157 3057 1309 3136 habitam,

67 3185 186 3248 esuper
210 3185 226 3224 a
252 3164 300 3225 via
335 3165 499 3225 communi
525 3180 556 3226 et
588 3162 667 3225 infra
704 3184 805 3244 usque
838 3165 954 3225 dictam
980 3165 1107 3226 vineam
1139 3184 1196 3225 seu
1220 3165 1308 3246 plan·

68 3274 148 3335 tlam
175 3272 276 3352 ipsius
301 3271 454 3352 Dykawe,
487 3271 582 3331 simul
619 3290 691 3331 cum
724 3271 875 3331 omnibus
907 3269 1050 3331 eiusdem
1075 3271 1168 3332 vinee
1192 3271 1309 3332 utilita-

68 3383 131 3441 bus
157 3391 187 3438 et
212 3378 418 3458 pertinenciis
451 3378 607 3438 universis
640 3378 775 3459 provido
808 3378 877 3438 viro
903 3377 1021 3438 Mathie
1053 3378 1166 3438 sartori
1191 3392 1221 3439 et
1245 3379 1310 3439 suis

68 3484 220 3546 eredibus
245 3503 302 3564 pro
327 3485 438 3545 decem
465 3483 533 3545 flor.
559 3484 704 3545 vendidit
728 3498 883 3565 perpetuo
909 3484 1147 3564 possidendam.

154 3590 232 3651 ltem
257 3590 402 3651 Thomas
428 3606 516 3651 sutor
533 3589 617 3651 filius
643 3590 802 3671 Gregorii,
827 3591 967 3652 concivis
992 3604 1109 3669 noster,
1134 3591 1307 3672 quemdam

68 3698 185 3760 indum
202 3716 295 3757 suum
314 3716 449 3757 vacuum
476 3711 506 3758 et
529 3695 684 3758 hedificiis
701 3697 888 3759 destitutum
913 3697 944 3757 in
970 3698 1041 3758 vico
1060 3695 1307 3778 Lutifigulorum

68 3822 129 3867 tter
154 3802 272 3866 fundos
296 3805 457 3865 Valentini
484 3805 751 3866 molendinatoris
781 3803 837 3865 lilii
864 3804 982 3866 Mathei
1006 3819 1036 3864 et
1062 3804 1225 3866 Benedicti
1251 3804 1309 3866 lilii

68 3912 209 3993 lregorii,
223 3925 404 3972 nostrorum
424 3912 616 3987 concivium,
629 3913 771 3972 habitum
790 3925 820 3972 et
834 3912 1035 3988 existentem,
1053 3930 1149 3971 unam
1163 3923 1309 3992 quartam

68 4034 76 4081 t
101 4033 249 4080 octavam
274 4018 359 4079 curie
386 4019 416 4078 in
443 4039 474 4078 se
500 4019 729 4095 continentem,
755 4038 826 4078 cum
844 4018 909 4078 suis
933 4017 1148 4096 pertinenciis,
1172 4037 1210 4079 ex
1234 4036 1309 4078 con·

68 4144 143 4187 ensu
169 4124 360 4202 vicinorum,
379 4144 451 4185 cum
477 4126 542 4184 suis
560 4125 764 4197 pertinenciis
781 4125 882 4185 Paulo
900 4123 968 4184 lilio
992 4124 1101 4201 Blasii,
1119 4124 1181 4200 jam
1199 4138 1309 4186 nostro

68 4232 186 4309 oncivi,
211 4251 246 4292 ac
272 4251 327 4312 per
344 4252 416 4292 cum
435 4233 501 4292 suis
525 4231 697 4292 heredibus
715 4251 772 4312 pro
789 4246 862 4292 octo
888 4231 994 4312 pensis
1010 4231 1216 4291 denariorum
1234 4250 1308 4292 ven·

68 4339 128 4399 idit
152 4352 306 4419 perpetuo
331 4337 571 4419 possidendum.

154 4444 232 4505 ltem
259 4445 415 4505 Martinus
447 4457 548 4505 sartor
576 4442 660 4504 filius
692 4443 831 4520 Thome,
856 4443 979 4526 pridem
1012 4443 1144 4523 juratus,
1169 4443 1310 4504 concivis

70 4566 167 4627 oster,
192 4550 355 4630 quandam
381 4550 514 4610 domum
540 4570 629 4610 suam
656 4551 686 4610 in
710 4551 871 4613 vicinitate
897 4552 1012 4612 domus
1036 4551 1103 4612 luri
1128 4549 1308 4612 Corintiani

68 4658 107 4719 lii
133 4658 250 4739 Jarney
281 4673 312 4718 et
335 4677 433 4739 penes
467 4658 532 4717 vias
556 4677 744 4718 communes
775 4659 927 4735 habitam,
959 4659 1099 4719 mediam
1124 4658 1244 4719 curiam
1269 4657 1308 4718 ad

68 4783 141 4825 sum
167 4763 304 4825 civitatis
328 4764 359 4824 in
385 4784 417 4824 se
443 4764 672 4843 continentem,
698 4784 768 4825 cum
794 4765 859 4826 suis
883 4765 1088 4848 pertinenciis
1112 4764 1254 4845 Georgio
1279 4778 1309 4826 et
