3142 5356
678 328 764 385 Anno
787 341 880 405 1394.
1371 347 1410 411 75

255 537 333 599 ltem
352 538 429 599 Ewa
453 536 519 599 filia
535 538 671 600 condam
694 538 814 599 Mareni
840 539 932 617 jurati
950 553 980 600 et
998 539 1115 622 Myhen
1135 539 1300 620 expeditos
1324 557 1412 600 com-

122 644 306 705 miserunt
325 643 495 706 dominum
513 644 692 705 lohannem
717 642 820 706 filium
837 645 926 706 Pauli
944 645 1081 707 condam
1099 644 1239 725 judicem
1262 658 1293 706 et
1312 645 1411 707 Bene·

124 750 272 813 dictum
300 750 454 813 Scornich
486 771 522 813 ac
547 751 748 812 Anthonium
774 752 918 835 Juraych,
943 766 1087 836 tempore
1112 753 1187 815 dicti
1213 753 1308 816 Petri.

256 875 334 938 Item
369 876 515 959 Mateyka
550 875 658 937 relicta
691 877 834 938 Jalretich
866 877 1011 939 vendidit
1042 877 1201 939 vinealem
1226 875 1413 938 inforestam

134 1002 223 1045 cum
248 982 389 1063 virgulto
414 982 549 1043 domino
574 981 712 1044 lohanni
737 981 805 1045 filio
830 983 953 1061 lacobi,
976 998 1123 1065 ternpore
1148 983 1224 1045 dicti
1251 983 1347 1044 Petri.

257 1088 334 1150 ltem
362 1089 446 1150 Luca
473 1085 610 1151 carnifex
646 1088 791 1151 vendidit
825 1089 977 1172 (hlortum
1011 1109 1083 1151 cum
1109 1088 1236 1150 stabulo
1262 1086 1361 1149 Paulo
1386 1102 1416 1148 et

145 1194 254 1256 Fraue
281 1195 421 1256 consorti
445 1215 512 1272 sue,
536 1208 681 1276 tempore
707 1196 783 1257 dieti
809 1196 904 1258 Petri.

257 1300 337 1363 Item
360 1302 469 1363 Marco
494 1300 669 1362 Blanchich
688 1301 777 1364 dedit
801 1300 937 1364 fundum
955 1321 1050 1363 suum
1067 1301 1162 1363 Petro
1187 1300 1320 1376 decan0,
1336 1314 1416 1361 tem-

153 1425 230 1488 pore
256 1406 332 1468 dicti
359 1407 453 1469 Petri.

257 1513 335 1576 ltem
369 1514 481 1575 Petrus
513 1513 653 1576 decanus
685 1513 774 1576 dedit
806 1513 943 1576 fundum
975 1533 1068 1575 suum
1102 1513 1212 1574 Marco
1242 1509 1417 1572 Blanchich

154 1619 426 1699 concambialiter‚
451 1635 597 1702 tempore
622 1621 697 1682 dicti
723 1622 819 1683 Petri.

259 1742 336 1804 Item
363 1744 522 1825 Dragichs
547 1758 577 1806 et
602 1744 750 1827 Mychael
773 1743 859 1807 filius
882 1765 959 1806 suus
988 1744 1146 1805 dederunt
1171 1738 1308 1802 fundum
1334 1740 1418 1822 ipso·

155 1869 224 1910 rum
250 1849 379 1912 Thome
404 1851 617 1932 carpentario,
640 1865 786 1934 tempore
811 1851 887 1912 dicti
912 1851 1005 1912 Petri.

261 1954 337 2016 Item
364 1957 453 2017 dedit
478 1957 630 2018 dominus
661 1956 777 2040 Gyuan
810 1957 947 2018 condam
973 1955 1067 2036 judex
1099 1955 1225 2016 vineam
1251 1971 1341 2015 suam
1365 1952 1418 2013 lo·

155 2060 265 2140 hanni,
283 2063 372 2143 quod
397 2083 524 2145 semper
541 2064 690 2145 quintum
709 2063 863 2125 eubulum
881 2063 946 2124 vini
968 2062 999 2124 in
1025 2061 1154 2144 propria
1171 2073 1301 2122 vectura
1319 2059 1419 2140 ipsius

155 2169 309 2231 lobannis
333 2171 407 2231 dare
432 2184 588 2247 teneatur,
613 2185 757 2252 tempore
782 2170 858 2230 dicti
885 2169 979 2232 Petri.

260 2276 339 2337 ltem
365 2276 526 2357 Georgius
543 2275 628 2337 filius
645 2276 774 2357 Dragoy
792 2289 823 2337 et
848 2274 960 2337 Gallus
985 2273 1069 2336 filius
1087 2272 1223 2356 Mykech
1240 2291 1276 2332 ac
1295 2270 1418 2353 Symon

155 2379 240 2443 filius
276 2383 362 2444 Luce
399 2384 496 2444 nostri
538 2384 688 2444 concives
719 2383 934 2444 vendiderunt
965 2382 1119 2463 (h)ortum
1152 2381 1294 2462 ipsorum
1327 2391 1415 2440 extra

155 2489 280 2550 Novam
304 2505 429 2572 portam
457 2490 628 2551 Valentino
655 2489 790 2566 Berend‚
816 2503 960 2570 tempore
985 2487 1060 2548 dicti
1087 2486 1181 2547 Petri.

261 2614 340 2676 ltem
366 2614 559 2676 Benedictus
583 2614 713 2695 jobagio
746 2628 854 2675 noster
887 2613 926 2674 de
950 2614 1041 2674 Nova
1073 2611 1149 2672 villa
1174 2610 1256 2672 inter
1280 2607 1416 2671 lundutn

155 2740 249 2782 suum
275 2719 403 2782 Thorne
428 2722 528 2783 sutori
553 2721 678 2783 sororio
702 2741 772 2797 suo,
797 2736 941 2802 tempore
966 2718 1041 2780 dicti
1069 2717 1161 2780 Petri.
1185 2720 1261 2794 (sic).

261 2826 339 2889 Item
365 2827 513 2888 dedimus
537 2828 645 2888 literas
669 2842 792 2887 nostras
815 2846 910 2906 super
937 2827 1076 2901 vineam,
1101 2843 1163 2904 que
1189 2823 1326 2884 condam
1352 2821 1416 2883 Do·

156 2934 265 2996 minici
290 2935 422 3015 pictoris
445 2932 625 3016 prefuisset,
651 2933 824 2995 colendino
849 2947 1006 3009 sutorum,
1021 2945 1152 3014 propter
1170 2930 1361 2991 insulturam
1388 2943 1419 2990 et

155 3060 221 3102 non
246 3041 446 3102 solucionem
471 3041 666 3119 debitorum,
691 3056 836 3121 tempore
860 3039 936 3100 dicti
962 3039 1055 3101 Petri.

264 3147 342 3209 ltem
367 3148 499 3209 domina
525 3148 628 3208 lwana
647 3147 755 3209 relicta
780 3146 917 3207 condam
936 3145 1026 3206 Pauli
1050 3145 1197 3230 Myrsych
1222 3143 1419 3206 condonavit

157 3254 307 3315 universa
338 3255 422 3315 bona
448 3274 504 3315 sua
538 3253 701 3335 Stephano
734 3252 849 3314 marito
881 3272 951 3330 suo,
983 3264 1014 3312 et
1040 3251 1152 3312 eedem
1186 3251 1317 3312 domine
1350 3250 1417 3332 ipse

157 3359 340 3442 Stephanus
362 3360 558 3422 condonavit
581 3378 755 3421 econverso
788 3360 872 3419 bona
896 3378 963 3436 sua,
987 3371 1133 3438 tempore
1157 3357 1233 3418 dicti
1259 3356 1359 3418 Petri.

264 3485 339 3546 ltem
366 3485 520 3546 Nicolaus
539 3484 670 3546 Mahnin
689 3483 825 3544 condam
849 3481 970 3561 juratus
987 3480 1132 3540 vendidit
1156 3499 1256 3540 unum
1283 3477 1420 3540 fundum

156 3611 250 3654 suum
276 3592 308 3653 iu
334 3607 436 3653 castro
462 3590 605 3671 Georgio
631 3589 808 3672 Popouich‚
836 3603 980 3670 tempore
1004 3587 1080 3648 dicti
1107 3586 1201 3647 Petri.

265 3699 344 3760 Item
369 3697 522 3760 Clemens
547 3696 631 3758 filius
655 3696 787 3774 Georgii
806 3710 835 3755 et
861 3694 1017 3755 Martinus
1046 3692 1242 3754 Korintheus
1267 3691 1419 3752 vendide-

159 3819 234 3866 runt
259 3804 396 3866 fundum
422 3805 563 3885 ipsorum
591 3802 746 3885 Mychaeli
773 3803 897 3878 sartori,
921 3815 1066 3881 tempore
1091 3799 1166 3860 dicti
1194 3799 1286 3860 Petri.

266 3911 344 3972 ltcm
368 3911 522 3972 Nicolaus
539 3911 642 3971 dictus
667 3907 819 3969 Mindoul
834 3907 1030 3968 condonavit
1052 3905 1188 3966 fundum
1213 3924 1306 3967 suum
1325 3903 1421 3965 simul

158 4037 232 4079 cum
259 4018 351 4079 vinea
377 4037 432 4077 sua
452 4016 653 4096 Margarethe
671 4015 810 4076 consorti
828 4028 858 4074 et
877 4011 1050 4089 Elisabeth,
1068 4025 1213 4093 tempore
1232 4012 1307 4071 dicti
1326 4011 1420 4072 Petri.

264 4143 341 4204 ltem
360 4143 542 4204 Demetrius
566 4141 668 4203 Volelr
686 4140 774 4201 dedit
799 4138 934 4199 fundum
953 4156 1046 4197 suum
1065 4136 1199 4197 domino
1228 4137 1336 4218 Matya
1355 4135 1432 4225 ple-¹

159 4250 244 4309 bano
268 4249 307 4309 de
331 4248 543 4330 Rakytnicha,
568 4263 712 4328 tempore
738 4246 813 4307 dicti
841 4245 935 4305 Petri.

265 4355 342 4416 ltem
368 4356 499 4415 domina
527 4354 647 4414 Anichs
674 4353 737 4414 filia
765 4352 847 4413 Petri
872 4350 987 4429 judicis
1012 4350 1209 4411 condonavit
1234 4348 1421 4431 porcionem

158 4482 250 4523 suam
283 4462 314 4523 in
343 4461 445 4523 fundo
479 4463 651 4523 Martinam
684 4461 926 4540 contingentem
958 4457 1129 4518 Leonardo
1163 4456 1275 4517 sartori
1308 4453 1423 4516 marito

161 4588 233 4648 suo,
256 4583 402 4651 tempore
428 4569 503 4630 dicti
531 4569 623 4630 Petri.

266 4693 343 4755 ltem
382 4691 542 4774 Georgius
578 4691 777 4754 Gochlenich
821 4690 955 4752 venditit
991 4690 1116 4750 vineam
1153 4707 1242 4749 suam
1284 4685 1422 4748 Johanui

161 4797 324 4882 Gyurgelr,
350 4799 487 4861 lohanni
512 4812 543 4861 et
568 4799 668 4860 Paulo
694 4798 786 4859 dictis
811 4797 952 4875 Hudich‚
975 4810 1121 4878 tempore
1146 4795 1221 4856 dicti
1249 4794 1342 4856 Petri.
