3142 5356
526 499 611 553 Anno
634 508 723 571 1505.
749 528 793 539 —
816 492 848 556 8.
872 495 1040 557 scombris.
1360 515 1394 574 ¹5
1402 515 1417 576 3

254 706 334 769 ltem
366 705 519 768 dominus
551 705 742 768 Dominicus
773 705 901 788 (rector)
940 707 1108 789 hospitalis
1143 720 1254 770 contra
1288 708 1416 768 Petrum

152 813 280 899 llychlry
304 814 447 876 secundo
473 804 587 876 citatus
611 832 677 876 non
701 813 891 895 comparuit.
1318 822 1322 829 '

256 920 334 983 Item
359 919 524 982 lohannes
549 921 693 1003 Poaegay
717 933 828 983 contra
852 921 1025 984 Nicolaum
1049 921 1248 1004 Merzloklep
1272 920 1419 984 seeundo

150 1027 263 1090 citatus
286 1046 351 1089 non
377 1026 568 1108 comparuit
592 1062 635 1072 —
660 1026 818 1089 Fecerunt
842 1047 965 1110 pacem.

257 1133 334 1195 lrem
352 1133 516 1196 lohannes
539 1148 628 1196 sutor
645 1149 753 1196 contra
780 1149 811 1197 et
832 1135 985 1197 adversus
1001 1135 1209 1199 Valentinum
1236 1134 1418 1198 carnificem

148 1241 261 1322 primo,
280 1241 393 1306 citatus
416 1260 482 1303 non
508 1240 699 1322 comparuit.

253 1346 334 1408 ltem
359 1347 445 1409 idem
471 1346 635 1410 lohannes
667 1361 777 1409 contra
811 1348 992 1410 Fabianum
1024 1349 1152 1409 Kozecz
1177 1348 1282 1431 primo
1306 1348 1421 1410 citatus

148 1471 213 1514 non
238 1454 429 1536 comparuit

254 1544 361 1622 Causa
386 1560 468 1620 inter
492 1559 636 1621 lwanum
653 1559 814 1621 seniorem
838 1558 979 1640 judicem
1005 1575 1037 1622 et
1062 1546 1240 1642 Georgium
1266 1560 1419 1622 colonum

147 1663 187 1725 de
211 1665 368 1748 Lubyana
387 1665 517 1727 racione
535 1665 674 1726 duorum
701 1666 812 1744 boum,
838 1685 920 1747 quos
944 1667 1011 1749 ipse
1031 1667 1115 1728 lwan
1134 1665 1258 1748 prefato
1276 1666 1420 1748 Georgio

146 1771 187 1832 ad
212 1771 461 1834 custodiendum
480 1771 521 1833 ad
547 1791 664 1854 pascua
682 1772 825 1849 dederat,
851 1792 933 1853 quos
950 1774 1080 1836 tandem
1100 1775 1132 1835 in
1150 1775 1260 1837 ‚noctis
1283 1775 1419 1836 silencio

147 1878 290 1940 latrones
314 1877 354 1939 de
379 1878 466 1943 curia
492 1876 587 1940 iurati
620 1893 705 1955 sunt,
738 1880 793 1940 ubi
818 1879 905 1940 idem
939 1879 1100 1962 Georgius
1132 1881 1222 1959 dixit,
1247 1881 1335 1963 quod
1361 1901 1419 1962 pro

149 1984 240 2046 nullo
265 1985 409 2065 dampno
426 1985 531 2046 eidem
559 1985 666 2047 lirano
684 1986 917 2067 assumpsisset,
935 2000 1047 2050 tamen
1072 1987 1165 2067 jurati
1183 1987 1420 2068 adjudicarunt,

148 2091 236 2172 quod
262 2092 331 2174 ipse
357 2090 518 2173 Georgius
543 2092 602 2174 ipsi
629 2092 736 2153 lwano
761 2092 863 2153 dictos
887 2092 969 2155 duos
986 2094 1087 2155 bores
1109 2093 1235 2156 solvere
1260 2093 1356 2158 debet
1373 2113 1419 2160 ,ex

148 2217 214 2279 quo
239 2199 383 2280 precium
410 2218 552 2280 proquo
578 2214 772 2260 convenerat
801 2199 954 2280 percepit,
979 2213 1010 2261 et
1035 2219 1071 2260 ex
1097 2219 1162 2280 quo
1187 2200 1317 2265 eosdem
1343 2199 1416 2264 dili·

147 2319 259 2385 genter
283 2304 374 2385 sequi
401 2305 575 2381 noluisset;
600 2303 742 2386 prelatus
761 2304 920 2385 Georgius
946 2305 985 2366 de
1010 2305 1130 2386 judicio
1155 2305 1331 2386 juratorum
1358 2305 1417 2367 rni-

149 2411 235 2471 nime
261 2424 432 2472 contentus
456 2411 497 2472 ad
521 2411 664 2473 seniores
689 2412 874 2493 appellavit.
1391 2473 1394 2479 ,

253 2515 360 2579 Causa
388 2517 471 2583 inter
495 2517 665 2579 dominum
695 2518 897 2581 Anthonium
926 2519 1174 2599 prebendarium
1194 2533 1225 2581 et
1250 2518 1417 2585 Matheum

148 2622 443 2686 molendinatorem
469 2625 598 2686 racione
623 2624 790 2686 cuiusdam
816 2626 902 2706 equi,
928 2645 1025 2706 quern
1051 2626 1155 2688 eidem
1182 2626 1314 2689 Matheo
1331 2627 1418 2689 idern

149 2729 304 2791 dominus
320 2729 506 2792 Anthonius
523 2730 562 2791 ad
580 2731 830 2792 custodiendum
848 2731 997 2810 dedisset,
1017 2752 1114 2813 quern
1131 2733 1275 2812 lupusin
1294 2732 1420 2814 pascuis

147 2835 310 2898 interfecit
334 2851 365 2898 et
390 2836 568 2915 devoravit,
585 2837 679 2919 jurati
698 2837 973 2917 adjudicaverunt,
1003 2838 1089 2919 quod
1116 2839 1268 2904 dominus
1295 2838 1417 2901 Antho-

149 2943 221 3005 nius
252 2943 350 3005 debet
381 2943 598 3025 juramentum
631 2959 771 3025 prestare
807 2959 963 3026 quantum
997 2965 1100 3026 equus
1132 2945 1244 3023 valuit,
1280 2944 1420 3029 prelatus

149 3063 257 3112 autem
278 3047 439 3131 Georgius
455 3052 522 3128 (.rr'c)
536 3050 640 3112 eidem
655 3051 779 3112 solvere
794 3050 927 3128 debeat;
945 3052 1000 3113 ubi
1018 3050 1159 3134 prelatus
1177 3052 1328 3113 dominus
1352 3056 1418 3113 An-

148 3156 281 3219 thonius
305 3170 462 3238 quantum
488 3156 527 3218 ad
552 3157 645 3218 illum
669 3157 841 3219 articulum
866 3158 1017 3220 videlicet
1041 3158 1080 3220 de
1105 3159 1315 3241 deposicione
1333 3157 1417 3239 jura·

149 3264 248 3327 menti
274 3280 341 3325 non
366 3275 536 3355 contentus
560 3263 736 3345 appellavit
759 3263 799 3325 ad
824 3264 976 3326 seniores.
1185 3276 1188 3281 ⁴

310 3502 455 3574 Sabbata
486 3514 562 3590 past
589 3502 713 3574 festum
741 3504 831 3574 beati
861 3502 1024 3574 leonardi
1054 3496 1266 3576 contessoris.

655 3653 701 3732 (8.
724 3656 905 3724 aerummis).

257 3797 408 3860 Seniores
439 3797 564 3878 judices
589 3818 716 3859 causam
750 3812 870 3859 motam
905 3799 986 3859 inter
1015 3812 1135 3880 patrem
1162 3799 1363 3861 Anthonium
1389 3813 1419 3860 et

150 3902 334 3985 Georgium
358 3903 521 3965 literatum
549 3918 579 3965 et
604 3925 659 3986 per
677 3904 797 3984 juratos
817 3904 1034 3985 adjudicatam
1051 3906 1158 3968 taliter
1182 3906 1418 3987 adjudicarunt,

149 4010 239 4092 quod
266 4011 335 4092 ipse
361 4008 522 4091 Georgius
547 4029 583 4070 ex
609 4030 675 4091 quo
700 4010 854 4092 (intravit)
888 4012 919 4072 in
945 4011 1080 4073 domum
1112 4032 1202 4074 suam
1228 4012 1362 4074 liberam
1388 4024 1419 4078 et

149 4116 281 4179 civilem
306 4130 338 4178 et
361 4116 483 4178 ibidem
501 4117 657 4198 percussit
674 4115 831 4178 famulum
849 4137 942 4178 suum
962 4132 993 4179 et
1015 4119 1108 4180 traxit
1124 4140 1160 4180 ac
1177 4119 1288 4179 vinum
1307 4117 1419 4181 effudit

147 4242 248 4306 super
279 4235 376 4304 caput
399 4222 468 4284 eius
499 4236 530 4283 et
562 4222 623 4284 hoc
655 4224 888 4304 potencialiter,
913 4223 1051 4286 debebat
1082 4227 1166 4287 eninr
1193 4225 1327 4287 domino
1359 4244 1417 4288 suo

150 4328 268 4407 dicere,
293 4328 349 4389 sed
376 4329 443 4411 ipse
467 4329 647 4391 temeritate
681 4330 810 4412 propria
834 4328 919 4408 iecit,
953 4333 1119 4394 convictus
1144 4347 1190 4394 est
1215 4333 1246 4393 in
1271 4333 1418 4398 libertate

149 4435 269 4497 domus
292 4435 324 4496 in
349 4434 518 4516 potencia,
550 4450 680 4518 propter
712 4451 819 4498 autem
853 4436 1151 4500 inhonestacionem
1188 4439 1287 4520 ipsius
1321 4440 1418 4521 patris

149 4540 308 4604 Anthonii
344 4561 400 4624 per
431 4542 570 4624 plateam
596 4543 739 4604 clamans
770 4543 923 4624 injuriose
957 4557 987 4604 et
1012 4544 1121 4607 dicens
1144 4545 1232 4626 quod
1266 4547 1334 4608 vult
1357 4547 1417 4609 sibi

150 4647 265 4711 ludere
289 4647 524 4711 offendiculum
549 4649 649 4730 vulgo
673 4649 850 4733 zthopycza
876 4665 906 4711 et
923 4651 1018 4728 recia,
1044 4652 1159 4712 atalia
1184 4654 1281 4714 verba
1306 4668 1417 4716 contu·

150 4755 288 4818 meliosa
312 4755 432 4836 objecit
445 4770 540 4838 prout
558 4768 654 4818 testes
671 4757 900 4839 deposuerunt,
918 4757 948 4817 in
968 4756 1028 4818 hoc
1045 4758 1210 4820 convictus
1227 4773 1274 4820 est
1297 4759 1329 4820 in
1343 4759 1417 4820 vivo

138 4862 327 4943 homagio3
350 4860 492 4946 prelatus
510 4876 618 4925 autem
637 4861 797 4943 Georgius
813 4863 956 4923 literatus
973 4882 1037 4924 non
1055 4879 1224 4927 contentus
1241 4865 1279 4926 de
1296 4865 1417 4944 judicio

148 4969 320 5033 seniorum
334 4969 510 5053 appellavit
523 4969 563 5030 ad
577 4971 764 5060 magistrum
782 4968 1053 5038 thavernicorum.
1067 5007 1110 5016 -
1123 4971 1322 5036 Concordati
1333 4987 1421 5037 sunt.
