3156 5364
548 488 634 544 Anno
657 497 748 563 1502.
774 521 817 530 -
833 502 868 565 3.
892 490 1021 567 augusti.
1363 508 1417 568 141

259 698 385 760 Eodem
410 699 462 760 die
479 699 612 780 quidam
627 700 795 760 Emericus
811 698 984 778 laborator,
1007 700 1062 780 qui
1088 713 1155 763 erat
1171 715 1281 782 captus
1305 715 1336 764 et
1352 715 1421 764 tan·

159 802 232 865 dem
257 802 415 884 judicium
440 824 498 886 pro
523 805 638 866 eodem
674 818 720 867 est
751 804 896 866 habitum
921 825 979 888 pro
1011 805 1154 887 quodam
1180 805 1345 870 furticinio
1369 828 1426 890 per

155 909 253 991 ipsius
278 930 411 972 uxorem
438 910 595 990 habitum,
621 911 745 972 domini
759 910 853 991 jurati
877 910 1112 992 adjudicarunt,
1137 912 1225 994 quod
1250 914 1276 974 si
1301 912 1423 996 prefata

155 1035 235 1078 uxor
257 1037 315 1079 sua
347 1019 422 1100 quia
455 1019 660 1080 commiserat
690 1016 849 1100 prefatum
872 1017 1081 1097 iurticinium,
1112 1020 1138 1080 si
1171 1039 1236 1082 non
1261 1021 1424 1100 evasisset,

157 1137 272 1185 extunc
298 1124 384 1186 idem
409 1125 573 1186 debuisset
597 1125 756 1186 auriculas
788 1125 932 1186 amittere
957 1125 1054 1187 simul
1079 1145 1152 1188 cum
1177 1125 1301 1209 prefato
1326 1127 1422 1190 Eme-

156 1229 222 1290 rico
247 1230 316 1291 viro
340 1250 418 1308 suo;
443 1231 573 1293 tandem
592 1230 716 1292 domini
743 1251 780 1292 ex
796 1231 902 1310 gracia
920 1231 1064 1313 ipsorum
1088 1233 1244 1294 miserunt
1261 1230 1419 1315 prefatum

159 1337 341 1400 Emericum
366 1358 425 1420 pro
450 1337 575 1421 prelato
600 1336 710 1420 (furto)
727 1337 878 1417 liberum,
902 1339 927 1398 si
953 1339 992 1399 de
1017 1352 1124 1401 cetero
1142 1340 1209 1422 ipse
1234 1340 1267 1401 in
1290 1340 1346 1402 tali
1364 1340 1424 1402 cri-

159 1444 245 1506 mine
271 1445 458 1528 reperietur,
482 1458 600 1507 extunc
623 1444 729 1506 eidem
754 1443 886 1506 debebit
908 1443 1033 1525 justicia
1054 1465 1111 1506 sua
1135 1446 1307 1508 ministrari
1332 1445 1425 1508 sicuti

154 1552 274 1614 talibus
298 1553 404 1615 debet.

214 1789 310 1864 leria
339 1800 465 1882 quarta
493 1794 648 1881 proxima
677 1797 755 1863 ante
783 1790 907 1862 festum
935 1789 1032 1862 beate
1060 1789 1165 1862 uarie
1193 1791 1233 1862 de
1263 1789 1352 1863 Nive.

683 1946 727 2021 (3.
751 1943 894 2020 augusta).

261 2085 413 2147 Seniores
429 2083 551 2166 judices
568 2083 663 2145 huius
680 2084 816 2145 civitatis
840 2103 968 2144 causam
986 2084 1074 2166 prius
1091 2104 1147 2165 per
1164 2083 1283 2164 juratos
1300 2098 1422 2146 motam

156 2192 235 2253 iuter
261 2190 454 2253 Michaelem
472 2189 671 2252 aurifabrum
695 2204 727 2252 et
744 2191 916 2251 Nicolaum
935 2190 1138 2251 Soldinarich
1160 2191 1288 2252 racione
1306 2205 1337 2251 et
1353 2210 1423 2272 pre·

154 2311 239 2360 textu
265 2297 433 2359 cuiusdam
459 2297 619 2358 latrocinii
644 2316 700 2379 per
716 2294 873 2378 prefatum
896 2295 1067 2357 Nicolaum
1085 2316 1158 2357 cum
1183 2316 1281 2358 uxore
1307 2294 1420 2378 prefati

154 2404 319 2466 Michaelis
343 2407 531 2485 perpetrati,
555 2403 699 2464 seniores
723 2403 845 2483 judices
873 2403 978 2464 taliter
1011 2402 1247 2482 adjudicarunt,
1272 2403 1360 2485 quod
1386 2423 1422 2464 ex

153 2530 215 2592 quo
234 2512 302 2592 ipsa
328 2510 444 2571 mulier
458 2510 607 2571 benivole
622 2510 660 2570 ad
679 2510 818 2570 eundem
834 2509 1004 2570 Nicolaum
1020 2509 1222 2571 Soldinarich
1238 2510 1270 2571 in
1288 2509 1422 2572 domum

152 2636 239 2678 suam
266 2616 407 2695 intravit,
432 2629 527 2698 prout
560 2617 627 2698 ipsa
652 2615 720 2676 sola
751 2612 833 2677 fassa
866 2629 922 2693 est,
948 2629 978 2675 et
1011 2615 1041 2675 in
1068 2616 1250 2677 reversione
1276 2616 1421 2676 eiusdem

155 2724 299 2785 mulieris
322 2723 362 2784 ad
389 2723 522 2784 domum
547 2743 637 2783 suam
664 2736 694 2783 et
718 2722 795 2782 dum
829 2722 966 2782 venisset
994 2741 1050 2803 per
1074 2721 1225 2799 hostium,
1250 2736 1326 2783 tunc
1350 2741 1420 2803 pre·

154 2827 236 2891 latus
262 2829 400 2890 Michael
418 2849 516 2911 penes
533 2829 674 2890 hostium
700 2848 793 2890 suum
811 2828 950 2908 vigilans
974 2832 1013 2889 ab
1040 2829 1120 2889 intra
1146 2829 1258 2889 volens
1283 2829 1418 2890 eandem

155 2937 292 3018 arripere
308 2935 487 3017 fugitivam,
505 2949 582 2996 tunc
599 2935 752 2996 Nicolaus
770 2935 891 2995 ibidem
910 2934 1089 3015 prestolans
1103 2935 1207 3016 ipsum
1225 2935 1417 2995 Michaelem

156 3041 185 3102 in
210 3056 301 3124 porta
327 3043 444 3103 domus
468 3062 523 3103 sue
549 3042 730 3103 vulneravit
761 3055 792 3102 et
820 3041 921 3101 eciam
955 3055 1040 3100 extra
1065 3041 1199 3101 domum
1232 3060 1321 3101 suam
1348 3040 1418 3122 plu·

155 3147 239 3209 ribus
264 3148 452 3209 vulneribus
477 3147 582 3209 affecit
607 3148 709 3208 noctis
733 3148 766 3208 in
791 3147 937 3224 silencio,
955 3163 1151 3228 quapropter
1176 3147 1261 3207 idem
1281 3146 1418 3208 Michael

155 3255 259 3315 statim
293 3255 483 3332 lucescente,
517 3253 656 3314 eundem
687 3254 791 3334 capite
824 3273 883 3313 suo
917 3252 991 3313 fecit
1023 3272 1079 3332 per
1108 3252 1249 3332 judicem
1285 3252 1420 3313 detineri

154 3360 247 3421 simul
272 3380 346 3422 curn
373 3379 470 3420 uxore
499 3380 567 3438 aua,
599 3374 711 3440 petens
743 3359 802 3419 sibi
837 3378 894 3440 pro
920 3359 975 3420 tali
1002 3359 1171 3419 latrocinio
1203 3358 1252 3438 jus
1284 3358 1420 3419 admini-

154 3469 254 3546 strari,
278 3467 389 3548 sicque
415 3466 491 3548 ipsis
508 3466 667 3527 ambobus
692 3466 829 3527 detentis
847 3485 903 3546 per
920 3485 1112 3526 consensum
1130 3466 1230 3547 ipsius
1255 3466 1421 3526 Michaelis

154 3573 272 3654 prelata
308 3573 425 3635 mulier
464 3593 520 3634 sua
546 3593 602 3655 per
634 3571 838 3633 fideiussores
862 3571 921 3633 fuit
954 3572 1115 3633 extradara
1148 3585 1179 3633 et
1203 3572 1344 3650 dimissa,
1369 3572 1420 3632 cui

155 3678 292 3760 prelatus
317 3679 456 3741 Michael
481 3679 522 3740 ad
547 3679 741 3761 peticionem
761 3679 995 3739 nonnullorum
1021 3679 1190 3739 hominum
1216 3679 1321 3740 eidem
1347 3677 1422 3738 lecit

155 3787 406 3848 misericordiam
432 3800 463 3848 et
487 3785 623 3846 eandem
650 3786 764 3846 iterum
790 3787 830 3845 ad
855 3805 888 3845 se
910 3786 1128 3867 reassumpsit,
1152 3805 1262 3846 verum
1288 3785 1419 3867 quidem

155 3893 239 3973 quod
264 3895 288 3954 si
322 3891 465 3976 prelatus
497 3892 637 3954 Michael
670 3893 845 3954 vindictam
878 3893 918 3954 de
950 3894 1108 3954 ambobus
1139 3893 1278 3974 petisset,
1304 3907 1419 3953 extunc

154 4002 248 4061 ambo
272 4000 376 4082 capite
402 4000 582 4081 plectentur
606 3999 691 4080 juxta
710 3999 977 4060 consuetudinem
995 4013 1025 4060 et
1042 4019 1153 4060 verum
1171 3999 1326 4079 judicium
1344 4000 1419 4059 civi·

154 4107 235 4184 tatis,
259 4106 314 4167 sed
340 4126 377 4167 ex
403 4126 469 4187 quo
494 4120 654 4188 pretactus
679 4105 818 4166 Michael
853 4106 942 4166 uxori
968 4125 1024 4165 sue
1057 4106 1309 4166 misericordiam
1335 4102 1420 4181 fecit,

156 4211 225 4274 ideo
250 4227 281 4274 et
305 4213 372 4295 ipse
398 4212 551 4273 Nicolaus
576 4231 640 4272 non
667 4225 805 4273 meretur
828 4226 923 4292 caput
947 4212 1048 4272 amitti
1076 4226 1206 4293 propter
1231 4211 1418 4272 benivolum

154 4317 317 4380 introitum
342 4334 372 4380 et
398 4339 590 4380 consensum
609 4319 716 4379 uxoris
740 4339 814 4394 sue;
838 4319 893 4379 sed
912 4333 1042 4399 propter
1067 4314 1188 4398 prefata
1213 4319 1345 4378 vulnera
1365 4337 1420 4398 per

155 4424 256 4506 ipsum
289 4426 460 4487 Nicolaum
491 4425 523 4485 in
557 4425 661 4503 ipsum
695 4425 887 4485 Michaelem
914 4424 994 4485 lacta
1028 4440 1182 4484 nocturne
1208 4425 1294 4484 etin
1320 4424 1419 4484 domo

153 4551 204 4593 aua
239 4533 350 4609 libera,
385 4533 459 4593 ideo
483 4531 625 4614 prelatus
658 4532 811 4591 Nicolaus
843 4531 1047 4591 Soldinarich
1085 4547 1193 4591 contra
1228 4530 1418 4590 Michaelem

154 4640 317 4700 convictus
341 4654 372 4701 et
397 4639 556 4720 judicatus
580 4637 661 4698 foret
686 4638 716 4697 in
743 4638 978 4718 quinquaginta
1005 4637 1119 4696 marcis
1143 4637 1333 4714 solidorum,
1359 4636 1419 4696 hoc

154 4761 195 4808 est
219 4747 249 4806 in
276 4761 403 4806 centum
430 4744 498 4808 flor.
524 4759 655 4826 propter
680 4745 880 4804 invasionem
906 4744 1004 4803 libere
1031 4743 1147 4802 domus
1170 4763 1225 4802 sue
1252 4757 1281 4801 et
1308 4743 1418 4803 vulne-

154 4852 289 4914 racionia
312 4871 381 4928 sue,
406 4852 444 4912 ad
471 4851 632 4912 civitatem
658 4870 734 4911 vero
760 4849 872 4910 decem
890 4869 1012 4909 marcas
1030 4849 1200 4929 persolvat.
1227 4849 1330 4907 Ambe
1349 4867 1417 4928 pre-

154 4955 213 5020 lare
237 4972 343 5042 partes
367 4978 440 5020 cum
465 4957 588 5040 prelato
614 4957 735 5036 judicio
756 4957 918 5017 seniorum
945 4956 1089 5035 judicum
1113 4969 1189 5017 sunt
1214 4967 1382 5018 contente.
