3142 5356
615 354 701 410 Anno
724 350 815 427 1436.
1284 369 1344 429 293

79 564 216 640 dendas,
246 564 384 644 ideoque
402 562 543 643 predicte
569 563 715 623 universe
744 562 961 643 possessiones
985 575 1015 621 et
1031 560 1200 642 porciones
1224 580 1345 642 posses·

78 669 223 730 sionarie
249 669 349 751 ipsius
374 667 527 748 Stephani
555 667 648 748 jurati
674 667 823 729 videlicet
848 680 982 747 utraque
1001 666 1116 727 domus
1140 680 1204 727 tarn
1223 680 1345 727 murata

79 793 178 856 quam
196 774 315 855 lignea,
332 793 429 835 unam
448 774 605 856 integram
630 775 751 836 curiam
769 774 801 835 in
818 794 851 835 se
874 774 1052 853 continens,
1076 793 1111 834 ac
1128 774 1236 836 totalis
1253 774 1346 835 vinea

79 881 177 942 simul
209 901 282 942 cum
308 881 398 960 silva,
431 881 567 960 lroucha,
596 881 692 943 doliis
726 895 756 942 et
787 881 1001 943 torcularibus
1024 901 1059 942 ac
1091 894 1173 943 terre
1199 881 1346 942 universe

79 987 228 1065 arabiles,
253 1006 311 1047 nec
336 1006 402 1048 non
428 986 563 1069 (hlortus
581 987 691 1048 totalis
714 1006 787 1048 cum
805 987 943 1065 stabulo,
968 1007 1003 1048 ac
1021 984 1100 1048 silva
1123 986 1231 1048 totalis
1247 987 1346 1069 ipsius

81 1092 237 1174 Stephani
261 1092 355 1173 jurati
380 1093 413 1153 in
438 1093 604 1154 montibus
628 1107 659 1155 et
683 1112 799 1174 campo
831 1111 867 1153 ec
891 1093 1054 1154 territorio
1079 1092 1215 1155 civitatis
1239 1093 1345 1154 habite

80 1212 113 1260 et
136 1200 317 1278 existentes,
341 1219 413 1261 cum
439 1199 591 1260 omnibus
615 1199 680 1260 suis
699 1198 892 1261 utilitatibus
909 1213 939 1260 et
962 1198 1168 1280 pertinenciis
1191 1199 1347 1260 universis

81 1318 259 1367 memorate
290 1305 404 1366 Vrsule
437 1305 564 1366 mulieri
589 1319 663 1367 sunt
696 1305 796 1367 literis
830 1305 923 1366 novis
947 1303 1202 1387 privilegialibus
1232 1303 1345 1367 confir·

82 1425 169 1472 mate
194 1425 351 1494 perpetuo
375 1411 570 1494 possidende
595 1425 626 1473 et
650 1412 959 1493 quomodocumque
984 1412 1122 1473 voluerit
1146 1412 1346 1494 disponende

80 1517 168 1598 juxta
194 1517 421 1579 condicionem
446 1517 592 1579 civitatis.

189 1625 267 1686 ltem
292 1625 424 1706 quidam
451 1623 587 1705 (h)ortus
619 1643 675 1685 seu
710 1623 828 1685 lundus
853 1625 885 1686 in
909 1625 1070 1686 territorio
1102 1625 1237 1686 civitatis
1259 1637 1346 1686 extra

81 1733 208 1794 Novam
233 1747 358 1815 portam
383 1732 528 1793 eiusdem
554 1732 701 1812 civitatis,
726 1733 808 1794 inter
825 1733 960 1816 (hlortos
984 1733 1118 1794 Fabiani
1136 1732 1229 1814 jurati
1246 1733 1345 1794 nostri

80 1839 230 1900 moderni
254 1836 312 1900 filii
341 1837 507 1917 lobannis,
525 1852 556 1900 et
573 1839 726 1900 Demetrii
751 1837 856 1901 fratris
873 1840 922 1901 sui
940 1838 1085 1919 carnalis,
1110 1840 1149 1900 ab
1167 1859 1240 1918 una,
1257 1851 1345 1920 parte

81 1947 122 2006 ab
147 1946 247 2007 altera
272 1965 349 2006 vero
374 1945 458 2006 Petri
482 1944 597 2025 judicis
620 1943 678 2006 filii
704 1945 805 2024 Pauli,
834 1947 971 2028 desuper
994 1966 1011 2007 a
1035 1946 1087 2006 via
1111 1944 1277 2006 communi
1315 1957 1346 2007 et

81 2050 165 2113 infra
190 2071 291 2132 usque
316 2051 456 2112 rivulum
481 2070 513 2111 se
539 2051 724 2130 extendens,
743 2071 840 2112 unam
865 2066 1010 2133 quartam
1036 2052 1121 2114 curie
1139 2050 1171 2111 in
1195 2070 1228 2111 se
1245 2050 1345 2112 conti·

85 2179 177 2237 nens,
201 2178 257 2239 per
281 2157 507 2219 vendicionem
532 2157 730 2219 daciatorum
756 2172 938 2219 nostrorum
967 2158 1188 2219 communium
1205 2169 1235 2219 et
1253 2155 1345 2241 Gyan

82 2262 231 2347 pellificis
255 2264 314 2346 ipsi
339 2264 483 2325 Fabiano
507 2263 611 2345 jurato
636 2277 683 2325 est
706 2264 806 2325 literis
838 2264 931 2326 novis
953 2263 1208 2346 privilegialibus
1231 2261 1346 2324 confir-

82 2384 187 2431 matus
211 2384 367 2452 perpetuo
391 2370 615 2452 possidendus.

189 2476 266 2538 ltem
292 2476 447 2539 discretus
478 2478 526 2537 vir
560 2477 712 2538 dominus
744 2476 913 2538 Ladislaus
938 2477 1092 2559 presbiter
1127 2477 1282 2559 plebanus
1306 2476 1345 2537 de

82 2583 241 2662 Zanabor,
266 2581 473 2645 medietatem
498 2583 664 2644 cuiusdam
690 2584 807 2645 domus
830 2603 886 2644 sue
910 2597 941 2645 et
964 2581 1056 2644 fundi
1080 2603 1116 2644 ac
1140 2583 1248 2645 celarii
1271 2583 1345 2643 sub·

82 2690 220 2751 terranei
244 2708 302 2750 nec
327 2708 392 2751 non
424 2687 648 2751 hedificiorum
679 2691 711 2750 in
745 2690 872 2753 civitate
896 2689 1039 2772 predicta
1069 2691 1152 2751 inter
1176 2689 1291 2751 domos
1315 2703 1346 2750 et

82 2794 201 2857 fundos
224 2795 400 2858 liberorum
433 2795 572 2857 condam
605 2795 737 2878 Georgii
772 2797 978 2879 Pecbatbnyk
1009 2811 1040 2858 et
1064 2796 1233 2858 Laurencii
1257 2795 1345 2857 insti·

82 2903 162 2965 toris
185 2902 304 2979 habite,
328 2922 427 2964 unam
451 2902 601 2965 videlicet
633 2919 779 2984 quartam
805 2904 891 2965 curie
923 2903 955 2964 in
980 2924 1012 2964 se
1037 2903 1266 2980 continentem,
1291 2902 1343 2963 lo·

82 3009 181 3070 hanni
213 3007 281 3070 filio
306 3008 434 3070 Thome
467 3009 506 3070 de
531 3009 670 3072 lwanich
703 3029 738 3071 ac
770 3030 826 3092 per
857 3028 931 3071 eum
956 3009 1057 3071 Elene
1094 3007 1158 3070 filie
1183 3008 1344 3071 Valentini

83 3115 226 3178 consorti
250 3134 306 3177 sue
330 3115 498 3197 legittime,
523 3117 617 3177 novis
633 3116 749 3177 nostris
771 3116 967 3194 concivibus,
992 3135 1028 3176 ac
1045 3134 1101 3198 per
1123 3134 1178 3176 eos
1201 3115 1343 3197 ipsorum

82 3221 255 3283 heredibus
279 3221 413 3284 donavit
435 3237 591 3304 perpetuo
615 3222 855 3304 possidendam.

187 3328 265 3389 ltem
291 3328 391 3391 Elena
417 3329 533 3391 mulier
555 3328 622 3390 filia
646 3329 742 3390 Blasii
779 3328 887 3390 relicta
913 3327 1050 3389 condam
1075 3325 1231 3388 Anthonii
1268 3347 1344 3389 con·

79 3435 158 3497 civis
182 3435 261 3496 olim
286 3437 385 3497 nostri
408 3435 465 3498 lilii
490 3437 574 3498 Petri
601 3436 678 3498 dicti
712 3434 897 3513 Wlkanich,
926 3454 1010 3496 nunc
1034 3453 1165 3495 consors
1187 3435 1344 3516 legittima

80 3541 238 3603 lobannis
262 3541 376 3604 Croaci
402 3543 566 3621 institoris,
590 3543 732 3605 concivis
756 3542 867 3620 nostri,
892 3555 999 3603 nostra
1023 3542 1169 3603 similiter
1193 3542 1344 3621 concivis,

80 3647 245 3729 quandam
270 3649 456 3730 porcionem
477 3650 635 3710 minorem
660 3649 827 3710 cuiusdam
852 3649 945 3710 vinee
962 3669 1018 3710 sue
1035 3649 1067 3709 in
1091 3650 1252 3711 territorio
1268 3648 1343 3711 civi·

80 3756 153 3817 tatis
176 3755 318 3836 predicte
343 3756 425 3817 inter
454 3756 564 3818 vineas
595 3757 772 3817 liberorum
797 3775 853 3815 seu
884 3774 1102 3816 successorum
1127 3755 1263 3817 condam
1288 3757 1343 3816 Ni-

80 3861 162 3922 colai
188 3860 264 3922 dicti
290 3860 451 3922 Werchek
475 3860 533 3922 filii
551 3861 717 3939 lobannis,
742 3863 782 3922 ab
809 3881 881 3939 una,
906 3874 995 3942 parte
1011 3863 1051 3922 ab
1068 3861 1166 3923 altera
1190 3880 1266 3922 vero
1284 3861 1343 3922 viri

81 3967 208 4051 providi
234 3967 364 4052 Mathye
390 3968 465 4030 dicti
491 3967 634 4047 Philech,
666 3981 850 4029 nostrorum
875 3969 1068 4046 concivium,
1094 3968 1200 4030 habite
1225 3983 1255 4030 et
1279 3969 1342 4030 eri·

82 4075 205 4151 stentis,
239 4074 377 4156 desuper
408 4075 499 4135 avia
529 4076 704 4153 communi,
737 4073 818 4135 inira
844 4094 943 4155 usque
975 4075 1127 4152 rivulum,
1151 4075 1247 4135 simul
1270 4094 1342 4136 cum

82 4181 224 4262 virgulto
249 4180 354 4241 eidem
380 4182 472 4243 vinee
497 4181 674 4261 subjacenti
709 4202 742 4242 se
776 4181 986 4257 extendentis,
1010 4181 1196 4262 porcionem
1222 4181 1344 4243 scilicet

83 4287 176 4348 vinee
201 4306 257 4348 sue
282 4287 451 4367 minorem,
476 4309 494 4349 a
518 4288 602 4349 dicta
626 4289 717 4348 vinea
743 4289 886 4369 ipsorum
915 4287 1089 4351 liberorum
1117 4287 1193 4348 dicti
1218 4288 1341 4349 Nicolai

83 4393 247 4454 Werchek
279 4413 335 4475 per
359 4409 475 4456 metam
509 4397 540 4456 in
575 4396 665 4456 litera
696 4393 889 4476 privilegiali
913 4406 1061 4455 contenta
1085 4394 1177 4454 sitam
1202 4407 1233 4455 et
1256 4392 1342 4474 adja-

84 4513 221 4577 centem,
247 4499 412 4561 Demetrio
437 4501 573 4562 institori
606 4499 672 4562 filio
697 4500 852 4561 lobannis
876 4519 933 4580 pro
967 4499 1080 4579 viginti
1105 4500 1247 4581 quinque
1272 4498 1341 4562 flor.

82 4606 152 4668 auri
177 4607 323 4667 vendidit
345 4621 501 4688 perpetuo
525 4606 761 4688 possidendam.

191 4712 267 4774 ltem
293 4714 432 4794 quedam
458 4714 550 4773 vinea
575 4713 671 4774 Blasii
697 4713 828 4773 cultoris
851 4710 908 4772 filii
935 4712 1043 4791 Marci,
1067 4713 1208 4773 concivis
1232 4713 1342 4791 nostri,

83 4821 186 4883 libera
210 4835 241 4883 et
265 4821 303 4882 ab
321 4821 410 4882 omni
435 4840 532 4883 censu
550 4834 579 4883 et
599 4819 789 4883 condicione
807 4820 935 4903 penitus
952 4835 1109 4903 exempta,
1134 4820 1165 4880 in
1184 4820 1341 4883 territorio
