3142 5356
566 118 653 174 Anno
676 129 764 191 1522.
789 151 830 161 -
849 132 884 194 3.
901 119 993 193 simii.

570 327 682 389 Petrus
704 348 803 408 gener
828 329 997 412 chhyak.

568 432 744 515 Gregorius
769 435 970 519 Kranchych.

573 540 770 601 Laurencius
794 556 893 603 sutor.

572 646 682 707 Petrus
706 644 804 709 faber.

569 750 758 813 Valentinus
783 753 934 833 agricola.
1010 742 1017 753 ’

571 856 752 938 Stephanus
776 872 874 922 sutor.

570 962 781 1028 Colomanus.

572 1069 732 1150 Georgius
756 1068 855 1134 faber.

569 1177 728 1258 Georgius
752 1198 851 1258 gener
876 1182 1059 1262 Augustini.

570 1284 724 1345 Nicolaus
747 1300 846 1348 sutor.

568 1389 723 1451 Nicolaus
747 1391 920 1474 Thyslyar.

569 1495 715 1557 Andreas
738 1511 838 1559 sutor.

571 1602 707 1664 Mathias
732 1603 912 1668 Thurcbin.

568 1709 759 1770 Ambrosius
783 1711 934 1791 agricola.

422 1964 518 2037 Faria
546 1978 646 2038 sexta
674 1975 752 2037 ante
780 1959 980 2039 dominicam
1008 1966 1136 2039 Lctarc.

674 2115 743 2197 (28.
763 2117 888 2200 martti).

254 2259 349 2321 Clara
373 2259 451 2320 alias
475 2278 551 2320 coca
575 2258 698 2320 domini
726 2258 855 2341 plebani
880 2259 920 2320 ad
953 2260 1143 2322 instanciam
1170 2261 1337 2325 Dorothee
1363 2284 1410 2326 re·

147 2366 220 2426 licte
244 2364 381 2426 condam
407 2365 527 2427 Mathie
554 2366 682 2426 Mosnar
706 2365 811 2447 primo
836 2365 930 2428 citata
955 2386 1020 2428 non
1046 2368 1236 2450 comparuit.

254 2469 378 2532 Eodem
402 2470 454 2532 die
472 2471 573 2541 Elena
590 2491 670 2532 uxor
687 2471 850 2532 Valentini
867 2473 995 2533 sartoris
1013 2472 1053 2533 ad
1071 2473 1260 2536 instanciam
1279 2472 1415 2557 Georgii

146 2577 256 2658 generi
281 2577 420 2639 Barbare
444 2577 549 2659 primo
574 2578 667 2638 citata
693 2597 757 2639 non
783 2578 972 2659 comparuit.

404 2795 499 2869 Faria
528 2807 624 2870 sexta
653 2806 731 2869 ante
760 2799 883 2869 festum
911 2798 1036 2870 Vrbani
1066 2820 1160 2890 pape.

688 2947 754 3028 (23.
778 2950 876 3029 mari).

255 3090 412 3152 Martinus
436 3104 523 3151 sutor
545 3110 644 3171 gener
676 3091 813 3153 condam
846 3091 953 3152 Tesak
979 3091 1091 3152 citatus
1124 3091 1268 3153 secundo
1293 3092 1334 3153 ad
1371 3095 1418 3156 in·

154 3197 308 3257 stanciam
333 3195 464 3276 Georgii
490 3194 545 3256 filii
577 3196 720 3258 eiusdem
754 3197 860 3257 Tesak
893 3217 958 3258 non
984 3197 1175 3278 comparuit,
1206 3196 1247 3257 ad
1273 3199 1417 3279 primum

152 3302 306 3384 judicium
332 3302 496 3363 debebunt
524 3303 701 3383 producere
726 3317 831 3365 testes.

258 3425 383 3487 Eodem
408 3427 458 3486 die
484 3447 576 3487 causa
601 3426 682 3487 inter
708 3426 907 3509 Stephanum
932 3424 1130 3487 aurifabrum
1155 3440 1185 3487 et
1210 3426 1416 3490 ieronimum

151 3547 390 3616 procuratorem
416 3548 502 3593 mota
527 3546 573 3594 est
605 3553 641 3593 ac
667 3533 706 3594 ad
738 3533 877 3615 primum
911 3532 1066 3612 judicium
1093 3533 1132 3593 ad
1165 3532 1416 3615 producendum

149 3654 244 3700 testes
268 3639 376 3701 dilata.

350 3856 445 3929 Feria
474 3852 582 3930 tercia
610 3868 686 3948 post
715 3861 836 3930 festum
867 3857 1034 3929 Nicodemi
1062 3858 1228 3930 martiris.

700 4025 740 4090 (3.
757 4013 864 4088 junii).

260 4151 364 4213 Causa
390 4152 471 4212 inter
495 4153 694 4215 ieronimum
727 4153 892 4213 doctorem
919 4173 954 4214 ac
987 4153 1166 4235 Gasparum
1194 4154 1336 4216 Pastoris
1369 4178 1414 4218 ra·

154 4260 248 4320 cione
273 4257 438 4319 cuiusdam
464 4259 675 4339 obligationis
700 4278 796 4340 quarn
823 4258 939 4321 iecerat
963 4261 1048 4322 idem
1075 4259 1199 4342 Gaspar
1223 4280 1323 4323 manu
1343 4283 1412 4345 pro·

154 4366 222 4447 pria
248 4378 400 4426 annotato
426 4363 548 4426 doctori
573 4385 631 4445 pro
664 4381 791 4426 centurn
818 4380 848 4426 et
876 4367 987 4446 viginti
1022 4367 1102 4443 flor.‚
1127 4386 1209 4446 quos
1241 4368 1320 4431 olirn
1347 4372 1411 4453 ipse

153 4473 266 4533 doctor
291 4471 416 4532 Aluisio
434 4471 473 4530 de
491 4470 639 4531 Kathano
664 4486 843 4547 mutuarat;
865 4474 981 4533 auditis
1007 4474 1114 4554 itaque
1133 4474 1412 4558 utriusquepartis

152 4578 433 4662 proposicionibus
458 4591 488 4641 et
508 4578 678 4662 responsis,
697 4580 851 4662 producta
877 4580 976 4642 eciam
996 4580 1079 4643 dicta
1097 4579 1303 4663 obligacione
1319 4604 1409 4667 spon·
