3142 5356
149 319 212 382 ²34
682 302 768 359 Anno
791 315 881 378 1432.

255 514 333 575 Item
358 513 497 594 quedam
523 513 639 574 domus
656 513 751 573 simul
776 531 849 573 cum
874 508 976 573 fundo
1000 525 1032 574 et
1048 511 1205 574 hedificiis
1229 513 1262 573 in
1288 512 1415 574 civitate

149 620 291 703 predicta
315 621 397 682 inter
429 620 544 681 domos
577 634 608 682 ct
640 618 757 681 fundos
782 619 878 680 Blasii
914 618 1171 681 Prethachevvich
1197 633 1228 681 et
1261 619 1415 702 Stephani

150 727 375 810 Ochthowych
400 742 431 789 et
455 727 630 788 liberorum
655 725 752 787 Blasii
778 724 950 807 Guschych
980 724 1097 803 habita,
1122 725 1264 787 mediam
1294 725 1416 787 curiam

148 835 179 895 in
205 854 237 895 se
263 834 442 911 continens,
467 853 523 914 per
551 833 758 894 Valentinum
792 845 948 893 sartorem
972 830 1076 893 filium
1101 830 1233 913 Georgii
1267 845 1315 893 est
1339 851 1416 892 ven·

149 941 214 1003 dita
239 955 270 1003 et
294 939 537 1022 privilegialiter
568 941 628 1000 sub
662 937 815 1020 pendenti
839 937 947 1018 sigillo
979 951 1167 1019 perpetuata
1192 936 1322 998 Andree
1348 935 1416 999 filio

150 1044 236 1108 Galli
261 1059 292 1107 et
323 1065 379 1126 per
411 1064 485 1105 eum
517 1045 582 1106 suis
618 1044 790 1106 heredibus
822 1043 1017 1124 possidenda
1051 1057 1081 1104 ct
1105 1043 1418 1126 quomodocumque

148 1152 287 1213 voluerit
311 1151 524 1233 disponenda.

255 1258 332 1319 ltem
359 1257 498 1339 quedam
524 1257 640 1318 domus
672 1256 777 1318 medie
808 1257 894 1317 curie
926 1257 1023 1318 simul
1047 1276 1119 1318 cum
1145 1255 1248 1318 fundo
1273 1271 1305 1318 ct
1327 1256 1417 1318 hedi·

148 1362 227 1425 ficiis
252 1365 283 1424 in
309 1365 436 1425 civitate
461 1364 603 1444 predicta
637 1363 717 1424 inter
750 1361 868 1424 fundos
893 1363 1007 1424 Briccii
1042 1362 1157 1442 judicis
1181 1377 1212 1425 et
1236 1363 1417 1424 liberorum

148 1470 257 1531 relicte
275 1470 412 1532 condam
431 1469 556 1531 Nicolai
575 1468 833 1551 Lippowschyak
857 1485 887 1530 et
917 1469 1051 1531 domum
1071 1470 1209 1531 Emerici
1227 1469 1417 1552 Renethych

149 1575 267 1654 habita,
301 1597 372 1637 cum
398 1577 463 1637 suis
496 1576 701 1658 pertinenciis
734 1576 922 1637 Sebastiano
955 1576 1041 1637 dicto
1074 1577 1199 1658 Ztoylro
1232 1575 1301 1638 filio
1328 1577 1417 1638 Luce

148 1682 306 1763 Agathich
332 1698 377 1743 est
403 1682 645 1763 privilegialiter
669 1684 728 1743 sub
753 1682 905 1763 pendenti
931 1683 1039 1763 sigillo
1064 1698 1263 1765 perpetuata.

256 1789 331 1849 ltem
357 1789 441 1849 idem
463 1789 668 1849 Sebastianus
685 1789 808 1872 Ztoylto
830 1789 1034 1850 medietatem
1061 1790 1203 1871 predicte
1221 1791 1340 1852 domus
1358 1811 1415 1853 sue

148 1908 178 1955 et
196 1893 286 1955 fundi
304 1915 338 1955 ac
364 1893 598 1972 hedificiorum‚
624 1915 720 1955 unam
744 1895 893 1956 videlicet
909 1910 1055 1976 quartam
1080 1897 1166 1957 curie
1184 1898 1417 1960 tantummodo

149 2001 180 2061 in
199 2020 231 2061 se
245 2002 475 2078 continentem,
491 2000 691 2080 Margaretbe
708 2021 763 2061 sue
778 2002 917 2062 consorti
935 2002 1091 2082 legittime
1108 2003 1242 2064 donavit
1259 2019 1417 2085 perpetuo

149 2106 395 2186 possidendam3
420 2121 451 2168 et
475 2107 570 2167 aliam
589 2107 794 2168 medietatem
820 2107 964 2169 eiusdem
990 2108 1107 2169 domus
1124 2128 1180 2169 sue
1206 2124 1236 2170 et
1262 2107 1354 2170 fundi
1381 2130 1417 2171 ac

149 2211 382 2289 hedificiorum
410 2213 505 2273 aliam
531 2213 679 2274 similiter
703 2229 849 2294 quartam
873 2215 958 2275 curie
984 2215 1015 2274 in
1052 2235 1085 2275 se
1111 2215 1331 2277 continentem
1359 2236 1417 2299 pro

148 2339 180 2379 se
208 2318 313 2379 adhuc
339 2319 511 2380 reservavit
540 2318 778 2400 possidendam.

255 2425 331 2486 ltem
358 2426 491 2506 quidam
518 2425 636 2485 fundus
660 2445 779 2486 vacuus
803 2439 833 2487 et
854 2424 1010 2486 hedificiis
1032 2428 1161 2508 penitus
1185 2428 1359 2489 destitutus
1385 2429 1416 2488 in

149 2531 276 2592 civitate
309 2532 451 2613 predicta
486 2532 567 2592 inter
600 2531 733 2592 domum
767 2545 923 2592 muratam
957 2547 987 2592 et
1020 2530 1156 2593 fundum
1190 2532 1325 2613 Georgii
1358 2531 1415 2593 filii

149 2637 288 2715 Thome‚
321 2658 356 2699 ac
389 2640 471 2700 inter
503 2639 637 2699 domum
670 2638 811 2719 ligneam
844 2653 874 2701 et
903 2637 1040 2699 fundum
1073 2639 1229 2700 lobannis
1264 2640 1415 2701 Kusnech

149 2743 285 2822 habitus,
310 2759 374 2806 tres
391 2758 519 2827 quartas
536 2745 622 2805 curie
648 2745 679 2805 in
705 2765 738 2806 se
756 2746 934 2823 continens,
952 2765 1008 2826 per
1024 2745 1195 2806 Nicolaum
1215 2744 1413 2808 aurifabrum

149 2869 185 2910 ex
219 2871 376 2912 consensu
410 2852 611 2932 Margaretbe
643 2871 699 2912 sue
732 2852 888 2912 consortis
919 2866 950 2912 et
981 2852 1161 2913 vicinorum
1195 2852 1413 2933 predictorum

150 2956 250 3017 Paulo
283 2958 428 3019 thonsori
461 2977 643 3039 pannorum
673 2971 719 3019 est
752 2958 900 3019 venditus
924 2971 955 3018 et
986 2957 1229 3039 privilegialiter
1253 2959 1313 3020 sub
1338 2978 1413 3040 pen·

152 3062 239 3124 denti
265 3065 371 3145 sigillo
397 3079 613 3146 perpetuatus.

255 3171 332 3231 ltem
359 3171 499 3252 quedam
525 3171 641 3233 domus
667 3172 761 3233 unius
784 3186 895 3252 quarte
920 3171 1016 3231 simul
1041 3188 1114 3231 cum
1140 3169 1242 3231 lundo
1269 3185 1300 3231 et
1324 3170 1413 3231 hedi·

150 3274 232 3337 ficiis
257 3277 287 3337 in
313 3278 384 3338 vico
409 3277 492 3338 dicte
517 3277 653 3339 civitatis
677 3277 824 3338 exteriori
856 3278 937 3338 inter
955 3275 1072 3338 fundos
1098 3276 1302 3358 Margaretbe
1327 3277 1412 3338 The·

150 3383 320 3444 sachichna
345 3397 456 3444 vocate
482 3397 513 3445 et
530 3384 691 3444 Valentini
717 3383 985 3444 molendinatoris
1002 3383 1119 3462 habita,
1144 3402 1217 3443 cum
1235 3383 1301 3443 suis
1318 3383 1412 3464 perti·

151 3490 272 3550 nenciis
290 3504 321 3551 et
338 3489 558 3551 additamento
576 3491 687 3551 decem
707 3489 775 3552 flor.
793 3490 872 3567 auri,
898 3490 998 3550 Paulo
1018 3490 1139 3551 tonsori
1165 3503 1196 3549 et
1220 3489 1320 3551 rasori
1337 3508 1412 3571 pan·

151 3616 264 3657 norum
291 3615 348 3677 pro
381 3597 520 3677 quadam
538 3596 647 3674 domo,
665 3595 766 3657 fundo
785 3611 815 3656 et
843 3593 1000 3656 hedificiis
1016 3595 1081 3656 suis
1105 3595 1137 3656 in
1155 3594 1269 3655 eadem
1287 3595 1412 3656 civitate

150 3704 232 3764 inter
257 3703 371 3765 domos
397 3703 482 3765 Galli
501 3720 530 3764 ct
548 3703 666 3764 Cosme
689 3723 724 3763 ac
741 3707 855 3784 Agnye
879 3716 909 3762 et
928 3702 1091 3764 Benedicti
1109 3721 1144 3762 ac
1162 3701 1333 3763 Laurencii
1358 3721 1411 3762 no·

150 3825 286 3872 strorum
305 3811 486 3872 concivium
504 3811 621 3887 habita,
648 3830 742 3871 unam
765 3823 909 3890 quartam
928 3823 958 3869 et
975 3823 1118 3870 octavam
1136 3809 1223 3869 curie
1241 3809 1273 3869 in
1291 3829 1325 3870 se
1342 3808 1412 3870 reti·

150 3931 255 3995 nente,
284 3937 339 3998 per
370 3917 539 3977 Nicolaum
572 3933 724 3978 sartorem
760 3914 861 3976 filium
886 3915 1048 3975 Valentini
1080 3912 1209 3975 affinem
1237 3935 1345 3994 suum,
1369 3928 1412 3975 est

152 4023 415 4085 concambialiter
440 4023 511 4083 data
535 4039 565 4085 et
589 4025 647 4084 sub
665 4022 816 4105 pendenti
833 4021 941 4101 sigillo
959 4020 1198 4102 privilegialiter
1215 4035 1411 4103 perpetuata.

194 4263 274 4333 ltem
304 4261 335 4332 in
366 4262 449 4332 lesto
480 4254 729 4333 Purificacionis
758 4263 904 4349 gloriose
933 4279 1062 4347 semper
1089 4256 1233 4348 virginis
1263 4259 1377 4332 llarie.

662 4430 704 4489 (2.
721 4417 896 4491 februarii).

260 4557 336 4619 ltem
363 4556 518 4617 medietas
542 4571 624 4616 recta
657 4570 686 4616 et
710 4557 833 4637 equalis
865 4556 1031 4617 cuiusdam
1057 4555 1173 4617 domus
1205 4569 1237 4614 et
1262 4553 1353 4617 lundi
1377 4573 1412 4616 ac

152 4665 260 4725 celarii
294 4663 489 4725 subterranei
519 4677 549 4723 et
580 4661 802 4723 hedificiorum
836 4663 867 4722 in
901 4662 972 4722 vico
1005 4661 1140 4723 civitatis
1172 4662 1324 4723 exteriori
1356 4680 1411 4722 seu

152 4773 255 4854 platea
284 4770 545 4846 Theuthouicali,
572 4770 652 4829 inter
677 4769 809 4831 domum
843 4783 873 4832 et
898 4767 1033 4830 fundum
1059 4767 1118 4829 viri
1143 4767 1274 4851 providi
1299 4781 1330 4830 et
1354 4767 1409 4828 ho·
