3142 5356
208 337 269 413 296
737 335 823 390 Arma
848 330 940 408 1436.

206 565 262 605 sue
287 544 417 605 arabilis
441 545 472 603 in
499 562 613 624 campo
639 556 748 603 nostro
774 542 804 602 in
824 541 1043 603 Chirkwische
1068 541 1149 603 inter
1175 556 1275 603 terras
1299 541 1480 604 liberorum

207 651 345 712 condam
373 650 536 711 Dominici
563 664 592 709 et
618 649 794 709 liberorum
813 648 950 709 condam
977 647 1156 710 Clementis
1173 668 1231 710 nec
1258 668 1325 710 nou
1353 650 1482 731 providi

207 757 266 818 viri
291 755 438 837 Gregorii
464 755 556 835 jurati
581 753 639 816 filii
665 753 830 816 Benedicti
854 769 885 814 et
914 753 999 815 lwan
1024 754 1204 833 lacomelli,
1231 755 1407 817 duodecim
1429 756 1480 816 vel

207 863 283 924 citra
308 862 409 922 dietas
433 875 514 922 terre
540 861 570 921 in
596 880 629 921 se
654 859 857 937 continentia,
881 861 1069 941 porcionem
1099 860 1249 922 videlicet
1272 880 1377 939 suam,
1404 876 1479 923 octo

208 969 257 1028 vel
283 968 359 1028 citra
376 967 477 1028 dietas
502 967 533 1026 in
559 987 590 1026 se
609 967 846 1041 continentem
864 965 939 1026 item
958 965 1110 1028 directam
1130 980 1160 1028 et
1184 966 1335 1047 equalem
1354 968 1478 1029 medie·

207 1089 304 1136 tatem
329 1073 496 1134 cuiusdam
521 1073 613 1132 vinee
638 1092 704 1150 sue,
730 1072 811 1133 inter
830 1072 957 1133 vineam
983 1072 1256 1153 Drugasesvschalt
1281 1088 1433 1134 vocatam
1450 1088 1481 1135 et

208 1181 289 1241 inter
313 1179 439 1240 vineam
466 1178 604 1239 Emerici
639 1178 769 1239 sartoris
803 1177 956 1256 habitam,
981 1179 1082 1260 ipsam
1115 1179 1335 1241 aBenedicto
1359 1196 1479 1242 sartore

207 1286 274 1364 jure
300 1285 450 1365 legaticio
475 1297 734 1362 concernentem,
759 1299 938 1345 memorato
957 1285 1050 1346 Petro
1072 1285 1184 1346 sartori
1203 1285 1339 1347 domino
1364 1301 1397 1346 et
1414 1305 1478 1347 ma·

207 1392 268 1452 rito
292 1410 350 1452 suo
376 1390 507 1451 donavit
532 1403 687 1471 perpetuo
712 1389 952 1471 possidendam.

314 1496 389 1559 Item
415 1511 482 1558 tota
505 1497 720 1557 communitas
737 1497 932 1558 unanimiter
950 1497 1114 1578 quoddam
1133 1498 1327 1559 maccellum
1346 1500 1480 1562 ecclesie

208 1619 312 1665 nostre
337 1603 533 1685 parochialis
557 1602 640 1663 beati
667 1602 765 1663 Marci
784 1602 1001 1682 ewangeliste,
1026 1623 1043 1663 a
1068 1604 1160 1664 tetris
1184 1604 1339 1666 videlicet
1356 1626 1373 1666 a
1391 1622 1480 1687 parte

207 1710 383 1772 occidentis
406 1728 506 1790 penes
523 1708 675 1769 maccella
693 1721 800 1769 nostra
829 1709 1013 1769 communia
1031 1729 1067 1770 ac
1090 1729 1181 1770 secus
1199 1709 1265 1771 vias
1288 1730 1481 1773 communes

207 1816 289 1877 circa
313 1813 410 1874 finem
429 1814 656 1875 maccellorum
681 1826 864 1876 nostrorum
883 1815 1104 1876 communium
1123 1816 1154 1876 in
1180 1816 1308 1878 civitate
1334 1818 1479 1899 predicta

208 1923 240 1983 in
266 1922 338 1983 loco
363 1920 591 1982 maccellorum
617 1935 769 1982 consveto
797 1921 931 1982 sitorum
963 1919 1108 1982 habitum
1134 1934 1164 1982 et
1205 1922 1354 2002 existens,
1380 1944 1480 1986 unam

207 2027 434 2090 tantummodo
459 2025 629 2087 fenestram
655 2026 695 2087 ad
720 2040 841 2108 partem
864 2027 1159 2108 septemtrionalem
1185 2047 1217 2088 se
1244 2031 1481 2111 apperientem‚

208 2135 240 2196 in
266 2154 298 2195 se
332 2134 499 2195 continens
523 2146 554 2194 et
586 2133 724 2211 habens,
759 2132 899 2214 predicte
932 2134 1063 2194 ecclesie
1098 2149 1205 2197 nostre
1237 2137 1418 2218 parochiali
1451 2155 1483 2200 et

210 2241 388 2302 rectoribus
412 2239 555 2300 eiusdem
581 2254 646 2300 tam
671 2239 835 2301 modernis
859 2259 956 2320 quam
988 2239 1101 2301 futuris
1127 2242 1283 2303 universis
1309 2242 1482 2305 confirma·

209 2361 282 2408 runt
315 2346 556 2429 privilegialiter
586 2359 743 2428 perpetuo
776 2345 1007 2427 possidendum
1039 2347 1096 2425 sic,
1128 2348 1216 2429 quod
1254 2349 1313 2431 ipsi
1346 2350 1482 2431 plebani

207 2453 343 2534 singulis
374 2453 466 2513 annis
500 2466 530 2512 et
561 2452 763 2534 temporibus
795 2452 957 2534 perpetuis
988 2453 1124 2532 singulis
1156 2453 1270 2515 diebus
1302 2455 1392 2516 lovis
1424 2476 1483 2517 seu

208 2557 294 2622 feriis
319 2558 439 2639 quintis
463 2555 605 2620 officium
638 2558 734 2619 misse
758 2557 913 2640 Corporis
944 2557 1069 2618 domini
1098 2559 1197 2620 nostri
1222 2557 1315 2620 lhesu
1343 2558 1482 2641 Christi,

209 2686 281 2728 cum
307 2664 450 2726 collectis
474 2678 623 2746 quatuor,
648 2666 680 2725 in
706 2665 774 2746 ipsa
798 2665 889 2726 litera
924 2665 1123 2746 expressatis,
1148 2665 1180 2725 in
1205 2685 1258 2726 ara
1283 2666 1368 2726 beati
1396 2667 1482 2727 Lau·

208 2774 306 2835 rencii
332 2772 471 2833 martiris
489 2772 519 2832 in
538 2771 681 2854 predicta
699 2771 831 2833 ecclesia
849 2772 948 2832 sancti
968 2772 1066 2832 Marci
1084 2769 1227 2850 lundata,
1252 2772 1482 2854 sollempniter

208 2881 347 2942 debeant
371 2880 560 2954 decantare;
584 2879 687 2960 ipsum
706 2892 812 2939 autem
835 2878 1027 2939 maccellum
1045 2879 1145 2939 libere
1169 2894 1304 2960 possunt
1321 2880 1482 2942 ammodo

210 2987 402 3066 cuicumque
434 2999 464 3044 et
497 2983 769 3065 quandocumque
804 2984 965 3048 voluerint
995 2984 1080 3064 juxta
1111 2984 1254 3067 ipsorum
1290 2985 1421 3046 libitum
1447 2988 1481 3047 in

210 3093 355 3174 precium
381 3105 410 3151 et
435 3091 687 3152 convencionem
720 3090 795 3152 dare
828 3104 858 3151 et
881 3091 1061 3172 assignare;
1085 3092 1109 3152 si
1143 3105 1250 3152 autem
1275 3091 1382 3173 ipsum
1409 3092 1482 3154 offi-

210 3199 295 3260 cium
320 3216 472 3279 peragere
490 3197 663 3275 noluerint,
689 3211 804 3258 extunc
822 3197 1035 3278 privabuntur
1055 3197 1250 3279 proprietate
1276 3198 1376 3279 ipsius
1394 3218 1482 3261 mac·

210 3305 282 3367 celli
309 3319 339 3365 et
363 3304 537 3386 disposicio
563 3304 662 3384 ipsius
694 3323 802 3364 rursus
826 3304 1015 3365 devolvetur
1039 3323 1134 3385 super
1158 3324 1218 3365 nos
1241 3305 1311 3386 ipso
1337 3303 1434 3368 facto.

315 3411 391 3472 ltem
425 3410 576 3471 dominus
609 3409 785 3472 Cusminus
816 3409 901 3471 filius
933 3410 1069 3471 Arnoldi
1103 3410 1142 3472 de
1175 3430 1292 3491 magna
1325 3409 1482 3491 Colonia,

210 3517 323 3578 doctor
357 3517 388 3576 in
422 3516 590 3577 medicinis
623 3530 681 3580 etc.
726 3516 971 3578 archidiaconus
1003 3515 1210 3578 Chasmensis
1242 3530 1272 3577 et
1303 3519 1484 3580 canonicus

210 3623 344 3684 ecclesie
370 3623 596 3702 zagrabiensis,
621 3623 762 3683 concivis
779 3637 896 3702 noster,
922 3623 1085 3705 quandam
1111 3623 1245 3684 domum
1263 3642 1353 3684 suam
1380 3625 1482 3686 simul

209 3748 280 3790 cum
306 3726 408 3790 fundo
426 3742 457 3789 et
480 3728 598 3790 celario
616 3730 824 3791 subterraneo
848 3750 883 3791 ac
902 3728 1058 3791 hedificiis
1076 3730 1106 3790 in
1127 3728 1211 3790 dicta
1235 3729 1363 3790 civitate
1396 3731 1482 3792 inter

209 3835 341 3897 domum
368 3835 506 3896 Emerici
531 3837 702 3898 monetarii
735 3852 765 3898 et
790 3838 909 3919 plateas
942 3857 1130 3899 communes
1154 3836 1309 3916 habitam,
1333 3838 1479 3900 mediam

210 3942 329 4003 curiam
357 3943 388 4001 in
413 3962 445 4003 se
470 3943 700 4022 continentem,
725 3964 798 4005 cum
823 3944 888 4004 suis
912 3944 1119 4025 pertinenciis
1145 3942 1309 4025 Stephano
1334 3944 1479 4006 carnifici

212 4047 298 4110 dicto
323 4049 432 4132 Zaylro
456 4047 523 4111 filio
550 4051 659 4110 Mareu
684 4051 723 4110 de
753 4050 1020 4128 Klolrochewecz,
1039 4065 1149 4112 nostro
1166 4050 1316 4112 similiter
1339 4054 1480 4131 concivi,

211 4175 269 4236 pro
296 4169 379 4215 certa
404 4156 612 4237 pecuniarum
638 4157 816 4237 quantitate
840 4157 986 4219 vendidit
1009 4170 1166 4240 perpetuo
1191 4157 1422 4239 possidendam
1448 4175 1480 4221 et

209 4261 380 4344 privilegio
405 4263 540 4323 civitatis
565 4278 610 4324 est
634 4261 831 4326 confirmata.

317 4368 395 4430 ltem
421 4370 577 4429 Martinus
602 4370 749 4452 sagippar
773 4369 858 4431 filius
882 4369 1020 4448 Nicolai,
1044 4369 1186 4431 concivis
1211 4384 1329 4449 noster,
1355 4372 1478 4432 medie-

209 4491 305 4537 tatem
324 4475 490 4537 cuiusdam
509 4476 625 4536 domus
642 4496 697 4537 sue
722 4491 753 4537 et
770 4475 873 4555 fundi,
891 4477 1065 4558 celariique
1083 4476 1281 4538 subterranei
1307 4497 1344 4538 ac
1360 4476 1476 4539 hedifi-

209 4583 332 4643 ciorum
359 4583 389 4643 in
415 4583 486 4644 vico
512 4582 648 4644 civitatis
673 4584 821 4645 exteriori
855 4585 936 4644 inter
961 4584 1077 4644 domos
1101 4597 1131 4643 et
1155 4581 1274 4644 fundos
1296 4583 1475 4646 liberorum

209 4688 345 4749 condam
373 4689 456 4750 l’etri
488 4689 604 4749 sutoris
636 4703 666 4750 et
691 4689 873 4750 Mathltonis
906 4689 1053 4750 similiter
1085 4689 1202 4749 sutoris
1235 4687 1293 4750 filii
1319 4689 1475 4751 Johannis

211 4795 403 4856 Tcschebolr
428 4816 463 4857 ac
489 4795 642 4876 Stephani
668 4795 783 4856 sutoris
805 4796 923 4874 habite,
949 4815 1046 4856 unam
1070 4794 1222 4857 videlicet
1246 4797 1473 4857 tantummodo
