3142 5356
200 527 216 572 2
589 514 674 571 Anno
697 510 790 589 1481.
810 544 854 554 -
877 523 927 588 23.
950 511 1060 572 martii.

618 722 801 784 Anthonius
830 722 952 804 Mysek.

617 829 719 911 Kiryn
745 828 919 912 Hathesyn.

619 935 817 1016 Augustinus
840 948 951 997 sartor.

623 1039 744 1103 Gwrko
769 1038 964 1124 Gliwatych.

620 1147 755 1208 Mathias
780 1146 921 1230 Dragyn.

623 1254 745 1314 Blasius
769 1253 891 1315 Nestin.

623 1360 732 1421 l'etrus
757 1359 1003 1442 Bosyakowecz.

623 1465 735 1526 Simon
761 1463 902 1549 Banych.

623 1569 736 1633 Gallus
759 1586 857 1634 sutor.

622 1676 742 1739 Gwrko
768 1676 968 1760 Benachych.

625 1784 735 1846 Petrus
760 1783 891 1846 Lahow.

579 1969 589 1983 ἡ
625 1890 762 1951 Michael
787 1890 904 1972 Segyn.

624 1995 798 2077 Gregorius
822 2011 910 2057 sutor
939 1994 1162 2077 Thlralyclrne.

627 2103 764 2164 Michael
788 2102 827 2164 de
853 2103 963 2185 Lippa.

627 2209 777 2270 Nicolaus
806 2208 1045 2292 Halichewych.

627 2314 807 2396 Stephanus
831 2328 929 2375 sutor.

627 2419 787 2501 Georgius
810 2433 898 2482 sutor
923 2421 1089 2483 Almanus.

312 2633 389 2696 ltem
414 2632 581 2716 prescripti
606 2633 795 2694 Dominicus
819 2632 914 2713 judex
947 2646 978 2695 et
1001 2632 1095 2714 jurati
1119 2653 1155 2695 ac
1187 2633 1360 2696 consiliarii
1390 2652 1468 2695 cum

206 2759 366 2803 consensu
389 2753 420 2802 et
444 2739 682 2818 commissione,
706 2739 851 2801 unanimi
865 2759 901 2800 ac
919 2739 1070 2801 concordi
1094 2740 1260 2803 voluntate
1284 2754 1315 2802 et
1339 2739 1471 2801 decreto

205 2847 308 2909 tocius
325 2845 575 2926 communitatis,
600 2845 709 2907 omnia
725 2846 862 2923 decreta,
880 2858 996 2907 statuta
1017 2846 1132 2907 tamin
1156 2846 1296 2928 presenti
1321 2864 1420 2926 quam
1436 2844 1472 2906 in

206 2953 346 3034 antiquis
370 2951 532 3014 kathernis
556 2952 672 3013 nostris
696 2965 845 3013 contenta
864 2964 894 3012 et
918 2951 1033 3033 scripta
1050 2951 1158 3032 quoad
1182 2971 1295 3015 omnes
1319 2950 1473 3013 articulos

206 3072 237 3121 et
260 3072 377 3141 puncta
409 3078 445 3119 ac
477 3057 636 3119 clausulas
667 3058 855 3119 eorumdem
895 3056 1097 3119 decretorum
1129 3072 1160 3121 et
1190 3071 1381 3120 statutorum
1412 3076 1473 3138 per

206 3177 309 3225 totum
334 3183 454 3225 annum
479 3163 633 3245 presentis
657 3163 815 3244 judicatus
848 3163 946 3245 ipsius
976 3164 1137 3226 Dominici
1162 3163 1277 3246 judicis
1301 3179 1332 3226 et
1357 3182 1472 3225 conse·

206 3283 340 3351 quenter
362 3270 513 3351 deinceps
529 3268 597 3350 iure
614 3283 768 3351 perpetuo
786 3269 1038 3330 irrevocabiliter
1054 3268 1325 3333 confirmaverunt
1341 3288 1472 3351 semper

207 3375 341 3437 valitura
367 3388 397 3437 et
420 3373 553 3436 firmiter
576 3375 785 3437 observanda.

341 3628 435 3702 Faria
464 3642 560 3703 sexta
590 3631 742 3721 proxima
771 3641 846 3721 post
876 3631 1075 3704 dominicam
1104 3630 1337 3704 Reminiscere.

733 3785 795 3861 (23.
816 3784 941 3865 martia).

313 3927 452 3990 Causam
485 3927 566 3987 inter
598 3926 805 3988 Katherinam
837 3927 936 3990 liliam
973 3927 1177 4010 Stephanych
1210 3940 1241 3988 et
1273 3924 1475 3988 Gwrkonem

209 4048 417 4094 mercatorem
450 4032 490 4093 de
523 4032 666 4113 Ragusio
698 4034 825 4095 racione
858 4033 1074 4115 quorumdam
1106 4031 1279 4094 duodecim
1313 4031 1382 4093 flor.
1415 4050 1475 4112 per

208 4140 311 4222 ipsam
336 4138 544 4200 Katherinam
569 4137 691 4220 prelato
717 4139 859 4221 Georgio
882 4160 1119 4217 concessorum,
1145 4139 1238 4219 jurati
1263 4136 1473 4218 adjudicave-

209 4260 294 4324 runt,
319 4247 393 4327 quia
419 4245 504 4325 juxta
525 4245 680 4327 producta
696 4247 824 4309 testium
849 4247 996 4309 eamdem
1014 4265 1141 4308 causam
1167 4244 1378 4306 determinare
1404 4263 1472 4306 non

209 4366 382 4435 potuerunt
407 4351 467 4412 nisi
491 4372 547 4434 per
578 4351 766 4432 juramenta,
797 4353 870 4415 ideo
903 4352 1044 4436 prefatus
1078 4351 1237 4431 Georgius
1261 4350 1300 4411 de
1325 4350 1473 4430 Ragusio

210 4459 305 4520 debet
329 4458 492 4540 deponere
516 4473 748 4521 sacramentum
773 4441 955 4521 terciusmet
986 4479 1059 4521 cum
1084 4459 1144 4519 sibi
1169 4457 1328 4519 similibus
1352 4475 1475 4519 merca·

209 4565 332 4627 toribus
365 4565 512 4646 proxima
544 4563 621 4624 feria
652 4579 738 4626 sexta
771 4580 842 4647 post
873 4566 1070 4627 dominicam
1095 4564 1197 4637 Quasi
1229 4563 1328 4624 modo
1360 4562 1474 4643 geniti,

210 4673 353 4754 proxime
378 4683 556 4746 venturam,
582 4670 624 4730 ita
647 4671 733 4751 quod
766 4671 885 4753 prelata
911 4672 1085 4733 Katherina
1117 4672 1208 4751 virgo
1240 4669 1300 4730 sibi
1327 4667 1473 4749 Georgio

209 4778 310 4839 dictos
341 4777 513 4838 duodecim
547 4776 614 4838 flor.
639 4796 704 4838 non
739 4779 893 4839 concessit
918 4799 975 4840 nec
1007 4778 1170 4857 obligatur
1201 4776 1260 4837 sibi
1295 4774 1473 4838 Katherine

210 4902 282 4944 cum
307 4882 448 4959 eisdem;
473 4881 513 4944 de
539 4902 602 4963 qua
619 4881 860 4963 adjudicacione
884 4899 1073 4966 procurator
1088 4884 1188 4966 ipsius
1213 4882 1388 4945 Katherine
1405 4901 1473 4945 non

208 5002 379 5051 contentus
402 4989 442 5051 ad
467 4990 609 5051 seniores
632 4988 754 5070 judices
781 5011 907 5052 causam
932 4990 1116 5074 appellavit.
