3156 5364
716 366 870 428 Addenda.
1361 385 1424 447 349

154 597 343 674 laborasset,
375 609 452 658 tunc
485 595 619 657 domum
651 614 742 657 suam
774 595 806 657 iu
843 596 915 658 vico
947 594 1103 675 inferiori,
1135 596 1277 658 mediam
1302 598 1423 659 cutiam

153 702 387 780 continentem,
412 701 518 763 eidem
543 703 697 781 legasset3
722 715 794 784 post
817 701 908 764 cuius
925 702 1091 764 decessum
1121 703 1153 763 in
1178 717 1312 765 matrem
1331 723 1421 765 suam

153 808 254 869 Lucia
287 821 434 869 vocatam
474 807 762 887 condescenderet,
794 807 868 870 ideo
901 809 1023 871 eisdem
1063 809 1233 872 statuimus
1264 824 1420 893 perpetuo

153 914 397 997 possidendam,
421 927 566 996 tempore
591 913 666 976 dicti
691 914 861 994 judicatus.

260 1039 339 1101 Item
363 1038 499 1121 provida
524 1037 657 1100 domina
682 1039 801 1122 Katrya
819 1053 942 1118 vocata,
967 1040 1173 1102 medietatem
1198 1038 1289 1102 fundi
1314 1041 1364 1102 sui
1389 1041 1421 1102 in

155 1146 227 1208 vico
253 1144 409 1225 inferiori,
433 1165 530 1207 unam
556 1161 702 1227 quartam
734 1147 832 1224 curie,
867 1145 1025 1228 Gregorio
1051 1146 1172 1210 Osuras
1204 1162 1235 1209 et
1258 1167 1315 1210 sue
1348 1168 1424 1210 con·

152 1254 232 1314 sorti
256 1253 346 1314 dedit
362 1266 393 1314 et
417 1252 564 1330 contulit,
583 1251 721 1334 ideoque
739 1266 843 1314 totum
862 1251 1009 1332 fundum,
1034 1267 1098 1314 tam
1124 1254 1311 1335 porcionem
1332 1274 1424 1317 suam

153 1377 252 1440 quam
278 1358 361 1420 dicte
387 1358 519 1420 domine
544 1356 678 1419 edificiis
702 1358 877 1436 decoravit,
902 1372 1046 1440 tempore
1077 1359 1152 1420 dicti
1177 1358 1345 1439 judicatus.

261 1484 339 1545 ltem
373 1481 555 1564 Stephanus
589 1483 707 1565 Stybor
739 1483 854 1561 dictus,
885 1483 1013 1544 vineam
1047 1502 1136 1544 suam
1171 1484 1295 1546 Briccio
1319 1483 1423 1566 jurato

154 1588 222 1651 filio
238 1589 403 1651 Benedicti
424 1608 482 1670 pro
500 1589 654 1650 tredecim
672 1587 741 1650 flor.
763 1589 919 1666 vendidit,
937 1603 1083 1671 tempore
1100 1588 1260 1668 judicatus
1277 1589 1423 1671 predicti.

262 1696 339 1757 ltem
372 1694 506 1776 provida
539 1695 670 1757 domina
704 1695 854 1778 Marycha
888 1710 999 1757 vocata
1044 1714 1175 1756 consors
1204 1694 1333 1758 Andree
1366 1695 1423 1758 filii

155 1802 323 1880 Anthonii,
348 1800 500 1881 (h)ortum
525 1821 618 1862 suum
645 1817 676 1863 et
699 1803 861 1864 stabulum
886 1803 985 1883 vulgo
1009 1802 1109 1883 stagel
1126 1816 1286 1880 vocatum,
1310 1805 1422 1864 subtus

154 1909 347 1991 porticulam
365 1909 512 1985 civitatis,
536 1909 752 1990 proquodam
770 1910 835 1970 alio
854 1909 973 1991 (h)orto
995 1928 1051 1991 per
1081 1908 1214 1971 modurn
1240 1910 1419 1971 concambii

158 2015 282 2077 Briccio
306 2015 410 2096 jurato
435 2013 501 2076 filio
527 2014 692 2076 Benedicti
718 2015 819 2092 dedit,
851 2029 997 2097 tempore
1022 2015 1098 2076 dicti
1124 2014 1293 2093 judicatus.

261 2246 338 2307 ltem
372 2247 501 2328 Mathey
534 2293 644 2310 .....
678 2247 756 2308 alias
787 2247 927 2308 decanus
955 2261 1111 2324 sutorum,
1144 2259 1295 2308 executor
1326 2259 1421 2308 testa·

154 2352 254 2414 menti
280 2352 417 2414 condam
444 2353 569 2414 Nicolai
597 2353 751 2435 Mahnyn‚
775 2369 922 2436 quartam
948 2368 1070 2435 partem
1096 2353 1213 2414 domus
1238 2352 1364 2433 lapidee
1389 2364 1420 2414 et

155 2459 261 2539 lignee
287 2479 323 2519 ac
348 2457 485 2519 landum
511 2459 585 2519 dicti
612 2459 737 2521 Nicolai
765 2460 905 2545 Mahnyn
931 2474 1075 2543 exparte
1101 2459 1217 2521 domus
1242 2458 1421 2521 Clementis

153 2565 278 2644 decani,
303 2566 492 2626 auctoritate
517 2566 736 2626 commissaria
762 2567 831 2627 viro
859 2567 997 2649 provido
1026 2565 1149 2628 Cozme
1174 2564 1241 2627 lilio
1266 2565 1422 2626 Johannis

154 2671 311 2749 vendidit,
335 2686 481 2753 tempore
507 2672 583 2733 dicti
608 2672 778 2753 judicatus.

261 2777 338 2838 ltem
365 2776 480 2860 Gyuan
507 2778 632 2859 pridem
657 2777 763 2858 judex,
797 2779 958 2860 quendam
984 2777 1138 2862 (h)ortum
1171 2797 1264 2839 suum
1291 2778 1321 2838 in
1347 2779 1421 2839 sub-

155 2883 248 2944 urbio
273 2884 410 2945 civitatis
442 2885 641 2962 existentem,
673 2905 770 2946 unam
804 2898 949 2966 quartam
974 2889 1060 2947 curie
1093 2886 1323 2970 continentem,
1347 2883 1421 2946 Cle·

154 2991 253 3051 menti
281 2988 348 3051 filio
375 2990 520 3073 Vydonis
544 2991 701 3069 vendidit,
724 3005 869 3073 tempore
894 2991 969 3052 dicti
994 2992 1163 3073 judicatus,

259 3115 336 3176 ltem
362 3115 546 3176 Anthonius
571 3116 665 3196 judex
691 3115 852 3198 predictus
876 3116 1038 3198 quandam
1064 3117 1191 3178 vineam
1216 3135 1307 3176 suant
1333 3115 1420 3197 juxta

157 3221 266 3282 villam
282 3219 473 3282 Gradchaan
492 3222 524 3282 in
539 3236 648 3283 nostro
661 3222 822 3284 territorio
837 3224 1038 3301 existentem,
1052 3223 1188 3284 Nicolao
1205 3221 1273 3283 filio
1291 3221 1420 3283 Thome

154 3342 185 3388 et
211 3328 308 3389 Lucie
332 3347 387 3388 sue
412 3329 550 3390 consorti
568 3349 626 3411 pro
644 3348 756 3390 eorum
778 3329 919 3390 serviciis
940 3330 1030 3391 dedit
1053 3344 1083 3391 et
1101 3329 1247 3407 contulit,
1272 3342 1418 3411 tempore

156 3434 232 3496 dicti
258 3434 426 3514 judicatus.

261 3541 338 3602 Item
364 3561 495 3602 consors
514 3540 637 3624 Gaspar
653 3542 769 3604 literati
788 3541 844 3604 filii
863 3543 987 3606 Cozme
1004 3558 1035 3606 et
1053 3563 1132 3605 uxor
1149 3543 1280 3605 alterius
1297 3540 1421 3624 Gaspar

154 3645 212 3707 filii
239 3647 387 3730 Myklini,
412 3648 573 3729 quendam
600 3647 736 3710 fundum
762 3669 874 3711 eorum
897 3650 1069 3729 desertum,
1095 3651 1154 3712 tria
1180 3649 1347 3731 quartalia,
1365 3647 1422 3709 do·

154 3754 244 3815 mino
269 3754 351 3815 lwan
377 3755 554 3836 presbitero
579 3768 610 3817 et
635 3755 801 3817 Anthonio
826 3754 914 3818 fratri
939 3776 998 3818 suo
1023 3755 1249 3833 vendiderunt,
1273 3768 1420 3836 tempore

155 3859 231 3921 dicti
256 3860 424 3941 judicatus.

260 3965 336 4027 ltem
371 3967 494 4048 Symon
528 3966 612 4028 filius
644 3969 728 4030 Petri
761 3968 924 4050 quandam
957 3969 1083 4030 vineam
1117 3987 1219 4047 suam,
1256 3967 1289 4029 in
1312 3987 1368 4028 sua
1391 3981 1423 4030 et

154 4071 283 4134 Andrce
309 4071 413 4134 fratris
437 4075 484 4134 sui
511 4075 666 4156 personis,
691 4076 723 4136 in
759 4091 869 4137 nostro
893 4076 1065 4155 territorio,
1101 4075 1177 4158 ipsis
1202 4094 1258 4157 per
1283 4074 1421 4136 condam

153 4178 323 4240 Nicolaum
351 4179 536 4264 Odolasych
560 4182 824 4243 testamentaliter
849 4183 999 4264 legatam,
1017 4183 1111 4244 Petro
1136 4181 1204 4243 filio
1229 4181 1371 4242 Ladislai
1390 4194 1421 4242 et

153 4283 283 4367 Mathye
308 4283 375 4346 filio
400 4287 556 4347 Anthonii
582 4288 806 4367 vendiderunt,
832 4303 977 4370 tempore
1001 4289 1077 4351 dicti
1102 4288 1272 4367 judicatus.

259 4408 336 4469 ltem
361 4411 485 4491 Agatha
523 4428 633 4472 vocata
664 4411 728 4473 filia
761 4413 898 4474 condam
924 4413 1048 4474 Nicolai
1073 4412 1130 4474 filii
1157 4414 1281 4495 Lyubk,
1313 4431 1414 4493 quan·

157 4516 232 4577 darn
267 4517 400 4578 domum
434 4538 524 4580 suam
556 4520 615 4579 sibi
647 4540 703 4601 per
734 4534 922 4582 annotatum
954 4517 1128 4582 Nicolaum
1163 4533 1285 4601 patrem
1318 4538 1413 4580 suurn

155 4624 420 4684 testamentaliter
445 4625 593 4705 legatam,
619 4645 713 4687 unam
740 4641 884 4706 quartam
919 4627 1017 4705 curie,
1042 4627 1170 4689 Andree
1195 4624 1263 4687 filio
1288 4625 1419 4688 Tlrome

153 4730 308 4807 vendidit,
333 4744 476 4812 tempore
502 4732 577 4792 dicti
603 4732 769 4811 judicatus.

261 4835 337 4897 ltent
363 4837 497 4917 provida
523 4838 654 4899 domina
689 4843 781 4900 Anna
820 4855 930 4900 vocata
964 4860 1096 4901 consors
1122 4839 1229 4917 Blasii,
1255 4838 1417 4919 quandam
