3142 5356
230 1383 359 1482 (nuno
385 1380 542 1470 Domini
569 1377 882 1471 mccccxxxii
910 1381 949 1468 ei
976 1379 1295 1482 mcccclxxv.)

131 1720 169 1796 ln
199 1721 343 1796 nornine
372 1718 528 1796 Domini.
559 1718 685 1795 Amen.
715 1718 820 1794 lluno
853 1717 1064 1796 Natiuitatis
1093 1720 1253 1796 eiusdem
1284 1721 1393 1797 mille·

132 1844 225 1920 simo
253 1843 608 1944 quadringentesimo
641 1843 826 1919 tricesimo
856 1848 996 1942 quarto,
1024 1851 1189 1943 tempore
1213 1843 1395 1941 judicatus

127 1967 300 2068 Jobunnis
328 1965 388 2043 lilii
416 1967 522 2059 Peru,
547 1965 676 2064 judicis
714 1967 830 2043 nostri
858 1966 1029 2059 moderni,
1065 1991 1215 2067 presens
1244 1967 1397 2043 katerna

133 2099 192 2167 est
229 2093 437 2191 conscripta
473 2115 583 2191 super
617 2091 883 2190 registracione
921 2099 959 2166 et
1001 2092 1283 2191 consignacione
1321 2115 1396 2168 cer-

131 2223 250 2290 tarum
279 2215 461 2291 literarum
499 2215 625 2290 civium
665 2227 703 2290 et
739 2213 981 2290 habitatorum
1011 2210 1167 2291 civitatis
1204 2222 1398 2316 prenotate

132 2362 243 2439 super
279 2339 572 2439 possessionibus
610 2340 645 2415 in
683 2338 811 2415 eadem
850 2339 996 2414 civitate
1031 2341 1174 2416 eteius
1212 2341 1398 2418 territorio

547 2462 689 2556 habitis,
719 2461 980 2539 confectarum.

168 2682 250 2754 ltem
279 2681 420 2754 sabbato
454 2684 607 2771 proximo
636 2690 712 2771 post
749 2682 871 2754 festum
899 2683 989 2754 beati
1019 2679 1187 2755 Ambrosii
1216 2685 1363 2775 episcopi

619 2813 721 2897 utque
749 2805 908 2879 doctoris.

641 2978 702 3052 (11.
726 2978 899 3049 decembris).

240 3117 320 3181 Item
344 3119 392 3180 vir
415 3118 569 3202 providus
593 3131 624 3180 et
648 3119 899 3201 circumspectus
920 3119 1074 3181 Nicoluus
1097 3120 1222 3202 pridem
1246 3121 1342 3203 judex
1367 3136 1398 3186 et

134 3225 279 3289 concivis
303 3239 421 3305 noster,
446 3225 609 3307 quondum
634 3238 750 3288 terram
775 3246 864 3287 suam
882 3226 1036 3288 arabilem
1065 3227 1098 3288 in
1124 3247 1238 3311 campo
1263 3229 1399 3292 civitatis

131 3333 168 3394 in
192 3331 355 3394 vicinitate
386 3344 541 3393 terrarum
574 3331 743 3394 arabilium
777 3334 817 3394 ab
850 3333 973 3394 oriente
999 3333 1096 3395 Blasii
1130 3335 1328 3397 Kurmunicb
1361 3356 1398 3398 uc

131 3437 203 3499 vius
227 3456 416 3500 communes
447 3438 717 3521 aseptemtrione
752 3452 782 3500 et
810 3438 977 3501 occidente
1009 3438 1161 3519 habiturn,
1186 3453 1324 3522 quatuor
1347 3442 1398 3504 vel

133 3544 212 3607 citra
238 3543 338 3606 dietus
362 3559 443 3606 terre
469 3544 501 3606 in
525 3563 558 3605 se
583 3545 813 3624 continentem,
846 3564 919 3606 cum
945 3545 1096 3606 omnibus
1119 3546 1185 3606 suis
1208 3546 1398 3609 utilitatibus

134 3664 168 3712 et
191 3651 399 3733 pertinenciis
423 3651 579 3713 universis
603 3650 753 3734 hospitali
783 3665 891 3714 nostro
916 3653 1081 3714 communi
1105 3673 1205 3736 prope
1230 3653 1397 3716 ecclesiam

134 3757 235 3819 sancti
261 3757 361 3819 Marci
386 3757 419 3818 in
444 3757 571 3820 civitate
595 3757 737 3840 predicto
762 3757 882 3837 habito,
908 3757 968 3820 hoc
986 3771 1042 3837 est,
1064 3759 1259 3842 pauperibus
1277 3759 1396 3823 Christi

133 3865 167 3926 in
201 3863 314 3926 eodem
347 3863 497 3947 hospitali
530 3863 721 3944 degentibus
751 3864 783 3925 in
820 3884 914 3926 evum
946 3864 1145 3944 servituram,
1176 3885 1235 3948 pro
1268 3867 1398 3948 triginta

134 3989 253 4032 novem
277 3968 349 4034 lior.
373 3970 442 4032 auri
467 3969 614 4032 vendidit
638 3984 794 4053 perpetuo
819 3970 1058 4054 possidendam.

175 4173 257 4244 ltem
285 4173 372 4245 feria
400 4172 545 4244 secunda
574 4171 728 4262 proxima
756 4181 834 4246 ante
863 4174 984 4246 festum
1013 4172 1244 4247 conversionis
1272 4177 1362 4248 besti

628 4295 725 4368 Pauli
754 4299 909 4387 apostoli.

541 4461 603 4528 (24.
619 4452 770 4525 junuarii,
794 4471 864 4513 antu.
889 4451 993 4529 1435).

243 4589 320 4652 item
345 4590 488 4652 Briccius
511 4589 606 4672 judex
630 4589 716 4653 filius
741 4591 906 4654 Benedicti
938 4591 1070 4654 totalem
1095 4611 1185 4652 suam
1209 4591 1397 4673 porcionem

134 4697 305 4760 cuiusdam
328 4695 445 4759 domus
470 4710 593 4759 mutate
617 4714 648 4762 et
664 4698 756 4762 lundi
778 4698 811 4759 in
836 4697 920 4760 dicta
938 4698 1065 4761 civitate
1083 4698 1164 4759 inter
1181 4697 1296 4760 domos
1312 4699 1400 4760 sinui·

135 4803 210 4867 liter
234 4816 375 4866 muretus
392 4819 423 4866 et
439 4802 557 4866 fundos
581 4805 725 4874 eiusdem
744 4803 858 4867 Briccii
875 4804 990 4886 judicis
1007 4818 1037 4866 et
1054 4803 1210 4866 iohannis
1227 4805 1400 4933 Aztplnolc,
