3142 5356
648 297 848 372 Anno1427.
1322 319 1380 380 139

114 505 279 586 quandam
306 506 419 566 silvam
446 506 476 565 in
501 505 662 566 territorio
680 505 779 586 ipsius
803 506 939 567 civitatis
957 505 1081 568 Gochel
1106 509 1280 588 appellato,
1298 509 1380 570 inter

114 613 228 673 silvam
255 613 432 673 liberorum
450 612 587 673 condam
614 612 712 673 Lucie
730 613 874 672 mulieris
899 613 1006 674 relicte
1024 614 1161 674 condam
1188 615 1284 693 Luce,
1301 615 1379 676 olim

114 719 250 780 :ivitatis
275 719 417 800 predicte
435 719 523 795 civis,
547 719 785 779 ameridionali
804 733 903 800 parte,
928 733 959 780 et
983 740 999 779 a
1024 720 1276 800 septemtrionali
1292 734 1381 803 parte

114 843 211 905 penes
236 824 363 885 vineam
390 838 420 885 et
442 824 555 885 silvam
575 824 702 884 Andree
734 824 859 905 pridem
895 823 1009 904 judicis
1033 823 1090 885 filii
1116 825 1200 887 Petri
1225 824 1379 901 habitam,

114 930 206 991 metis
240 930 272 990 in
306 930 396 991 litera
430 930 586 1010 expressis
616 930 761 1010 undique
794 930 1034 1010 consignatam,
1066 950 1137 991 cum
1170 931 1235 991 suis
1259 933 1380 992 cunctis

114 1036 319 1098 sertinenciis
343 1036 449 1097 eidem
474 1037 604 1096 Andrea
629 1035 726 1114 judici
752 1050 819 1096 tum
842 1055 899 1116 pro
924 1037 1018 1097 certis
1042 1037 1288 1118 complacenciis
1311 1052 1378 1097 tum

114 1143 212 1203 eciam
238 1162 297 1223 pro
333 1143 444 1203 decem
471 1156 501 1202 et
535 1156 657 1223 septem
693 1142 807 1202 marcis
844 1141 1051 1202 denariorum
1083 1142 1178 1223 plene
1209 1142 1379 1224 persolutis

114 1247 327 1309 vendiderunt
350 1263 507 1329 perpetuo
531 1247 772 1329 possidendam.

218 1354 296 1415 ltem
321 1353 455 1434 provida
481 1353 613 1414 domina
640 1354 742 1414 Kussa
760 1367 871 1414 vocata
896 1351 962 1414 filia
987 1367 1154 1414 matertere
1180 1368 1211 1415 et
1234 1355 1379 1415 Andreas

114 1457 196 1520 lilius
223 1460 306 1520 Petri
332 1459 372 1520 de
399 1458 568 1520 Branouch
594 1457 690 1520 frater
719 1460 853 1539 provide
879 1459 1018 1519 condam
1049 1459 1181 1520 domine
1208 1460 1377 1543 Endreylta

114 1581 236 1643 vocate,
261 1566 338 1626 olim
358 1567 515 1627 consortis
533 1567 619 1626 Luce
642 1565 765 1627 Odolas
783 1566 934 1646 primum,
951 1565 1149 1646 tandemque
1174 1566 1285 1627 decani
1304 1567 1378 1628 Cle·

114 1672 239 1750 mentis,
264 1672 343 1732 olim
378 1673 560 1732 concivium
592 1687 797 1748 nostrorum,
830 1673 974 1733 uterinus
1006 1686 1037 1733 et
1061 1673 1207 1750 carnalis,
1232 1673 1380 1733 concives

114 1778 224 1856 nostri,
249 1777 413 1858 quandam
439 1792 554 1839 terram
580 1778 734 1838 arabilem
760 1778 791 1837 in
821 1797 936 1858 campo
961 1791 1069 1838 nostro
1094 1778 1125 1838 in
1152 1778 1240 1858 Krog
1264 1791 1378 1839 vocato

114 1884 192 1945 inter
207 1898 306 1945 terras
316 1884 452 1946 arabiles
463 1884 590 1945 Thome
605 1884 721 1944 sutoris
734 1883 791 1944 filii
803 1883 958 1945 lohannis
971 1884 1047 1944 dicti
1059 1884 1192 1945 Kriuich
1204 1899 1234 1945 et
1244 1885 1377 1947 ecclesie

114 2004 220 2052 nostre
246 1991 330 2051 beati
349 1991 477 2051 Martini
496 1989 687 2052 confessoris
705 1989 857 2068 habitam,
882 2006 955 2052 octo
979 1991 1080 2052 dietas
1105 2005 1138 2052 ut
1155 1991 1271 2053 dicitur
1295 1992 1377 2053 inse

114 2099 343 2174 continentem,
367 2117 440 2157 cum
458 2098 523 2157 suis
544 2097 748 2179 pertinenciis
772 2097 876 2159 eidem
892 2097 1021 2158 Thome
1046 2098 1145 2159 sutori
1171 2112 1202 2159 et
1226 2118 1281 2178 per
1303 2117 1377 2159 eum

114 2203 279 2286 Stephano
304 2201 371 2264 filio
396 2223 454 2264 suo
479 2223 515 2263 ac
533 2204 673 2284 ipsorum
698 2203 869 2263 heredibus
894 2223 951 2285 pro
976 2204 1086 2265 decem
1113 2217 1143 2264 et
1165 2224 1282 2266 novem
1306 2203 1376 2268 flor.

114 2312 176 2372 ruri
196 2326 228 2370 et
246 2310 371 2371 duabus
388 2310 494 2390 pensis
511 2309 716 2370 denariorum
732 2310 946 2371 vendiderunt
963 2325 1118 2392 perpetuo
1135 2311 1376 2392 possidendam.

218 2415 296 2476 ltem
310 2415 456 2476 Thomas
472 2429 561 2476 sutor
578 2416 681 2477 dictus
700 2416 854 2477 Podobeu
872 2417 1076 2478 medietatem
1095 2418 1262 2478 cuiusdam
1279 2418 1372 2479 vinee

119 2542 139 2582 n
165 2522 331 2583 territorio
357 2522 493 2582 civitatis
518 2522 599 2583 inter
625 2523 733 2581 vineas
755 2522 908 2602 Stephani
933 2523 1074 2583 salivene
1098 2520 1156 2583 filii
1183 2522 1314 2604 Georgii
1341 2543 1376 2584 ac

114 2627 276 2710 quandam
303 2628 491 2708 particulam
517 2628 666 2688 videlicet
701 2629 827 2689 terciam
855 2629 999 2689 eiusdem
1030 2630 1122 2690 vinee
1148 2630 1229 2690 inter
1252 2630 1375 2711 porcio·

114 2753 188 2796 nem
222 2734 343 2795 scilicet
375 2734 487 2816 Kyrini
522 2733 578 2794 lilii
612 2735 801 2810 Sebastiam,
838 2755 894 2815 per
926 2735 1080 2815 quasdam
1107 2751 1206 2796 metas
1230 2736 1260 2796 iu
1286 2735 1376 2796 litera

114 2859 276 2921 expressas
300 2840 532 2920 consignatam,
562 2840 666 2900 eidem
686 2839 814 2901 Thome
838 2861 893 2921 per
918 2842 1090 2901 Martinum
1109 2843 1245 2902 condam
1264 2862 1375 2903 cecum

114 2949 262 3028 legatam,
287 2966 360 3007 cum
378 2947 442 3007 suis
460 2948 665 3028 pertinenciis
682 2961 836 3009 annotato
855 2947 1018 3028 Stephano
1036 2949 1176 3009 salivene
1194 2968 1251 3030 pro
1265 2948 1374 3010 decem

114 3069 140 3114 et
165 3067 241 3114 octo
265 3053 380 3112 marcis
404 3052 611 3113 denariorum
638 3053 783 3113 vendidit
806 3068 963 3135 perpetuo
987 3054 1225 3135 possidendam.

220 3159 297 3220 ltem
325 3158 430 3218 Marce
454 3159 580 3236 mulier,
612 3159 720 3218 relicta
755 3159 891 3220 condam
918 3159 1046 3220 Andree
1072 3160 1250 3221 Hemchich
1275 3180 1374 3241 quan·

114 3266 185 3327 darn
211 3265 345 3325 domum
370 3284 460 3325 suam
494 3284 566 3325 cum
596 3265 713 3325 celario
745 3267 953 3327 subterraneo
977 3266 1082 3327 eidem
1115 3267 1238 3327 domini
1271 3266 1375 3346 subja-

114 3371 208 3449 centi,
233 3371 264 3431 in
290 3369 411 3452 prelata
438 3372 564 3431 civitate
592 3373 672 3432 inter
697 3372 811 3433 domos
837 3386 867 3432 et
891 3370 1009 3432 fundos
1035 3374 1131 3433 Marci
1156 3372 1311 3434 carnificis
1335 3374 1374 3434 ab

114 3498 173 3538 una
199 3491 300 3558 parte,
325 3491 355 3538 et
372 3478 412 3537 ab
437 3478 534 3537 altera
560 3479 690 3538 alterius
716 3479 813 3538 Marci
832 3476 987 3539 carnificis
1012 3493 1042 3538 et
1067 3479 1227 3560 Gregorii,
1252 3495 1373 3539 nostro-

114 3603 180 3644 rum
207 3583 402 3660 concivium,
426 3582 578 3661 habitam,
612 3585 751 3644 mediam
784 3585 903 3644 curiam
934 3585 972 3644 ad
1007 3605 1099 3645 usum
1125 3586 1260 3645 civitatis
1285 3586 1316 3645 in
1342 3605 1375 3646 se

114 3690 329 3751 coutinentem
364 3689 422 3770 ipsi
450 3691 558 3750 Mariae
592 3710 647 3770 per
678 3710 796 3750 noser
829 3689 998 3751 sufficienti
1031 3692 1079 3751 sui
1105 3692 1374 3772 comprobacione

114 3796 141 3856 in
168 3797 301 3856 katerno
327 3809 436 3856 nostro
461 3795 603 3873 judiciali
630 3797 827 3876 consignata,
859 3810 1020 3873 statutam,
1045 3797 1173 3857 Thome
1198 3795 1265 3858 filio
1292 3797 1372 3858 Petri

114 3921 145 3962 rc
171 3921 228 3983 per
252 3921 337 3979 eum,
356 3902 400 3962 uti
420 3903 481 3981 jam
509 3917 651 3964 nostrum
671 3904 848 3979 concivem,
873 3904 937 3963 suis
955 3902 1127 3964 heredibus
1153 3924 1209 3984 pro
1233 3904 1373 3966 sedecim

114 4009 179 4070 llor.
205 4009 272 4069 auri
299 4008 392 4089 plene
418 4010 588 4089 persolutis
614 4009 759 4070 vendidit
783 4023 939 4090 perpetuo
964 4010 1202 4089 possidendam.

218 4114 295 4175 ltem
322 4113 481 4195 Georgius
498 4115 649 4175 Pohaben
675 4113 759 4175 filius
781 4115 867 4191 Sellr,
892 4117 1033 4175 concivis
1058 4130 1175 4193 noster,
1200 4115 1372 4197 quemdam

114 4220 246 4284 lundum
260 4242 315 4282 seu
334 4223 468 4282 domum
485 4242 574 4283 suam
590 4224 621 4282 in
636 4224 706 4282 vico
724 4223 823 4302 ipsius
840 4223 977 4284 civitatis
991 4225 1139 4285 exteriori
1158 4225 1239 4284 inter
1256 4223 1374 4285 fundos

114 4342 142 4390 et
165 4328 280 4390 domos
305 4349 322 4388 a
347 4343 433 4409 parte
461 4349 533 4404 una,
559 4349 659 4405 suam,
690 4329 788 4389 altera
815 4349 889 4390 vero
915 4350 951 4389 ex
977 4345 1064 4410 parte
1089 4331 1264 4390 liberorum
1297 4349 1373 4390 con·

114 4434 182 4495 dam
208 4434 337 4495 Thome
361 4436 477 4495 sutoris
502 4434 646 4495 habitum
672 4450 703 4496 et
720 4437 920 4512 existentem,
942 4456 1038 4496 unam
1065 4451 1211 4516 quartam
1237 4437 1322 4497 curie
1340 4437 1371 4496 in

114 4560 142 4599 re
167 4541 397 4617 continentem,
422 4560 494 4600 cum
527 4541 592 4601 suis
617 4541 822 4620 pertinenciis
848 4541 992 4601 Fabiano
1024 4542 1123 4601 sutori
1149 4539 1216 4602 filio
1240 4541 1372 4620 Vrbani,

114 4645 172 4724 jam
197 4660 306 4707 nostro
338 4648 472 4723 concivi,
505 4666 562 4727 pro
597 4667 712 4710 novem
747 4649 861 4709 marcis
893 4649 1098 4710 denariorum
1126 4649 1269 4710 vendidit
1302 4668 1371 4730 per-

114 4766 208 4833 petuo
232 4752 470 4835 possidendam.
