3142 5356
147 436 167 500 8
522 432 723 515 Anno1482.
750 470 788 480 -
814 433 865 499 18.
886 435 1035 509 sannani'.

148 648 276 732 judicis,
306 663 426 712 motam
453 649 539 712 etad
563 649 706 711 seniores
722 650 918 733 appellatam
943 648 1071 711 racione
1088 647 1163 729 quia
1187 646 1307 709 Paulus
1323 648 1424 731 judex

149 755 315 820 aurifaber
339 770 370 819 et
394 757 556 839 predictus
590 756 735 818 Andreas
768 757 872 839 ipsum
900 755 1032 818 Gallum
1056 753 1195 837 juratum
1227 754 1367 817 deloco
1392 768 1424 817 et

152 862 229 925 aede
254 864 353 945 ipsius
378 863 460 925 inter
484 863 565 925 alios
581 861 702 944 juratos
725 863 780 925 ubi
800 861 914 924 sedere
931 877 1198 924 conserveverant
1214 875 1425 924 removerunt

155 984 186 1033 et
210 990 340 1051 surgere
359 968 502 1032 fecerunt
516 983 662 1053 tempore
687 968 845 1051 judicatus
861 968 961 1051 ipsius
983 967 1073 1029 Pauli
1090 981 1221 1051 propter
1243 966 1422 1050 quamdam

155 1074 333 1155 infamiam,
350 1078 470 1158 absque
491 1075 569 1157 juris
584 1076 712 1138 tramite
736 1089 768 1138 et
782 1094 848 1137 non
866 1074 976 1136 habito
993 1072 1116 1153 judicio
1139 1093 1234 1156 super
1246 1073 1423 1156 premissis,

153 1196 184 1245 et
208 1202 272 1244 non
298 1183 462 1245 convictus
487 1183 519 1243 in
544 1183 611 1265 ipsa
636 1181 767 1245 infamia
792 1183 859 1264 ipae
878 1179 1010 1257 Gallus;
1034 1181 1177 1242 seniores
1200 1179 1324 1261 judices
1340 1179 1421 1242 feria

154 1302 265 1370 quarta
290 1289 435 1372 proxima
461 1302 534 1372 post
556 1301 685 1350 octavas
708 1288 965 1372 Epiphaniarum
999 1286 1132 1348 Domini
1155 1285 1423 1368 adjudicaverunt

150 1395 207 1457 tali
232 1394 342 1474 modo,
366 1395 454 1476 quod
478 1395 554 1477 quia
579 1395 732 1478 premissa
764 1395 849 1458 idem
876 1394 994 1456 Paulus
1025 1391 1185 1455 aurifaber
1219 1407 1250 1456 et
1274 1394 1423 1455 Andreas

152 1500 220 1563 Lab
244 1521 339 1583 super
371 1501 551 1584 predictum
576 1500 708 1563 Gallum
740 1501 896 1563 Kodelicz
927 1500 995 1561 sine
1028 1499 1096 1582 jure
1121 1513 1152 1562 et
1183 1518 1249 1561 non
1281 1499 1419 1561 convin-

152 1608 255 1670 cendo
280 1607 418 1670 eundem
444 1608 575 1670 insede
600 1607 744 1687 juridice,
769 1605 922 1685 fecerunt,
946 1606 1085 1668 convicti
1105 1619 1179 1668 sunt
1203 1619 1313 1667 contra
1338 1624 1418 1667 eun-

153 1713 225 1774 dem
252 1712 384 1775 Gallum
408 1714 441 1775 in
465 1714 540 1776 vivo
570 1713 740 1794 homagio;
772 1726 803 1774 et
834 1712 909 1793 quia
933 1713 1003 1795 ipse
1028 1711 1144 1775 Gallus
1177 1725 1335 1793 protunc
1360 1709 1421 1772 fuit

153 1819 283 1901 juratus,
305 1819 418 1903 prefati
451 1821 568 1882 Paulus
598 1818 759 1882 aurifaber
790 1833 822 1881 et
852 1819 998 1881 Andreas
1039 1819 1106 1881 Lab
1139 1832 1248 1880 contra
1281 1817 1420 1880 eundem

154 1924 286 1988 Gallum
311 1927 448 1988 convicti
479 1927 609 1988 suntin
642 1927 762 2010 duppla
790 1927 854 1988 vivi
888 1926 1044 2011 homagii.
1080 1925 1258 1987 Predictam
1291 1943 1420 1986 causam

155 2029 268 2112 prefati
287 2031 405 2092 Paulus
428 2031 588 2095 aurifaber
605 2047 636 2095 et
652 2033 798 2096 Andreas
819 2032 887 2094 Lab
905 2031 1151 2115 appellaverunt
1173 2031 1214 2092 ad
1231 2032 1421 2114 magistrum

155 2136 414 2199 thavarnicorum
446 2139 520 2219 quia
545 2139 584 2201 de
610 2140 764 2222 premisso
789 2139 913 2221 judicio
940 2158 1005 2201 aon
1030 2153 1104 2200 sunt
1128 2138 1281 2200 contenti.

261 2244 339 2305 item
363 2263 457 2306 causa
482 2246 563 2309 inter
588 2247 793 2308 Dominicum
821 2246 984 2308 Perowicz
1011 2244 1206 2306 modernum
1226 2242 1366 2325 judicem
1390 2256 1424 2305 et

158 2348 311 2411 Mathiam
335 2350 453 2412 Radlin
471 2366 624 2414 sartorem
639 2353 767 2414 racione
782 2352 857 2413 certi
875 2351 995 2429 delicti,
1013 2369 1071 2433 pro
1098 2369 1166 2431 quo
1191 2348 1303 2411 famuli
1321 2349 1424 2432 ipsius

157 2455 276 2518 Mathia
306 2457 434 2519 sartoris
465 2458 625 2520 debebant
652 2459 769 2540 puniri,
794 2458 869 2538 quia
903 2457 1067 2539 predictus
1099 2456 1291 2518 Dominicus
1323 2455 1423 2537 judex

157 2563 357 2643 proponebat
381 2564 468 2644 quod
494 2565 560 2646 ipse
586 2564 722 2626 Mathiaa
744 2579 845 2626 sartor
869 2563 974 2625 noluit
997 2582 1064 2623 esse
1092 2561 1259 2624 fideiussor
1282 2563 1425 2645 proauis

157 2665 295 2746 famulis,
323 2683 354 2731 et
377 2670 444 2752 ipse
469 2670 657 2732 Dominicus
673 2671 769 2751 judex
794 2671 826 2732 in
847 2670 946 2732 domo
962 2688 1019 2730 sua
1044 2669 1147 2730 voluit
1171 2669 1302 2730 eosdem
1320 2669 1423 2750 capti·

157 2793 242 2853 vare,
267 2775 322 2836 ubi
347 2775 413 2857 ipse
431 2775 567 2838 Mathias
591 2790 691 2838 sartor
708 2796 780 2839 cum
798 2776 912 2838 eodem
930 2775 1036 2858 judice
1053 2776 1086 2837 in
1115 2774 1251 2837 domum
1274 2775 1425 2854 intrabat,

156 2893 187 2941 et
210 2881 318 2942 medio
342 2895 485 2964 tempore
509 2881 604 2964 judex
629 2897 719 2944 extus
746 2897 915 2960 manserat,
939 2895 1016 2944 tunc
1042 2901 1131 2943 unus
1156 2902 1193 2944 ex
1225 2881 1345 2943 eisdem
1376 2879 1425 2942 f-

156 2986 253 3047 mulis
285 3006 356 3048 cum
387 2988 497 3069 gladio
522 2989 561 3051 de
592 2989 691 3051 domo
723 2989 808 3050 exire
839 2989 969 3051 volebat
1001 3002 1032 3049 et
1064 2986 1201 3050 Mathias
1232 3001 1332 3049 sartor
1366 3008 1427 3071 per

158 3091 281 3154 bonum
304 3105 432 3176 tempus
463 3093 522 3158 fuit
552 3096 584 3156 in
611 3095 710 3158 domo
743 3096 870 3159 interim
904 3115 976 3157 cum
1010 3093 1149 3174 famulis,
1175 3094 1249 3156 ideo
1281 3095 1428 3158 seniores

156 3198 421 3278 adjudicaverunt
451 3201 612 3283 deponere
643 3202 858 3284 jurameutum
891 3201 1059 3284 corporale
1091 3201 1123 3262 in
1154 3201 1289 3263 ecclesia
1321 3203 1426 3264 sancti

159 3305 257 3366 Marci
290 3325 379 3366 more
403 3307 499 3369 solito
529 3306 607 3370 feria
638 3309 733 3370 tercia
767 3309 911 3390 proxime
943 3321 1079 3369 ventura
1112 3305 1166 3368 tali
1191 3305 1302 3384 modo,
1334 3307 1426 3388 quod

160 3408 302 3492 prefatus
325 3411 462 3474 Mathias
485 3427 585 3475 sartor
616 3414 699 3496 juret
727 3415 814 3496 quod
848 3415 915 3497 ipae
939 3433 1005 3475 non
1039 3412 1212 3474 destinavit
1243 3411 1424 3494 predictum

160 3513 317 3577 famulum
343 3536 416 3579 cum
440 3520 536 3581 armis
566 3534 676 3583 contra
706 3520 844 3602 judicem
870 3535 901 3582 et
931 3539 1036 3601 neque
1061 3519 1094 3580 in
1118 3518 1202 3580 scitu
1233 3538 1293 3580 suo
1316 3537 1427 3600 neque

160 3640 232 3682 cum
258 3641 417 3684 consensu
442 3638 473 3686 et
496 3646 600 3707 neque
624 3646 698 3688 cum
722 3627 885 3689 voluntate
909 3646 976 3704 sua,
1002 3640 1034 3686 et
1058 3639 1232 3687 metaextus
1254 3623 1337 3705 juret
1354 3645 1427 3707 pre·

160 3728 258 3790 misso
282 3730 392 3792 modo.

222 3966 317 4041 feria
345 3977 442 4041 sexta
470 3974 624 4059 proxima
652 3982 728 4062 post
756 3982 897 4047 octavas
925 3974 1187 4064 Epiphaniaram
1216 3973 1357 4047 Domini.

668 4124 732 4201 (18.
748 4130 914 4204 januarii).

266 4264 370 4327 Causa
396 4265 477 4326 inter
502 4265 631 4328 Petrum
657 4267 773 4348 Sporar
805 4281 835 4329 et
859 4270 1089 4350 Augustinum,
1122 4269 1325 4353 Myrkonem,
1350 4268 1427 4331 Cle·

161 4385 302 4433 mentem
326 4383 357 4432 et
380 4370 495 4432 Ztansa
519 4392 577 4453 pro
602 4387 688 4454 parte
721 4375 879 4436 evasionis
903 4376 1103 4455 Turkorum,
1135 4375 1276 4437 secunda
1299 4375 1427 4440 citaci0.

268 4476 373 4538 Causa
397 4477 479 4538 inter
504 4477 697 4559 Gregorium
721 4480 892 4562 pellificem
924 4480 1063 4562 juratum
1089 4482 1282 4543 modernum
1307 4495 1338 4544 et
1362 4482 1429 4544 Jal-

162 4584 245 4646 aicza
269 4583 449 4663 mulierem,
472 4585 612 4646 secunda
636 4586 759 4649 citaci0.
957 4653 959 4657 ,

270 4689 345 4750 Item
374 4689 499 4750 Blasius
523 4691 686 4752 Zteniczki
710 4694 816 4754 senior
840 4693 933 4767 judex
951 4694 1100 4776 deposuit
1123 4692 1340 4774 juramentum
1357 4713 1424 4756 cor·

164 4795 274 4877 porale
299 4795 332 4856 in
357 4796 491 4858 ecclesia
515 4797 615 4858 sancti
639 4799 737 4858 Marci
769 4799 800 4859 in
826 4819 878 4860 ara
910 4813 1016 4861 sancte
1041 4798 1154 4861 Crucis
1178 4812 1289 4860 contra
1314 4799 1427 4861 Domi-

163 4901 270 4964 nicum
297 4901 337 4966 de
362 4903 523 4966 Vrbowcz
540 4905 669 4966 racione
692 4906 907 4986 quorumdam
925 4906 1111 4969 debitorum
1136 4907 1219 4967 inter
1238 4906 1326 4988 ipsos
1351 4903 1417 4967 bab
