3142 5356
147 337 209 414 264

675 335 762 391 Anno
786 346 877 409 1434.

417 440 596 447 --.—--..---..
1009 436 1072 441 .--
1095 433 1411 441 ——-———

147 562 178 611 et
203 545 408 630 pertinenciis
433 544 589 605 universis
615 543 772 629 Dyonisio
801 542 915 604 sartori
940 540 1008 603 filio
1035 538 1166 622 Georgii
1191 560 1252 623 pro
1275 540 1416 601 sedecim

147 655 216 717 flor.
241 652 309 715 auri
336 651 481 712 vendidit
505 665 660 733 perpetuo
686 649 925 733 possidendam.

253 759 331 820 ltem
357 777 452 840 super
475 758 572 818 tercia
605 770 693 839 parte
727 756 856 834 domus,
880 754 983 833 lundi,
1016 754 1193 835 celariique
1217 755 1420 816 subterranei

147 886 182 928 ac
207 863 444 941 hedificiorum,
467 883 530 944 que
563 862 701 924 condam
727 861 818 923 Pauli
844 861 937 941 jurati
972 861 1049 923 dicti
1075 858 1286 922 Zidowchich
1311 859 1420 943 pref-

148 985 224 1050 erat,
251 990 349 1032 unam
373 969 524 1030 videlicet
549 983 695 1050 quartam
720 982 751 1029 et
775 968 906 1030 terciam
926 982 1049 1049 partem
1066 967 1162 1028 unius
1186 980 1303 1048 quarte
1322 967 1420 1044 curie,

149 1097 221 1140 cum
247 1078 351 1138 libero
376 1076 510 1137 introitu
535 1090 565 1136 et
582 1076 668 1136 exitu
693 1088 723 1136 et
748 1075 819 1136 aliis
836 1075 958 1135 cunctis
975 1075 1041 1135 suis
1065 1074 1259 1136 utilitatibus
1275 1088 1307 1136 et
1324 1075 1420 1156 perti·

149 1184 270 1245 nenciis
295 1182 465 1260 universis,
490 1202 548 1243 nec
580 1201 644 1242 non
678 1201 773 1263 super
798 1181 937 1262 quadam
972 1181 1065 1242 vinea
1090 1181 1121 1241 iu
1154 1181 1321 1243 territorio
1346 1182 1420 1243 civi·

149 1291 222 1353 tatis
245 1291 327 1350 inter
358 1289 486 1349 vineam
512 1287 618 1368 Egidii
652 1285 807 1348 carnificis
831 1307 866 1348 ac
900 1288 981 1348 inter
1012 1287 1175 1348 stabulum
1200 1299 1232 1348 et
1257 1287 1419 1370 (h)oreum

151 1417 186 1458 ac
210 1397 338 1457 vineam
372 1394 507 1475 Agnetis
539 1393 683 1454 mulieris
716 1393 824 1454 relicte
857 1407 887 1453 et
921 1393 1018 1455 Marci
1050 1413 1085 1454 ac
1118 1393 1219 1454 Elene
1244 1412 1421 1475 puerorum

150 1521 282 1564 suorum
310 1501 417 1562 habita
442 1515 473 1561 et
498 1500 662 1576 existente,
688 1498 825 1581 desuper
850 1520 866 1559 a
892 1500 942 1559 via
964 1500 1129 1560 communi
1155 1513 1186 1560 et
1211 1499 1292 1560 infra
1320 1520 1422 1582 usque

151 1609 291 1670 rivulum
326 1606 423 1668 simul
448 1625 520 1668 curn
554 1605 693 1687 quadam
726 1605 824 1666 domo
856 1605 962 1686 lignea
996 1619 1026 1667 et
1059 1606 1177 1668 celario
1209 1608 1422 1669 subterraneo

151 1716 211 1776 sub
237 1714 348 1776 eadem
376 1714 504 1790 situato,
530 1727 560 1773 et
591 1711 662 1772 aliis
686 1712 808 1773 cunctis
839 1713 903 1773 suis
935 1713 1126 1774 utilitatibus
1158 1726 1190 1774 et
1212 1714 1422 1795 pertinenciis

152 1821 310 1882 universis
334 1818 509 1881 Benedicto
545 1818 631 1879 dicto
658 1819 758 1879 Rensa
784 1817 850 1880 filio
880 1817 992 1901 prefati
1018 1819 1108 1880 Pauli
1135 1819 1228 1899 jurati
1254 1833 1302 1882 est
1326 1820 1420 1882 litera

153 1941 299 1989 emanata
324 1941 354 1987 et
378 1925 485 2006 sigillo
511 1925 752 1986 communitatis
776 1926 972 2006 consignata.

260 2032 336 2094 ltem
362 2032 477 2093 Vrsula
509 2029 573 2092 filia
602 2031 736 2113 predicti
765 2032 853 2092 Pauli
887 2032 979 2111 jurati
1004 2033 1136 2094 totalem
1169 2052 1262 2094 suam
1287 2034 1421 2096 terciam

154 2153 277 2223 partem
302 2137 444 2220 predicte
469 2138 596 2215 domus,
621 2135 722 2214 lundi,
755 2137 864 2198 celarii
896 2138 1095 2199 subterranei
1120 2153 1151 2199 et
1175 2137 1424 2216 hedificiorum;

154 2247 230 2308 item
267 2244 421 2326 quasdam
458 2243 537 2305 duas
572 2244 682 2304 vineas
718 2263 773 2303 seu
808 2244 948 2304 vineales
983 2244 1153 2325 porciones
1187 2244 1271 2306 inter
1307 2246 1421 2307 vineas

155 2351 287 2432 Georgii
313 2350 464 2431 lutifiguli
490 2364 520 2412 et
544 2351 719 2411 liberorum
738 2350 875 2410 condam
902 2350 991 2410 Pauli
1010 2348 1295 2429 Charanthowich,
1319 2370 1421 2413 unam

155 2458 305 2519 videlicet
328 2457 463 2518 liberam
496 2477 512 2516 a
545 2471 632 2538 parte
666 2457 758 2516 vinee
791 2455 923 2537 Georgii
956 2455 1118 2537 lutifiguli,
1144 2470 1174 2518 et
1206 2457 1305 2518 aliam
1343 2478 1422 2520 con·

156 2565 350 2626 dicionalem
383 2583 400 2623 a
432 2577 519 2644 parte
553 2564 696 2644 ipsorum
728 2563 904 2625 liberorum
931 2564 1021 2624 Pauli
1055 2563 1329 2626 Charauthowich
1363 2566 1420 2627 ha·

156 2671 236 2732 bitas
261 2683 291 2731 et
316 2670 495 2747 existentes,
514 2669 615 2751 ipsam
640 2670 707 2750 iure
740 2671 986 2731 condivisionali
1012 2684 1251 2749 concernentes,
1279 2672 1422 2734 Martino

155 2777 266 2838 sartori
291 2776 415 2837 concivi
441 2790 549 2836 nostro
583 2775 650 2837 filio
684 2777 783 2836 Marci
816 2777 951 2837 domino
976 2777 1127 2838 videlicet
1150 2791 1181 2838 et
1213 2778 1329 2838 marito
1364 2798 1424 2840 suo

156 2882 314 2944 moderno
346 2884 388 2943 ob
422 2901 563 2942 amorem
598 2882 719 2943 sincere
755 2883 856 2943 virilis
890 2883 1077 2944 dileccionis
1109 2883 1242 2944 donavit
1265 2899 1425 2966 perpetuo

157 2988 397 3071 possidendam,
423 2988 465 3049 ita
490 3003 609 3066 tamen,
626 2989 713 3069 quod
740 2986 879 3070 prefatus
897 2990 1054 3050 Martinus
1077 3004 1179 3052 sartor
1202 3004 1234 3052 et
1249 2991 1299 3052 sui
1317 2992 1424 3054 cuncti

157 3095 290 3157 heredes
315 3114 370 3174 per
395 3094 536 3156 eundem
561 3094 644 3156 dicte
661 3095 812 3155 videlicet
833 3096 926 3157 vinee
944 3096 1177 3158 condicionalis
1193 3116 1252 3179 pro
1276 3110 1424 3181 tempore

158 3221 357 3285 possessores
381 3203 516 3282 singulis
540 3203 631 3262 annis
655 3218 800 3284 tempore
831 3203 992 3264 vindemie
1018 3205 1058 3265 de
1091 3205 1201 3266 eadem
1227 3206 1322 3267 vinea
1346 3225 1424 3266 con·

158 3308 309 3370 dicionali
325 3324 387 3368 tres
405 3309 539 3368 cubulos
553 3310 647 3369 musti
665 3309 704 3369 ad
719 3309 928 3370 colendinum
944 3308 1257 3390 Theuthonicorum,
1274 3312 1424 3394 aliosque

156 3430 219 3477 tres
244 3414 380 3477 cubulos
405 3414 499 3474 musti
525 3415 564 3474 ad
598 3415 755 3496 hospitale
789 3417 820 3476 in
854 3416 938 3476 dicta
962 3416 1088 3477 civitate
1121 3414 1266 3477 habitum
1291 3417 1369 3479 dare
1393 3433 1425 3480 et

158 3521 392 3583 amministrare
416 3521 619 3583 tenebuntur.

264 3627 341 3687 ltem
368 3627 478 3687 Petrus
503 3626 594 3686 aliter
612 3626 769 3688 Penthera
787 3629 892 3690 dictus
916 3626 1001 3688 filius
1020 3627 1105 3690 Galli
1132 3641 1162 3689 et
1181 3627 1321 3689 Michael
1338 3627 1423 3690 filius

161 3734 289 3796 Andree
315 3734 353 3793 de
380 3734 537 3814 Brusnylr,
561 3753 618 3813 pro
642 3746 718 3795 tunc
735 3736 833 3796 nostri
852 3735 1010 3812 concives,
1035 3735 1167 3796 totalem
1192 3734 1327 3796 domum
1352 3754 1422 3795 mu·

158 3855 259 3902 ratam
293 3856 323 3901 et
356 3838 492 3900 fundum
525 3859 560 3900 ac
585 3839 731 3902 hedificia
765 3861 822 3902 nec
855 3861 920 3902 non
954 3841 1148 3902 mediocrem
1173 3853 1205 3902 et
1237 3838 1422 3903 inferiorem

157 3963 280 4030 partem
305 3947 400 4007 turris
423 3966 523 4027 prope
548 3960 673 4028 portam
698 3947 859 4028 lapideam
885 3949 966 4008 inter
983 3965 1092 4007 muros
1116 3946 1261 4008 eiusdem
1287 3946 1423 4009 civitatis

157 4055 298 4115 habitam
327 4069 356 4113 et
381 4054 580 4130 existentem,
613 4053 692 4113 duas
726 4073 798 4114 cum
833 4053 939 4114 media
972 4052 1075 4113 curias
1106 4053 1137 4113 in
1162 4072 1194 4112 se
1219 4052 1422 4131 retinentem,

157 4161 254 4222 simul
280 4180 351 4221 cum
377 4160 549 4222 medietate
581 4160 703 4241 capelle
735 4162 825 4221 beate
851 4160 963 4220 Vrsule
997 4159 1130 4241 virginis
1161 4173 1192 4220 et
1215 4160 1357 4221 martiris
1388 4179 1422 4220 ac

158 4287 231 4329 cum
257 4266 375 4348 (h)0rto
401 4286 512 4327 eorum
544 4266 646 4344 totali,
671 4286 733 4346 que
767 4281 798 4326 et
822 4267 876 4347 qui
912 4266 1048 4328 condam
1074 4265 1229 4327 lobannis
1253 4266 1424 4348 Zigethsalx

159 4372 329 4455 prefuerat,
354 4388 384 4434 et
408 4393 503 4454 super
528 4393 582 4433 eos
607 4373 673 4453 jure
699 4373 774 4454 ipsis
808 4373 1011 4434 incumbente
1037 4373 1189 4435 devoluta
1214 4373 1363 4435 extiterat
1386 4392 1422 4434 ac

159 4480 298 4558 redacta,
323 4480 391 4540 viro
410 4479 545 4560 provido
564 4479 729 4540 Anthonio
753 4479 876 4560 pridem
902 4478 999 4559 judici
1017 4479 1208 4560 concivique
1234 4492 1345 4541 nostro
1362 4499 1420 4561 pro

159 4602 286 4648 centum
305 4602 334 4647 et
354 4586 465 4666 viginti
485 4605 549 4646 uno
567 4584 636 4647 flor.
662 4586 728 4645 auri
755 4600 785 4645 et
802 4587 877 4646 citra
902 4584 1116 4646 vendiderunt
1139 4597 1297 4667 perpetuo
1321 4586 1421 4669 possi·

158 4693 309 4770 dendam,
335 4708 364 4754 et
382 4691 555 4774 superinde
573 4692 677 4752 eidem
695 4692 861 4753 Anthonio
878 4692 981 4771 jurato
998 4705 1073 4753 suut
1089 4692 1180 4753 litere
1204 4692 1421 4774 privilegiales

158 4799 300 4863 conferte
327 4815 356 4861 et
382 4813 527 4860 emanate
553 4812 583 4858 et
608 4798 714 4879 sigillo
739 4798 978 4860 communitatis
1002 4796 1198 4864 confirmate.
