3142 5356
152 473 209 555 176
560 472 647 530 Anno
669 467 761 546 1508.
787 505 828 515 -
852 470 904 532 26.
928 472 1008 530 maii.

148 685 276 760 vivum;
300 705 397 767 super
420 703 486 766 quo
511 683 653 766 prelatus
678 683 840 745 lohannes
857 681 997 764 irenipar
1022 701 1086 743 non
1113 697 1283 744 contentus
1305 682 1416 765 appel·

148 792 225 852 lavit
249 791 288 853 ad
313 791 465 853 seniores.
490 826 533 835 —
559 790 710 851 Seniores
735 789 857 867 iudices
875 787 1029 870 prefatam
1055 808 1181 849 causam
1208 788 1328 848 auditis
1347 809 1416 870 par-

148 899 233 959 tibus
264 899 420 959 ambabus
455 910 486 959 et
518 897 618 958 revisa
652 897 825 977 agnitaque
859 895 992 957 veritate
1017 895 1116 956 iidem
1149 894 1419 974 adjudicaverunt

149 1002 307 1085 prefatum
333 1003 512 1065 iohannem
539 1015 647 1064 contra
671 1003 792 1063 Lucam
817 1016 960 1063 sutorem
978 1001 1111 1062 minime
1137 1020 1226 1062 reum
1252 1013 1283 1062 et
1307 1000 1417 1083 culpa·

149 1109 245 1171 bilem
272 1129 350 1174 esse.

325 1345 421 1418 Feria
449 1345 556 1419 tercia
585 1345 737 1436 proxima
767 1357 845 1418 ante
874 1347 1077 1418 dominicam
1105 1346 1233 1418 letare.

678 1496 747 1580 (28.
771 1500 898 1576 martit).

256 1639 361 1702 Causa
387 1640 469 1701 inter
493 1640 707 1701 Laurencium
740 1639 894 1701 colonum
928 1639 1142 1721 pertinentem
1168 1637 1207 1698 ad
1234 1636 1362 1699 Medwe
1387 1651 1420 1699 et

150 1748 415 1828 circumspectum
443 1745 636 1827 Gregorium
662 1744 833 1827 pellificem
856 1746 1017 1807 seniorem
1042 1744 1181 1826 judicem
1206 1743 1351 1825 partibus
1375 1744 1416 1805 ab

152 1853 249 1914 altera
275 1852 404 1914 racione
429 1866 459 1913 et
483 1866 628 1933 pretextu
646 1851 820 1913 locucionis
845 1851 1011 1913 cuiusdam
1029 1851 1094 1911 viui
1115 1870 1169 1932 per
1194 1849 1316 1910 dictutu
1335 1849 1419 1910 Lau·

151 1959 306 2038 rencium,
333 1959 387 2019 ubi
413 1958 517 2019 dictus
534 1958 731 2019 Laureucius
755 1959 865 2019 asserit
883 1958 922 2019 de
939 1957 1168 2019 commissione
1186 1969 1216 2018 et
1237 1956 1420 2017 annuencia

150 2063 264 2146 prefati
291 2063 440 2144 Gregorii
465 2077 581 2126 eotunc
613 2064 728 2146 judicis
762 2065 883 2126 dictum
918 2065 1028 2126 vinum
1062 2064 1190 2142 locavit,
1214 2063 1317 2125 dictus
1342 2082 1420 2125 vero

151 2169 326 2251 Gregorius
350 2169 446 2250 judex
464 2171 676 2232 annuenciam
700 2170 886 2232 huiusmodi
905 2171 1044 2252 negavit,
1062 2169 1147 2231 unde
1172 2169 1266 2249 iurati
1291 2169 1421 2250 adjudi-

151 2274 283 2357 carunti,
315 2296 352 2336 ex
384 2295 450 2357 quo
483 2278 697 2338 annuenciam
729 2277 916 2339 huiusmodi
948 2278 1078 2358 negavit
1113 2277 1187 2338 ideo
1218 2275 1296 2337 feria
1333 2291 1421 2338 sexta

153 2382 298 2464 proxima
321 2396 393 2463 post
420 2382 616 2444 dominicam
640 2383 739 2457 Quasi
768 2384 868 2444 modo
900 2384 999 2465 geniti
1018 2384 1049 2444 in
1067 2383 1157 2444 altari
1183 2397 1290 2444 sancte
1304 2381 1422 2445 Crucis

152 2489 256 2570 jurare
280 2488 410 2550 debebit
434 2490 522 2570 quod
548 2490 633 2552 idem
659 2491 781 2553 dictum
806 2493 918 2552 vinum
938 2492 1044 2553 locare
1066 2511 1132 2552 non
1157 2490 1303 2566 admisit;
1329 2491 1421 2572 quod

151 2595 177 2655 si
202 2594 306 2656 dictus
338 2594 515 2676 Gregorius
547 2595 642 2676 judex
674 2617 740 2658 non
771 2597 940 2678 juraverit,
974 2612 1089 2660 extunc
1123 2598 1208 2658 idem
1241 2596 1422 2678 Gregorius

151 2699 246 2781 judex
271 2702 435 2763 convictus
459 2717 506 2763 est
534 2723 629 2785 super
662 2723 870 2786 quocumque
905 2706 1009 2766 dictus
1033 2705 1230 2767 Laurencius
1254 2703 1420 2783 juraverit.

258 2807 381 2868 Eodem
408 2808 459 2868 die
485 2829 579 2870 causa
612 2809 694 2871 inter
719 2811 870 2892 Magdam
903 2812 1100 2873 servitricem
1128 2810 1259 2892 Georgii
1285 2831 1421 2894 carpen-

150 2912 222 2973 tarii
247 2926 278 2974 et
303 2913 494 2976 Michaelem
513 2935 624 2996 sporar
647 2917 775 2978 racione
793 2918 1006 3000 percussionis
1028 2932 1058 2979 et
1082 2917 1344 3000 vituperacionis‚
1362 2921 1420 2981 ubi

151 3017 244 3098 jurati
269 3018 501 3099 adjudicarunt,
529 3021 617 3102 quod
643 3042 680 3082 ex
708 3042 774 3104 quo
806 3021 927 3105 prefata
953 3024 1070 3104 Magda
1096 3041 1229 3086 uxorem
1255 3024 1332 3085 dicti
1359 3026 1421 3086 Mi-

153 3124 282 3203 chaelis,
318 3141 412 3206 prout
440 3128 526 3189 idem
554 3128 693 3190 Michael
726 3131 845 3208 asserit,
880 3131 1068 3212 vituperavit
1100 3145 1130 3192 et
1162 3150 1220 3211 pro
1252 3130 1423 3213 vituperiis

152 3231 337 3292 huiusmodi
362 3233 480 3295 dictam
505 3235 655 3295 ancillam
681 3237 847 3317 percussit,
872 3237 945 3297 ideo
972 3237 1056 3298 idem
1086 3236 1202 3297 ancilla
1226 3234 1304 3298 seria
1331 3254 1421 3301 sexta

152 3352 224 3419 post
256 3338 452 3400 dominicam
486 3340 585 3414 Quasi
619 3342 718 3403 modo
752 3344 852 3423 geniti
886 3345 989 3426 jurare
1021 3344 1152 3405 debebit
1184 3344 1272 3424 quod
1299 3343 1421 3408 dictam

153 3463 285 3506 uxorem
311 3446 476 3508 Michaelis
501 3468 564 3509 non
590 3449 802 3530 vituperavit;
827 3452 974 3533 deposito
993 3451 1101 3533 itaque
1124 3451 1311 3513 huiusmodi
1337 3453 1423 3534 jura·

153 3563 262 3612 mento
298 3551 385 3612 idem
421 3552 559 3615 Michael
590 3573 701 3636 sporar
736 3557 902 3619 convictus
937 3571 984 3620 est
1016 3558 1048 3618 in
1085 3577 1167 3639 pena
1202 3560 1423 3640 percussionis

153 3654 351 3719 huiusmodi.

233 3890 330 3964 Feria
368 3902 465 3966 serta
504 3896 657 3984 proxima
696 3906 773 3988 post
810 3901 932 3972 festum
969 3900 1058 3973 beati
1087 3902 1213 3972 Vrbani
1243 3922 1338 3992 pape.

678 4049 745 4127 (26.
776 4053 877 4122 matt).

260 4185 365 4248 Causa
390 4187 472 4251 iuter
501 4187 685 4253 Gabrielem
717 4192 819 4255 filium
845 4195 994 4256 Marencz
1026 4215 1080 4257 seu
1106 4209 1230 4277 patrem
1262 4217 1359 4261 suum
1386 4214 1422 4263 ut

156 4303 295 4352 actorem
322 4306 353 4354 et
377 4293 581 4357 Lodouicum
605 4295 706 4359 filium
732 4299 869 4360 condam
889 4299 1040 4383 Gasparis
1060 4303 1100 4363 de
1126 4303 1204 4364 Lala
1228 4316 1263 4366 ut
1288 4304 1319 4366 in
1346 4325 1421 4369 cau·

154 4415 220 4457 sam
246 4411 416 4461 attractum
434 4402 562 4463 racione
580 4417 610 4464 et
625 4418 771 4485 pretextu
788 4405 955 4468 cuiusdam
973 4407 1089 4470 domus
1114 4409 1145 4470 in
1165 4410 1291 4471 civitate
1311 4428 1423 4475 nostra

154 4500 273 4581 habita,
299 4524 398 4586 penes
411 4507 631 4569 testimonium
656 4509 868 4573 sufficientem
893 4513 1071 4575 addictam
1096 4535 1224 4578 causam
1249 4529 1280 4577 et
1304 4537 1422 4582 manus

154 4607 230 4670 dicti
256 4610 413 4673 Lodouici
438 4614 565 4695 proprie
598 4617 714 4697 scripta
738 4630 770 4680 et
801 4632 913 4700 expost
945 4639 1003 4701 pro
1028 4621 1138 4683 debito
1170 4622 1245 4684 dicti
1278 4627 1420 4688 condam

155 4712 307 4796 Gasparis
330 4717 465 4799 obligati
490 4732 521 4782 et
536 4722 666 4782 tandem
692 4743 747 4804 per
763 4722 922 4805 prelatum
941 4724 1124 4787 Gabrielem
1150 4729 1278 4790 cuidam
1297 4730 1422 4795 Mathie

154 4821 293 4884 debitori
327 4825 404 4886 dicti
438 4824 589 4908 Gasparis
620 4829 754 4910 obligati
779 4830 904 4912 justicia
936 4833 1097 4895 mediante
1128 4833 1178 4913 jus
1202 4836 1269 4916 ipsa
1293 4838 1422 4901 solvere

154 4929 325 5010 commisit,
339 4931 413 4993 ideo
430 4931 523 5012 iurati
540 4933 765 5015 adjudicarunt
778 4957 877 5019 penes
892 4937 1051 5021 prefatum
1068 4941 1289 5003 testimonium
1307 4963 1418 5026 supra·
