3156 5364
571 512 772 586 Ann01509.
796 544 840 554 -
863 525 912 586 23.
937 510 1018 571 ninii.
1366 506 1423 586 189

156 722 305 805 pacificos
318 738 348 784 et
361 723 532 804 expeditos
545 721 764 800 reddiderunt,
784 739 1014 804 processusque
1028 719 1218 780 eorumdem
1233 738 1270 778 ex
1288 733 1423 799 utraque

156 845 241 910 parte
269 828 361 891 factis
377 842 443 890 tam
470 829 502 889 in
526 828 602 890 sede
620 842 728 890 nostra
745 847 843 909 quam
867 828 968 888 eciam
986 827 1017 887 in
1036 825 1111 886 sede
1136 824 1293 906 spirituali
1311 843 1422 886 coram

156 935 289 998 domino
313 936 435 997 vicario
461 934 679 1012 fulminantes,
705 955 807 996 cassas
828 934 1037 996 reddiderunt
1061 932 1182 993 nullius
1207 930 1275 993 fore
1299 933 1421 1013 vigoris

156 1044 452 1123 pronunciaverunt
476 1057 507 1104 et
531 1042 787 1103 anichilaverunt
815 1060 922 1102 coram
947 1041 1050 1103 nobis.

337 1280 433 1353 Faria
461 1290 560 1353 sexta
588 1289 665 1370 post
694 1280 817 1351 festum
847 1276 1062 1350 Ascensionis
1089 1277 1232 1349 Domini.

696 1430 760 1510 (18.
784 1437 879 1510 maii).

261 1575 400 1639 Michael
426 1575 618 1660 Oprasnyeh
643 1590 753 1637 contra
779 1575 986 1636 Dominicum
1012 1575 1188 1659 Perowych
1212 1574 1355 1637 secundo
1380 1575 1424 1635 ci·

155 1697 239 1746 tatus
263 1703 330 1745 uon
354 1685 545 1766 comparuit.

262 1789 368 1853 Causa
392 1791 475 1851 inter
506 1790 676 1852 dominum
702 1789 893 1851 Michaelem
925 1791 1129 1873 capellanum
1162 1791 1287 1852 domini
1311 1789 1424 1852 suffra·

154 1897 249 1978 ganei
276 1911 307 1958 et
338 1897 528 1978 magistrum
561 1897 730 1958 Albertum
762 1897 917 1977 pictorem
948 1897 1076 1958 racione
1109 1911 1139 1957 et
1162 1911 1308 1979 pretextu
1340 1911 1421 1958 terre

155 2003 297 2082 arabilis,
329 2004 416 2084 quod
449 2003 588 2064 condam
620 2002 758 2064 Mathias
788 2017 890 2065 sartor
922 2024 957 2064 ac
991 2004 1123 2064 domina
1156 2023 1288 2065 consors
1319 2023 1417 2064 suaa

155 2109 294 2170 condam
318 2109 476 2191 Gregorio
495 2109 681 2191 Simwnych
699 2109 784 2169 dicto
802 2108 870 2169 filio
888 2109 1034 2170 similiter
1052 2108 1200 2190 Gregorii
1228 2107 1422 2192 Symwnych

160 2215 248 2294 dicti,
273 2214 444 2297 fratrisque
468 2217 598 2277 domine
613 2215 776 2276 Dorothee
801 2215 864 2276 filie
882 2216 1029 2277 similiter
1053 2215 1166 2298 prefati
1192 2215 1341 2297 Gregorii
1366 2216 1423 2300 sy-

156 2320 306 2403 mwnych
333 2322 512 2403 empcionis
535 2321 630 2382 titulo
662 2321 836 2382 literatorie
862 2335 979 2402 empte,
1012 2335 1107 2403 prout
1131 2321 1304 2404 superinde
1328 2323 1360 2383 in
1386 2323 1422 2383 li·

156 2428 232 2489 teris
256 2428 498 2488 communitatis
523 2428 606 2488 clare
631 2427 782 2504 vidimus,
815 2447 913 2508 penes
937 2447 1017 2508 quas
1049 2428 1156 2489 literas
1180 2429 1274 2508 jurati
1299 2428 1423 2509 adjudi-

158 2548 322 2611 caverunt,
347 2534 435 2614 quod
460 2533 592 2594 domina
617 2534 700 2594 dicta
726 2533 888 2594 Dorothea
913 2534 1012 2595 libere
1030 2535 1136 2616 legare
1161 2555 1252 2617 posse
1278 2555 1343 2617 quo
1367 2556 1423 2598 vo·

159 2639 273 2702 luntati
305 2660 362 2701 sue
393 2641 524 2721 placuit,
555 2640 641 2701 unde
673 2639 793 2721 prefata
828 2641 959 2701 domina
993 2641 1157 2703 Dorothea
1189 2657 1261 2724 post
1285 2656 1422 2704 mortem

159 2745 233 2807 dicti
266 2746 372 2807 mariti
397 2746 446 2807 sui
480 2746 612 2807 domine
646 2751 740 2806 Anne
773 2746 918 2827 privigne
950 2767 1006 2807 sue
1031 2767 1104 2809 cum
1137 2748 1253 2809 marito
1277 2748 1422 2809 eiusdem

160 2852 259 2915 Paulo
284 2854 411 2914 literato
435 2853 700 2914 testamentaliter
733 2853 839 2932 legare
872 2853 1068 2929 dinoscitur;
1100 2855 1230 2915 tandem
1254 2855 1340 2915 idern
1365 2854 1422 2915 do·

159 2961 244 3022 mina
261 2965 355 3022 Anna
370 2961 517 3042 privigna
531 2958 651 3041 prefate
666 2960 802 3020 condam
817 2959 949 3021 domiue
965 2959 1126 3021 Dorothee
1141 2961 1242 3021 eciam
1260 2961 1292 3021 in
1310 2960 1422 3022 ultima

161 3087 214 3129 sua
239 3067 405 3129 voluntate
430 3067 548 3128 dictam
583 3081 698 3127 terram
731 3067 914 3126 venditioni
940 3067 1101 3128 commisit
1125 3086 1284 3148 exponere
1309 3081 1340 3129 et
1363 3086 1422 3148 pro

160 3175 263 3236 anima
288 3173 552 3256 predecessorum
571 3192 702 3234 suorum
729 3173 924 3254 pauperibus
943 3173 1087 3252 elargiri;
1113 3171 1254 3254 prefatus
1271 3174 1423 3234 dominus

163 3280 296 3342 Michael
320 3280 359 3341 de
384 3280 505 3361 judicio
527 3279 703 3360 juratorum
729 3299 792 3340 non
819 3292 988 3339 contentus
1012 3279 1186 3360 appellavit
1202 3279 1242 3340 ad
1268 3279 1421 3342 seniores.

236 3518 332 3590 feria
362 3526 488 3607 quarta
518 3516 671 3606 proxima
700 3526 776 3605 post
804 3517 927 3588 festum
955 3518 1051 3588 beate
1079 3516 1176 3588 Elene
1206 3521 1327 3607 regine.

696 3670 761 3747 (23.
786 3671 881 3743 mair').

262 3813 414 3874 Seniores
445 3812 568 3890 judices
602 3832 729 3873 causam
761 3826 881 3872 motam
915 3813 997 3872 inter
1025 3813 1194 3873 dominum
1228 3814 1420 3876 Michaelem

156 3918 358 4000 capellanum
393 3918 517 3980 domini
551 3917 743 4000 suffraganei
776 3932 807 3979 et
839 3919 1026 3998 magistrum
1058 3918 1227 3980 Albertum
1264 3921 1421 4001 pictorem

154 4025 241 4106 prius
255 4044 310 4107 per
328 4009 448 4103 juratos
465 4026 566 4086 revisa
592 4039 622 4084 et
639 4024 767 4084 tandem
783 4023 822 4084 ad
844 4044 903 4084 nos
919 4025 1062 4086 seniores
1078 4024 1200 4104 judices
1216 4026 1422 4108 appellatam,

155 4131 240 4192 unde
266 4150 326 4192 uos
349 4129 504 4212 prefatam
538 4150 666 4191 causam
691 4130 773 4190 inter
804 4129 904 4190 dictas
928 4144 1032 4211 partes
1064 4131 1192 4192 racione
1218 4143 1248 4191 et
1272 4147 1419 4213 pretextu

154 4236 236 4299 dicte
271 4250 353 4298 terre
384 4236 515 4298 arabilis
545 4237 643 4297 talem
675 4236 953 4313 adjudicacionem
987 4251 1017 4297 et
1049 4237 1241 4298 revisionem
1275 4237 1420 4316 fecimus,

154 4343 229 4407 licet
253 4341 375 4426 prefata
391 4357 473 4405 terra
498 4344 627 4405 arabilis
644 4342 739 4404 fuerit
764 4345 900 4405 condam
920 4343 1067 4426 Gregorii
1089 4345 1327 4428 Simwnowych
1344 4346 1420 4407 dicti

154 4448 211 4512 filii
238 4450 376 4511 condam
393 4449 541 4512 similiter
566 4448 715 4530 Gregorii
734 4450 984 4532 Simwnowych,
998 4451 1101 4532 patrui
1116 4470 1193 4513 vero
1217 4452 1327 4513 matris
1344 4453 1420 4514 dicti
1474 4453 1476 4458 ’

154 4556 324 4620 Michaelis
347 4557 525 4638 presbiteri,
549 4569 656 4617 tamen
682 4555 802 4638 prefata
836 4557 973 4618 condam
1003 4558 1134 4619 domina
1161 4558 1322 4620 Dorothea
1347 4578 1420 4620 cum

155 4661 277 4725 Mathia
299 4675 419 4723 sartore
437 4662 573 4743 viroque
589 4681 648 4722 suo
665 4683 681 4723 a
700 4662 837 4723 condam
856 4662 978 4743 prefato
997 4663 1155 4744 Gregorio
1179 4665 1417 4748 Simwnowych

154 4769 464 4850 consanguineoque
482 4788 541 4830 suo
566 4769 682 4830 dictam
700 4784 815 4830 terram
835 4784 865 4831 et
889 4770 967 4830 alias
985 4771 1211 4852 possessiones,
1229 4785 1417 4852 partemque

153 4894 258 4955 suam,
276 4895 335 4958 pro
359 4877 559 4958 septuaginta
584 4876 653 4938 flor.
670 4877 738 4938 auri
757 4877 884 4938 emisset
909 4891 939 4938 et
955 4877 1139 4959 superinde
1156 4878 1263 4939 literas
1279 4877 1416 4939 civitatis

153 4981 324 5060 exhibitas,
341 4982 429 5063 quod
445 4980 567 5066 prefata
585 4981 723 5044 condam
741 4983 872 5044 domina
890 4982 1054 5045 Dorothea
1068 5003 1141 5046 curn
1160 4983 1282 5046 Mathia
1296 4997 1422 5047 sartore
