3142 5356
510 1383 637 1483 (hnno
664 1380 820 1469 Domini
848 1379 1189 1481 MCGGGXXXVD

234 1723 270 1797 ln
300 1723 441 1797 nomine
472 1720 632 1796 Domini.
662 1719 789 1796 Amen.
826 1721 931 1796 Anno
960 1719 1170 1796 Natiuitatis
1200 1720 1363 1796 eiusdem
1394 1720 1499 1795 mille·

234 1848 327 1921 simo
357 1845 711 1945 quadringentesimo
748 1847 933 1920 tricesimo
972 1853 1091 1935 sext0,
1119 1854 1286 1944 tempore
1318 1844 1499 1941 judicatus

235 1970 373 2046 Nicolai
389 1969 518 2066 judicis
548 1971 661 2044 nostri
684 1969 855 2059 moderni,
874 1967 933 2043 lilii
954 1967 1114 2061 Fabiani,
1143 1991 1297 2067 presens
1326 1968 1501 2043 kathema

235 2102 294 2168 est
331 2095 536 2192 conscripta
573 2116 683 2191 super
720 2093 985 2191 registracione
1023 2101 1061 2167 et
1100 2093 1388 2190 consignacione
1428 2115 1500 2166 cer·

234 2226 350 2290 tarum
380 2217 561 2290 literarum
599 2215 874 2314 privilegialium
914 2217 1041 2290 civium
1071 2223 1108 2291 et
1144 2215 1390 2291 habitatorum
1420 2216 1498 2290 civi-

235 2340 322 2414 tatis
353 2346 547 2438 prenotate
575 2338 667 2414 infra
696 2339 970 2431 nominatorum,
1005 2363 1115 2438 super
1142 2341 1441 2439 possessionibus
1468 2340 1500 2412 in

289 2462 415 2538 eadem
445 2464 592 2538 civitate
621 2471 659 2538 et
687 2463 764 2537 eius
792 2463 978 2538 territorio
1008 2463 1149 2552 habitis,
1187 2462 1449 2539 confectarum.

304 2698 399 2772 Faria
428 2709 552 2789 quarta
581 2703 736 2789 proxima
770 2710 848 2772 ante
876 2701 998 2773 festum
1028 2699 1283 2773 Purificaciouis
1313 2702 1432 2773 Maria.

748 2860 789 2926 (1.
812 2855 983 2925 februarii).

343 2992 418 3052 ltem
445 2992 519 3072 quia
544 2992 677 3073 provida
702 2993 817 3054 mulier
835 2991 1011 3075 Elyzabeth
1045 3006 1156 3054 vocata
1182 2991 1246 3053 filia
1272 2990 1426 3072 Gregorii
1456 3013 1501 3053 re·

237 3098 312 3159 licta
337 3097 474 3159 condam
500 3096 632 3179 Georgii
666 3099 704 3158 de
739 3099 898 3181 Bosyako,
929 3119 1020 3160 soror
1044 3118 1120 3160 vero
1151 3098 1276 3160 uterina
1301 3113 1333 3160 et
1366 3099 1501 3160 carnalis

237 3205 295 3264 viri
321 3204 457 3265 condam
483 3204 608 3285 providi
627 3203 779 3286 Stephani
804 3206 883 3266 olim
907 3204 1001 3285 jurati
1020 3218 1050 3266 et
1074 3205 1215 3266 concivis
1232 3204 1332 3266 nostri
1359 3203 1417 3266 lilii
1436 3225 1500 3286 pre·

239 3309 291 3372 lati
319 3310 478 3391 Gregorii,
493 3325 523 3370 et
539 3310 738 3388 Valentinus,
756 3310 897 3371 Briccius
921 3324 952 3371 et
968 3310 1121 3372 Clemens
1149 3310 1206 3372 filii
1231 3309 1347 3392 prefati
1365 3310 1495 3390 Georgii

238 3437 275 3478 ex
300 3417 416 3479 eodem
442 3415 584 3497 Georgio
610 3431 640 3477 et
664 3416 805 3498 predicta
830 3417 1008 3499 Elyzabeth
1041 3417 1174 3478 muliere
1203 3416 1360 3499 legittime
1385 3437 1496 3499 proge-

238 3525 295 3584 niti
320 3538 351 3586 et
374 3523 543 3605 procreati,
567 3522 682 3584 totales
705 3523 923 3604 possessiones
947 3536 979 3584 et
995 3524 1164 3605 porciones
1187 3542 1300 3584 eorum
1324 3523 1496 3606 possessio·

237 3630 343 3691 uarias
366 3630 533 3691 videlicet:
560 3628 705 3706 domum,
721 3629 840 3707 vineas,
860 3644 959 3690 terras
984 3629 1129 3707 arabiles,
1154 3628 1305 3711 (h)ortum
1331 3643 1362 3690 et
1386 3630 1496 3691 silvam

238 3737 313 3818 ipsis
337 3757 393 3819 per
416 3735 595 3818 predictum
617 3735 815 3815 Stephanum
840 3735 978 3814 juratum
994 3734 1259 3797 testamentaliter
1275 3735 1410 3816 legatas,
1427 3755 1497 3817 pro·

238 3843 311 3902 vide
336 3842 462 3902 mulieri
489 3841 600 3903 Vrsula
624 3855 736 3902 vocate
760 3839 824 3902 filie
850 3842 933 3902 Petri
967 3841 1077 3903 relicte
1112 3840 1247 3922 predicti
1273 3840 1430 3922 Stephani
1454 3842 1496 3922 ju·

239 3949 297 4010 rati
323 3949 366 4009 sic
402 3948 601 4029 reliquerunt
625 3962 780 4029 perpetuo
813 3947 1022 4028 possidendas
1046 3961 1077 4009 et
1108 3947 1421 4029 quomodocumque
1445 3966 1496 4008 ro·

238 4056 333 4117 luerit
364 4053 598 4136 disponendas,
630 4068 663 4115 ut
699 4055 765 4136 ipsa
798 4054 913 4116 Vrsula
946 4055 1061 4116 mulier
1103 4069 1200 4138 prout
1231 4055 1349 4116 melius
1380 4057 1440 4118 scit
1470 4067 1497 4115 et

237 4176 343 4244 potest
377 4181 435 4243 pto
461 4161 565 4221 anima
592 4161 691 4242 ipsius
717 4160 869 4242 Stephani
895 4160 988 4241 jurati
1012 4161 1185 4222 memorias
1208 4175 1240 4221 et
1263 4160 1496 4223 celebrationes

239 4268 334 4329 faciat
357 4267 424 4329 fieri
449 4268 618 4344 salutares;
642 4282 672 4329 et
696 4268 771 4349 quia
790 4267 874 4328 idem
894 4265 1076 4349 Stephanus
1099 4266 1220 4348 juratus
1243 4267 1341 4329 aliam
1366 4267 1495 4330 domum

238 4395 328 4435 snam
344 4388 502 4435 muratam
531 4374 634 4434 medie
653 4375 750 4452 curie,
771 4372 867 4434 simul
885 4393 959 4434 cum
976 4371 1078 4434 fundo
1102 4387 1133 4434 et
1150 4373 1266 4435 celario
1290 4375 1496 4436 subterraneo

238 4501 274 4542 ac
298 4479 464 4558 hedificiis,
489 4501 525 4540 ac
542 4480 748 4542 medietatem
773 4479 865 4540 vinee
889 4499 944 4540 sue
962 4479 1070 4541 totalis
1094 4493 1126 4540 et
1141 4493 1222 4541 terre
1246 4480 1381 4542 arabilis
1398 4481 1495 4543 cuins·

238 4587 311 4648 dam
337 4587 418 4649 ultra
435 4585 569 4647 fluvium
587 4586 815 4668 Kalinowycza
840 4600 989 4647 vocatum
1008 4584 1126 4664 habite,
1150 4604 1186 4646 ac
1203 4585 1367 4666 quandam
1384 4600 1494 4648 terram

238 4694 390 4755 arabilem
416 4693 573 4753 dietarum
598 4705 732 4775 septem,
756 4712 791 4752 ac
816 4691 1022 4753 medietatem
1040 4691 1207 4753 cuiusdam
1232 4690 1343 4773 (h)orti
1367 4706 1399 4754 et
1422 4692 1494 4752 silve

239 4820 310 4861 cum
335 4800 400 4861 suis
424 4799 615 4860 utilitatibus
639 4798 743 4859 eidem
769 4798 881 4859 Vrsnle
916 4798 1042 4860 mulieri
1075 4798 1194 4879 legavit
1218 4810 1376 4880 perpetuo
1401 4795 1493 4880 possi-
