3142 5356
680 341 766 398 Anno
788 349 880 416 1397.

255 552 334 614 ltem
361 551 493 613 domina
520 550 692 612 Benedicta
726 565 837 612 vocata
870 549 978 611 relicta
1005 547 1160 630 Stephani
1193 549 1353 632 selliparis
1383 564 1413 611 et

150 659 341 722 Dominicus
366 673 397 720 et
422 658 541 719 Paulus
564 656 621 719 filii
647 646 792 719 eiusdem
819 655 973 738 Stephani
999 655 1217 718 vendiderunt
1240 656 1420 738 quemdam

149 763 285 828 fundum
312 784 368 825 seu
393 764 528 825 domum
547 783 659 825 eorum
677 764 773 824 simul
794 782 867 824 cum
885 763 984 824 domo
1010 776 1133 824 murata
1152 762 1183 823 in
1208 763 1282 823 vico
1306 763 1418 824 Theu-

147 871 292 948 tonicali,
317 870 445 931 Thome
479 869 583 951 jurato
615 869 842 948 vendiderunt,
873 883 1020 951 tempore
1053 869 1129 930 dicti
1166 868 1334 948 lobannis,
1359 887 1417 950 pro

149 978 360 1060 quadraginta
386 977 456 1039 flor.
488 978 567 1039 auri.

254 1103 330 1163 Item
357 1100 517 1182 Georgius
539 1100 624 1163 filius
649 1102 776 1162 Andree
802 1101 841 1163 de
868 1100 1047 1163 Glaunicha
1073 1101 1247 1183 quemdam
1273 1098 1413 1163 fundum

148 1229 241 1270 suum
276 1210 306 1269 in
340 1223 450 1270 nostro
483 1223 584 1270 castro
618 1209 700 1270 inter
732 1207 852 1270 fundos
883 1206 1009 1268 Nicolai
1044 1208 1184 1292 Mahnyn
1218 1221 1249 1268 et
1281 1207 1415 1290 Georgii

149 1315 306 1397 Chapich‚
333 1334 429 1375 unam
455 1315 587 1394 curiam,
611 1315 741 1377 Andree
766 1313 834 1376 filio
859 1313 984 1375 Nicolai
1010 1314 1049 1376 de
1075 1314 1233 1375 Zwinaria
1258 1314 1415 1391 vendidit,

149 1438 295 1504 tempore
320 1421 396 1482 dicti
422 1421 587 1482 lobannis.

255 1527 331 1590 Item
359 1528 470 1588 Petrus
502 1528 643 1589 decanus
671 1529 709 1588 de
743 1528 967 1589 Jaztrebarzlra
992 1527 1140 1589 vendidit
1172 1527 1337 1609 quandam
1370 1527 1413 1587 vi·

148 1655 242 1698 neam
267 1653 358 1695 suam
385 1634 460 1694 luan
479 1635 656 1715 presbitero
680 1634 821 1716 plebano
838 1647 946 1696 sancte
965 1634 1064 1695 Marie
1089 1633 1129 1694 de
1155 1632 1317 1711 Klokoch,
1334 1646 1413 1694 tem·

149 1762 227 1826 pore
251 1740 327 1802 dicti
357 1739 523 1802 lobannis.

255 1866 332 1927 ltem
359 1865 496 1926 Jacobus
519 1879 621 1927 sartor
644 1865 789 1926 vendidit
822 1864 959 1927 fundum
984 1884 1077 1927 suum
1104 1865 1186 1926 inter
1212 1862 1332 1926 fundos
1356 1863 1413 1925 do-

150 1974 236 2034 mine
262 1972 430 2033 Francisce
462 1985 493 2034 et
524 1971 610 2033 Galli
642 1972 826 2053 supradicti,
847 1972 951 2054 jurati,
977 1972 1117 2033 mediam
1149 1971 1285 2050 curiam,
1319 1969 1410 2055 Gyan

148 2077 215 2140 filio
241 2078 362 2155 Jacobi,
388 2092 532 2158 tempore
556 2077 631 2139 dicti
657 2077 822 2139 lobannis.

254 2184 332 2244 Item
358 2198 543 2245 executores
566 2185 747 2246 testamenti
773 2184 909 2245 condam
934 2185 1001 2245 Kos
1025 2184 1100 2245 dicti
1126 2183 1275 2268 Scerlyak
1301 2184 1412 2245 vendi·

150 2291 264 2352 derunt
293 2290 465 2371 quemdam
498 2288 634 2352 lundum
667 2291 842 2351 liberorum
876 2291 952 2351 luan
984 2290 1052 2352 filio
1076 2290 1242 2369 iohannis,
1265 2304 1412 2373 tempore

148 2398 224 2460 dicti
249 2397 413 2460 lobannis.

255 2522 332 2583 ltem
358 2521 518 2602 Rugerius
541 2533 572 2582 et
597 2521 677 2582 Pero
710 2521 924 2582 vendiderunt
948 2521 1111 2603 quandam
1135 2521 1270 2583 domum
1296 2541 1409 2584 eorum

149 2628 262 2710 partim
298 2627 437 2708 ligneam
470 2627 585 2708 partim
618 2627 778 2709 lapideam
812 2647 911 2710 prope
944 2643 1068 2710 portam
1102 2648 1163 2710 qua
1197 2629 1260 2690 itur
1301 2648 1411 2690 versus

147 2748 292 2796 sanctum
318 2733 522 2795 Franciscum
541 2733 670 2794 Matheo
695 2734 847 2816 episcopo
866 2735 1008 2796 Barbaco
1026 2749 1056 2795 et
1080 2735 1187 2796 Blasio
1212 2735 1324 2816 nepoti
1342 2755 1412 2813 suo,

147 2855 292 2922 tempore
318 2840 393 2900 dicti
416 2839 580 2902 lobannis.

256 2947 332 3007 ltem
361 2947 551 3007 Benedictus
576 2947 729 3008 Scornicb
766 2948 910 3008 vendidit
942 2947 1076 3009 domum
1101 2966 1191 3008 suam
1216 2966 1317 3029 prope
1343 2966 1409 3008 ma·

148 3053 274 3130 cellam,
299 3053 428 3114 Vrbano
453 3052 556 3132 jurato
574 3053 719 3135 Krapech
745 3054 841 3133 dicto,
865 3067 1009 3135 tempore
1035 3053 1109 3115 dicti
1135 3053 1302 3116 lobannis.

256 3175 332 3235 ltem
359 3175 447 3256 quod
472 3176 546 3256 quia
571 3176 662 3238 litere
680 3178 810 3259 antique
828 3197 922 3259 super
939 3178 1037 3239 domo
1063 3192 1094 3239 et
1111 3178 1203 3239 vinea
1228 3196 1264 3238 ac
1289 3176 1409 3259 (h)orto

149 3298 179 3343 et
203 3281 328 3364 (h)oreo
348 3283 483 3343 condam
503 3283 664 3343 Valentini
690 3284 765 3345 dicti
784 3285 912 3345 Kerend
935 3284 965 3345 in
984 3285 1209 3346 combustione
1232 3285 1318 3365 ignis
1333 3304 1411 3346 con·

149 3402 286 3449 cremate
304 3389 517 3466 existitissent,
535 3391 625 3449 cuius
650 3390 781 3471 quidem
801 3390 916 3451 domus
932 3391 1063 3452 terciam
1082 3405 1215 3473 partem,
1241 3391 1318 3452 item
1344 3410 1410 3452 me·

149 3495 238 3556 dium
263 3494 430 3576 (h)ortum,
455 3495 531 3556 item
556 3496 700 3556 medium
726 3496 884 3578 (h)oreum
914 3498 1090 3559 benedicto
1114 3498 1223 3579 nepoti
1241 3515 1300 3558 suo
1317 3511 1409 3558 testa·

148 3601 330 3662 mentaliter
361 3601 501 3681 legavit,
531 3621 627 3682 super
658 3603 776 3683 quibus
808 3603 912 3664 eidem
945 3603 1121 3665 Benedicto
1149 3602 1257 3664 literas
1287 3615 1411 3664 nostras

148 3708 373 3786 concessimus,
398 3723 543 3789 tempore
568 3709 643 3770 dicti
670 3709 834 3772 lobannis.

255 3833 332 3895 Item
356 3853 451 3916 super
475 3834 614 3914 quadam
647 3848 728 3895 terra
753 3835 835 3895 inter
866 3834 999 3896 fluvium
1025 3833 1164 3896 Zauicha
1188 3847 1219 3896 et
1243 3835 1328 3896 viam
1355 3853 1409 3917 per

150 3960 247 4022 quarn
273 3940 335 4000 itur
361 3940 392 4000 in
417 3939 527 4000 villam
554 3940 720 4001 Pobressia
753 3955 783 4001 et
814 3957 929 4002 terram
958 3941 1112 4002 arabilem
1139 3939 1225 4001 olim
1250 3940 1328 4002 dicti
1353 3941 1407 4001 do·

149 4048 227 4108 mini
253 4047 336 4109 Petri
363 4047 478 4107 Donati
498 4061 528 4107 et
546 4048 708 4127 quandam
734 4068 849 4128 aquam
869 4048 1017 4130 Chugoy,
1043 4067 1182 4109 necnon
1207 4061 1325 4109 terram
1343 4068 1408 4109 ata·

149 4155 247 4216 bilem
280 4154 455 4214 liberorum
488 4153 612 4214 Nicolai
647 4152 809 4231 aurifabri,
842 4155 945 4215 eidem
982 4153 1156 4215 Benedicto
1181 4154 1409 4232 concessimus,

147 4274 292 4341 tempore
317 4259 393 4319 dicti
419 4257 584 4320 lohannis.

254 4366 332 4428 Item
358 4365 502 4427 Thomas
527 4366 602 4428 Alth
628 4381 658 4427 et
690 4367 819 4427 domina
847 4367 996 4428 Katerina
1022 4386 1153 4428 consors
1184 4387 1241 4428 sua
1265 4367 1410 4430 vendidit

148 4473 274 4535 vineam
299 4493 389 4534 suam
416 4473 559 4534 Fabiano
585 4475 795 4557 carpentario,
820 4489 964 4555 tempore
990 4475 1065 4536 dicti
1091 4474 1258 4537 lobannis.

254 4598 331 4659 ltem
359 4598 554 4658 laurencius
570 4613 659 4659 sutor
678 4598 821 4659 vendidit
839 4599 1001 4680 quandam
1019 4600 1146 4660 vineam
1171 4618 1264 4660 suam
1289 4598 1410 4661 Matbie

148 4703 215 4767 filio
241 4704 470 4783 Bartholomei,
488 4705 570 4766 inter
594 4706 703 4766 vineas
721 4705 802 4766 Petri
829 4705 995 4784 carnificis,
1017 4706 1153 4768 Mathias
1177 4705 1255 4767 dicti
1279 4706 1411 4768 orosoik

148 4826 178 4873 et
204 4810 321 4891 Giuan,
347 4827 491 4895 tempore
520 4811 594 4873 dicti
620 4810 784 4874 iohannis.
