3142 5356
149 464 212 526 218
512 466 712 538 Ann01522.
736 477 852 539 -19.
876 464 1034 524 membru.

1003 571 1130 576 ——.
1141 571 1226 576 ——.
1239 570 1411 578 -—————-a—-

183 682 278 756 Feria
306 693 431 774 quarta
460 683 612 773 proxima
640 690 718 772 post
747 682 870 754 lestnm
897 682 987 754 beati
1016 683 1180 773 johannis
1210 683 1378 771 Baptista.

684 822 747 893 (25.
764 817 874 895 junii).

253 944 320 1005 Nos
344 943 486 1005 seniores
500 943 632 1026 judices
648 941 803 1027 prefatam
829 961 957 1003 causam
976 941 1057 1002 inter
1082 940 1292 1002 Katherinam
1311 939 1413 1002 filiam

146 1048 302 1111 lohannis
326 1048 522 1132 Zrebrarych
547 1064 577 1111 et
606 1049 770 1111 Matheum
803 1048 952 1109 vitricum
977 1046 1121 1108 eiusdem
1153 1047 1261 1131 quoad
1286 1066 1414 1128 posses·

148 1156 271 1217 sionem
297 1155 522 1216 hereditariam
548 1175 604 1236 per
627 1155 737 1216 omnia
762 1168 857 1235 prout
881 1154 975 1233 jurati
993 1152 1218 1234 adjudicarunt
1242 1151 1416 1214 confirma·

146 1261 262 1339 vimus,
286 1274 454 1342 propterea
481 1261 555 1322 illos
579 1261 692 1342 viginti
728 1258 797 1320 flor.
832 1279 913 1340 quos
939 1258 1101 1320 lohannes
1132 1257 1332 1342 Zrebrarych
1357 1277 1417 1340 pro

145 1368 252 1429 anima
289 1367 419 1447 legarat,
456 1382 551 1448 prout
582 1381 668 1448 patet
704 1367 735 1426 in
768 1379 971 1442 testamento,
1004 1363 1212 1446 exponendos
1236 1365 1287 1425 cui
1321 1364 1416 1426 cedet

148 1474 305 1556 possessio
330 1473 513 1556 persolvere
530 1473 645 1535 debeat
669 1472 893 1535 executoribus
909 1471 1053 1532 eiusdem
1078 1469 1251 1547 lohannis;
1278 1485 1416 1553 utraque

147 1601 220 1663 pars
244 1580 283 1641 de
308 1579 428 1657 judicio
452 1580 615 1640 seniorum
641 1595 687 1640 est
712 1593 871 1640 contenta.

253 1687 331 1748 ltem
357 1686 471 1746 eodem
497 1685 560 1763 die,
585 1686 667 1747 inter
692 1684 870 1746 lohannem
897 1682 1128 1765 Lonchysrych
1157 1696 1188 1742 et
1212 1681 1413 1744 Dorotheum

148 1793 290 1854 relictam
317 1791 469 1874 Stephani
488 1792 652 1870 institoris,
670 1792 724 1872 qui
753 1811 785 1852 se
810 1790 929 1851 mutuis
945 1789 1115 1850 affecerant
1132 1789 1299 1870 vituperiis
1318 1802 1414 1870 prout

149 1899 233 1960 idern
261 1920 297 1960 ex
323 1899 529 1960 attestacione
546 1899 674 1959 testium
693 1898 805 1978 patuit,
828 1897 920 1977 jurati
938 1896 1173 1977 adjudicarunt,
1199 1895 1313 1976 (quod)
1331 1916 1413 1957 unus

149 2006 238 2066 alteri
265 2006 296 2066 in
322 2004 433 2066 decem
459 2005 575 2086 pensis,
600 2004 760 2085 judicibus
792 2004 823 2064 in
849 2002 988 2063 denariis
1012 2016 1141 2064 centum
1166 2001 1334 2062 convictus
1358 2001 1412 2063 ha·

149 2113 277 2186 beatur;
301 2130 396 2192 super
428 2129 493 2191 quo
527 2110 688 2171 lohannes
721 2108 952 2193 Lonchyarych
986 2128 1050 2170 non
1087 2122 1255 2170 contentus
1284 2128 1410 2169 causam

150 2217 250 2298 ipsam
276 2236 348 2277 cum
373 2235 431 2277 suo
456 2235 606 2297 processu
623 2216 663 2277 ad
686 2215 842 2296 judicium
866 2216 1030 2276 seniorum
1055 2214 1199 2296 judicum
1224 2215 1412 2296 provocavit

149 2338 179 2383 et
202 2323 386 2406 appellavit.

342 2489 436 2562 Feria
465 2500 563 2562 sexta
591 2502 670 2562 ante
698 2490 820 2561 festum
851 2488 1032 2561 llatherine
1060 2491 1214 2577 virginis.

645 2627 705 2700 (21.
729 2626 911 2700 novembris).

254 2748 287 2807 ln
313 2767 406 2808 causa
431 2748 512 2808 inrer
537 2747 699 2808 Andream
732 2748 967 2829 carpentarium
1001 2760 1031 2807 et
1056 2747 1200 2807 Marcum
1225 2745 1412 2828 pellificem,

149 2854 223 2935 quia
248 2853 377 2914 videbat
400 2854 540 2935 prelatus
565 2854 710 2914 Andreas
741 2854 863 2914 dictum
888 2854 1032 2913 Marcum
1066 2853 1097 2913 in
1123 2853 1216 2913 vinea
1241 2872 1297 2913 sus
1322 2872 1412 2935 repe·

148 2960 239 3020 risset
262 2980 300 3020 ac
325 2960 464 3021 eundem
488 2960 664 3042 suspiciose
685 2959 787 3022 furem
807 2960 1014 3039 nominasset,
1037 2958 1131 3041 jurati
1156 2959 1261 3021 taliter
1285 2959 1413 3041 adjudi-

148 3079 270 3143 carunt,
288 3079 323 3126 ut
347 3065 449 3126 dictus
466 3067 593 3127 Marcus
611 3067 642 3126 in
661 3085 713 3127 ara
738 3080 846 3127 sancte
864 3064 978 3127 Crucis
994 3066 1177 3127 terciusmet
1195 3065 1412 3143 iuramentum

150 3171 265 3233 debeat
279 3172 440 3253 deponere
455 3173 507 3251 ita,
521 3173 608 3253 quod
627 3173 694 3255 ipse
707 3193 772 3234 non
791 3173 890 3233 iverat
911 3171 949 3232 ad
964 3172 1090 3232 vineam
1109 3170 1265 3232 nominati
1281 3172 1414 3234 Andree

149 3278 276 3339 racione
302 3277 376 3338 furti
401 3279 449 3338 vel
476 3279 619 3340 eiusdem
645 3280 823 3357 occasione,
849 3278 992 3359 alioquin
1018 3277 1187 3338 habebitur
1211 3275 1350 3339 infamis.

299 3464 395 3537 Fetia
424 3473 521 3537 sexta
550 3475 626 3555 post
653 3467 776 3537 festum
804 3467 900 3537 beate
929 3466 1079 3537 Barbare
1106 3467 1260 3552 virginis.

649 3605 694 3677 (5.
718 3600 893 3674 decembris).

255 3725 366 3785 Petrus
391 3724 534 3785 literatus
558 3738 588 3786 et
620 3743 700 3784 uxor
725 3723 868 3784 eiusdem
895 3724 933 3784 ad
964 3724 1151 3784 instanciam
1179 3723 1293 3784 Berlek
1319 3722 1411 3786 Deli·

148 3850 269 3912 vanycz
294 3830 399 3911 primo
423 3830 536 3891 citatus
560 3850 624 3891 non
650 3830 839 3911 comparuit.

202 4013 298 4086 Feria
326 4022 422 4085 sexta
452 4024 530 4085 ante
558 4016 679 4086 festum
712 4016 809 4086 beate
837 4016 934 4087 lucie
961 4015 1103 4104 virginis
1132 4034 1171 4086 ac
1200 4014 1365 4088 martiris.

646 4156 706 4224 (12.
732 4151 906 4215 decembris).

253 4273 365 4335 Petrus
389 4272 532 4334 literatus
556 4272 596 4333 ad
622 4274 809 4335 instanciam
847 4274 960 4335 Rerlelr
987 4275 1171 4357 Delvanych
1196 4262 1349 4338 secundo
1368 4279 1411 4340 ci-

147 4394 230 4441 tatus
254 4399 319 4441 non
345 4379 533 4461 comparuit.

220 4564 315 4638 Feria
343 4575 438 4637 sexta
468 4565 620 4655 proxima
650 4566 727 4638 ante
757 4568 879 4638 festum
908 4569 997 4640 beati
1027 4567 1153 4640 Thone
1181 4570 1339 4657 apostoli.

637 4702 701 4781 (19.
725 4702 904 4782 decembris).

256 4825 366 4886 Petrus
392 4825 534 4885 literatus
559 4827 600 4885 ob
618 4823 834 4886 infirmitatem
856 4825 960 4886 uxoris
984 4827 1104 4906 absque
1130 4825 1228 4906 ipsius
1244 4829 1411 4908 presencia

151 4930 346 5012 respondere
371 4931 486 5011 noluit,
508 4931 562 4994 sed
589 4931 706 4993 dilacio
732 4930 811 4993 facts
837 4931 875 4991 ad
901 4931 1038 5012 primum
1065 4930 1231 5011 judicium.
