3142 5356
690 304 776 363 Anno
798 318 890 383 139²·
1379 305 1418 385 65

263 514 342 579 Item
367 535 465 599 super
488 516 629 578 mediam
654 514 775 577 curiam
800 515 931 576 domine
952 516 1079 593 Katree,
1103 515 1192 597 quod
1218 516 1337 597 legavit
1361 517 1421 579 sibi

152 621 343 683 Anthonius
365 624 415 683 vir
437 642 514 684 suus
539 636 570 685 et
593 621 661 684 filio
686 642 744 684 suo
768 620 876 684 Micus
901 635 931 682 et
953 619 1018 682 filie
1042 641 1108 687 sue.
1133 624 1243 701 (deest).

261 729 338 790 Item
363 728 548 791 Anthonius
566 728 733 790 Petrenich
751 727 896 789 vendidit
919 741 1034 789 terram
1052 742 1191 810 quatuor
1217 748 1288 791 cum
1315 729 1421 791 media

146 830 241 895 dieta
266 834 411 916 Georgio
437 835 524 898 dicto
549 835 724 897 Truchich.

265 942 342 1005 Item
375 942 590 1004 communitas
624 941 714 1003 dedit
744 960 845 1004 unum
881 941 989 1003 locum
1022 960 1129 1003 crame
1161 941 1259 1004 Jacob
1284 941 1421 1004 institori

147 1043 213 1123 ita,
235 1048 323 1130 quod
349 1048 440 1110 omni
464 1068 550 1109 anno
575 1048 691 1109 debeat
714 1048 789 1109 dare
814 1048 896 1110 duos
920 1047 987 1111 flor.
1012 1067 1069 1130 pro
1094 1048 1335 1111 communitate.

262 1156 339 1217 Item
365 1154 483 1216 Paulus
507 1155 648 1216 decanus
672 1154 761 1216 dedit
784 1153 921 1215 Johanni
955 1153 1009 1216 filo
1036 1154 1174 1216 Ladislai
1213 1154 1342 1217 vineam
1366 1174 1416 1217 ca·

147 1254 279 1324 lendini
305 1264 359 1341 ita,
383 1262 471 1344 quod
496 1262 585 1323 omni
611 1282 696 1323 anno
728 1261 844 1323 debeat
868 1261 944 1323 dare
975 1261 1015 1323 ad
1041 1261 1247 1323 calendinum
1271 1262 1419 1344 quinque

152 1368 292 1431 cubulos
316 1370 394 1431 vini.

262 1477 339 1538 Item
365 1476 464 1538 Lucia
489 1476 567 1537 emit
591 1496 608 1537 a
630 1475 795 1558 Stephano
813 1476 898 1537 dicto
917 1474 1038 1557 Cippas
1056 1494 1151 1537 unam
1177 1476 1305 1538 vineam
1322 1496 1420 1559 penes

153 1577 281 1643 vineam
307 1582 428 1643 Vrbani
453 1596 484 1644 et
509 1581 612 1643 Pauli.

261 1689 341 1751 Item
365 1688 511 1750 vendidit
541 1686 684 1751 Michael
715 1686 801 1749 filius
833 1687 1005 1769 Dampiani
1038 1687 1165 1748 vineam
1189 1706 1280 1749 suam
1305 1688 1419 1751 Kirino

155 1783 294 1858 Sorsich.

261 1903 340 1964 Item
365 1901 518 1987 Gyurgek
542 1901 663 1981 juratus
687 1899 832 1961 vendidit
856 1914 929 1961 octo
958 1899 1059 1961 dietas
1080 1912 1162 1961 terre
1186 1919 1245 1981 pro
1270 1899 1416 1963 Johanne

145 1992 226 2068 filio
250 2008 379 2072 Donati.
