3142 5356
259 531 335 592 ltem
362 532 461 612 proba
487 531 604 590 mulier
629 531 827 612 Margaretha
853 545 965 592 vocata
996 532 1026 591 in
1052 551 1108 592 sua
1133 544 1164 592 et
1188 532 1336 593 Barnsbe
1362 530 1423 592 filii

151 657 187 697 ac
212 636 326 698 Vrsule
351 635 415 696 filie
439 655 584 712 suorum,
612 636 646 696 in
679 650 788 698 tenera
820 636 924 698 adhuc
950 651 1032 699 etate
1064 638 1327 716 constitutorum,
1351 657 1425 719 per·

151 743 250 820 sonis,
282 742 488 802 medietatem
521 742 686 803 cuiusdam
721 744 813 804 vinee
848 744 929 804 inter
960 744 1087 804 vineam
1117 743 1216 804 Blasii
1241 742 1300 804 filii
1326 744 1423 804 Pauli

152 848 228 909 dicti
253 847 430 926 Charanth,
448 849 488 908 ab
514 868 576 908 una
601 862 699 929 parte,
724 850 764 909 ab
789 849 887 909 altera
905 868 981 910 vero
1000 848 1153 931 Stephani
1172 849 1423 911 Skerthkowich

152 955 265 1015 silvam
283 953 401 1032 habite,
418 974 435 1014 a
453 968 542 1036 parte
559 953 638 1014 silve
663 953 807 1015 eiusdem
828 954 979 1037 Stephani
1002 954 1244 1016 Skerthkowich
1260 955 1424 1034 habitam,

154 1080 210 1142 per
235 1075 353 1120 metam
378 1060 544 1121 cuiusdam
571 1060 672 1121 cerusi
706 1061 736 1120 in
763 1061 873 1122 medio
905 1061 997 1122 vinee
1023 1076 1053 1122 et
1085 1076 1233 1123 castanee
1257 1062 1290 1122 in
1317 1063 1425 1144 capite

152 1166 281 1246 virgulti
306 1167 365 1226 sub
391 1165 503 1227 eadem
530 1166 623 1226 vinea
647 1166 822 1246 constituti,
844 1168 884 1228 ab
908 1167 970 1228 alis
988 1167 1160 1228 medietate
1183 1167 1278 1228 vinee
1303 1182 1335 1229 et
1359 1169 1425 1229 vir-

150 1271 244 1352 gulti,
268 1291 366 1352 quam
392 1272 459 1352 ipsa
486 1270 685 1351 Margaretha
710 1291 768 1351 pro
792 1292 826 1333 se
851 1286 882 1332 et
900 1272 993 1334 dictis
1017 1273 1124 1354 pueris
1140 1273 1206 1334 suis
1230 1290 1426 1334 reservasset

153 1377 392 1458 possidendam,
409 1377 572 1437 Demetrio
586 1375 654 1438 filio
669 1377 835 1438 Michaelis
850 1379 994 1440 vendidit
1007 1394 1164 1460 perpetuo
1177 1379 1425 1460 possidendam.

257 1483 333 1544 ltem
362 1484 487 1544 Laczko
512 1482 596 1544 filius
615 1484 794 1545 Clementis
816 1484 964 1545 Finthich
982 1484 1070 1562 dicti,
1088 1485 1296 1546 medietatem
1314 1487 1424 1546 cuius·

151 1589 224 1650 dam
247 1586 339 1650 fundi
356 1589 405 1650 sui
423 1609 570 1667 vacuam,
594 1591 676 1651 inter
700 1589 818 1651 fundos
842 1605 873 1652 et
890 1591 994 1652 curias
1015 1591 1190 1652 liberorum
1208 1591 1320 1652 relicte
1339 1592 1423 1652 olim

152 1695 304 1777 Stephani
331 1710 360 1755 et
388 1696 563 1771 liberorum
589 1695 725 1756 condam
748 1697 891 1757 Franche
917 1697 1032 1758 Thurk
1049 1696 1137 1775 dicti,
1162 1717 1259 1758 unam
1277 1712 1423 1759 tantum·

152 1801 250 1861 modo
275 1817 433 1882 quartam,
458 1821 529 1862 cum
556 1803 620 1863 suis
637 1803 853 1884 pertinenciis,
880 1803 1018 1864 Martino
1042 1802 1110 1864 filio
1127 1803 1211 1863 lwan
1237 1802 1279 1863 de
1303 1803 1423 1864 Wllto·

152 1907 259 1969 merch
285 1928 343 1988 pto
366 1928 419 1968 sex
445 1909 552 1989 pensis
584 1908 789 1969 denariorum
819 1909 964 1970 vendidit
996 1922 1151 1990 perpetuo
1176 1908 1424 1990 possidendam,

151 2014 241 2073 cuius
259 2012 349 2074 lundi
368 2014 463 2074 aliam
488 2013 693 2075 medietatem
711 2013 1023 2096 superhedilicatsm,
1041 2034 1138 2075 unam
1157 2014 1308 2075 videlicet
1324 2034 1422 2094 quar-

150 2136 227 2198 tam,
254 2120 382 2203 Mathey
408 2121 588 2182 Zlielrarich
613 2122 788 2182 literatorie
813 2122 991 2182 dinoscitur
1015 2121 1189 2202 possidete.

256 2227 332 2287 ltem
359 2227 503 2287 Thomas
527 2243 615 2288 sutor
632 2227 715 2288 lilius
746 2227 872 2288 Mikech
898 2228 1001 2288 dictus
1019 2227 1182 2304 Ochwirk,
1209 2227 1421 2287 medietatem

152 2333 318 2394 cuiusdam
344 2334 471 2409 domus,
497 2332 653 2414 fundique
690 2333 736 2394 sui
763 2334 793 2394 in
828 2334 897 2394 vico
923 2347 1032 2395 nostro
1064 2333 1310 2409 theuthonicali,
1337 2333 1423 2394 inter

151 2439 267 2500 domos
291 2453 321 2501 et
347 2437 465 2500 fundos
481 2440 623 2500 virorum
643 2440 851 2521 providorum
878 2440 959 2500 Petri
979 2439 1107 2517 sutoris,
1124 2441 1163 2499 ab
1182 2458 1256 2517 una,
1281 2452 1312 2500 et
1328 2453 1422 2520 parte

150 2547 189 2605 ab
214 2546 312 2606 altera
337 2545 465 2606 'l'home
489 2546 606 2606 sutoris
630 2546 705 2606 dicti
732 2545 885 2606 Podobeu
912 2545 1032 2624 habite,
1064 2565 1160 2607 unam
1186 2544 1337 2605 videlicet
1364 2566 1416 2606 oc·

149 2667 268 2730 tavam,
294 2653 381 2732 prius
404 2652 467 2731 jam
492 2672 568 2713 vero
593 2672 688 2712 unam
714 2667 859 2732 quartam
885 2653 982 2729 curie,
1007 2672 1042 2713 ex
1070 2652 1197 2712 instanti
1224 2654 1420 2732 possessoris

150 2757 339 2839 infrascripti
352 2758 513 2838 peticione
523 2758 709 2835 redundate,
721 2758 751 2817 in
766 2778 797 2817 se
808 2758 1038 2834 continentem,
1052 2778 1069 2818 a
1084 2774 1172 2838 parte
1191 2757 1265 2818 dicti
1283 2757 1419 2818 Thome

151 2864 304 2924 Podohen
330 2864 434 2940 sitam,
454 2864 592 2924 Martino
609 2862 676 2924 filio
702 2862 830 2924 Thome
847 2864 946 2924 sutori
972 2863 1117 2924 vendidit
1135 2877 1292 2944 perpetuo
1309 2866 1414 2944 possi·

150 2970 309 3044 dendam3
327 2970 417 3031 cuius
434 2970 549 3030 domus
567 2984 597 3031 et
620 2966 711 3031 fundi
730 2969 825 3030 aliam
845 2970 1049 3030 medietatem
1068 2985 1185 3031 rectam
1204 2984 1235 3030 et
1252 2971 1418 3051 equalem,

151 3097 166 3136 a
192 3090 279 3158 parte
305 3076 388 3136 dicte
412 3076 529 3136 domus
561 3077 660 3156 ipsius
692 3076 774 3136 Petri
801 3077 927 3154 sutoris,
960 3097 1056 3137 unam
1082 3076 1229 3137 similiter
1254 3092 1419 3157 quartum,

150 3182 212 3260 jam
246 3202 282 3242 ert
316 3201 377 3241 una
410 3195 520 3242 octava
554 3181 729 3242 redundate
762 3183 907 3242 Andreas
938 3196 1026 3242 sutor
1058 3183 1098 3243 ab
1130 3181 1246 3244 eodem
1281 3182 1416 3244 Thoma

148 3302 255 3349 sutore
280 3288 458 3369 empcionis
481 3288 575 3347 titulo
600 3288 774 3349 literatorie
799 3288 976 3349 dinoscitur
1000 3288 1174 3369 possidere.

255 3393 331 3454 ltem
359 3392 534 3474 Gregorius
552 3394 675 3475 pridem
700 3393 821 3472 juratus
839 3392 923 3454 lilius
941 3394 1118 3471 Benedicti,
1135 3395 1278 3455 concivis
1295 3410 1418 3471 noster,

149 3500 311 3581 quandam
338 3500 471 3560 domum
496 3520 585 3560 suam
612 3501 642 3560 in
661 3501 732 3561 vico
750 3501 897 3560 exteriori
916 3500 1178 3578 Theuthonicsli,
1197 3501 1279 3562 inter
1296 3501 1416 3563 domos

152 3608 292 3668 virorum
319 3606 526 3688 providorum
553 3607 713 3667 Valentini
739 3606 900 3687 arcuparis
931 3619 960 3666 et
985 3605 1162 3667 Clementis
1185 3604 1334 3688 pellificis
1359 3606 1416 3668 ha·

154 3713 263 3790 bitum,
288 3733 384 3773 unam
409 3727 555 3792 quartam
581 3725 610 3772 et
634 3727 790 3787 octavam,
816 3711 903 3792 prius
927 3711 990 3771 iam
1015 3732 1091 3773 vero
1124 3712 1263 3772 mediam
1290 3714 1413 3774 curiam

152 3839 188 3878 ex
215 3819 341 3880 instanti
368 3819 557 3899 possessoris
583 3816 770 3898 infrascripti
806 3817 966 3897 peticione
992 3817 1022 3877 in
1048 3838 1080 3878 se
1102 3818 1335 3898 continentem,
1361 3819 1413 3878 Jo-

149 3924 244 3985 hanni
271 3923 337 3986 filio
363 3925 487 3985 Nicolai
514 3923 700 4004 Dragsetich
726 3924 837 3984 sartori
856 3943 913 4003 pro
939 3924 1151 4005 quadraginta
1175 3938 1316 4005 quatuor
1341 3923 1411 3986 flor.

148 4030 216 4090 auri
240 4030 385 4091 vendidit
410 4044 564 4111 perpetuo
593 4030 830 4111 possidendam.

147 4251 228 4321 ltem
259 4251 343 4322 leria
373 4249 480 4322 tercia
500 4248 652 4339 proxima
672 4251 829 4322 videlicet
850 4253 881 4321 in
908 4243 1025 4336 vigilia
1053 4246 1130 4320 lesti
1159 4241 1409 4320 Purificacionis

463 4377 610 4463 gloriose
638 4395 769 4463 semper
796 4373 938 4463 virginis
968 4372 1080 4444 llarie.

657 4532 698 4601 (l.
719 4528 890 4602 februaris).

255 4668 332 4728 Item
358 4668 432 4748 quia
457 4667 505 4727 vir
529 4668 682 4748 providus
702 4667 841 4728 Briccius
865 4667 989 4748 pridem
1008 4666 1114 4747 judex,
1143 4668 1285 4730 concivis
1302 4683 1401 4730 noster

148 4772 233 4834 lilius
258 4775 435 4850 Benedicti,
460 4774 561 4834 literis
584 4774 720 4835 civitatis
745 4774 960 4835 mediantibus
981 4792 1089 4834 coram
1113 4773 1209 4835 nobis
1233 4774 1398 4849 productis,
