<?xml version="1.0" encoding="UTF-8"?>
<!DOCTYPE html PUBLIC "-//W3C//DTD XHTML 1.0 Transitional//EN"
    "http://www.w3.org/TR/xhtml1/DTD/xhtml1-transitional.dtd">
<html xmlns="http://www.w3.org/1999/xhtml" xml:lang="en" lang="en">
 <head>
  <title>
</title>
<meta http-equiv="Content-Type" content="text/html;charset=utf-8" />
  <meta name='ocr-system' content='tesseract 3.04.00' />
  <meta name='ocr-capabilities' content='ocr_page ocr_carea ocr_par ocr_line ocrx_word'/>
</head>
<body>
  <div class='ocr_page' id='page_1' title='image "./monumentahistor17laszgoog_0141.png"; bbox 0 0 3142 5356; ppageno 0'>
   <div class='ocr_carea' id='block_1_1' title="bbox 146 494 1032 578">
    <p class='ocr_par' dir='ltr' id='par_1_1' title="bbox 146 494 1032 578">
     <span class='ocr_line' id='line_1_1' title="bbox 146 494 1032 578; baseline -0.009 -13"><span class='ocrx_word' id='word_1_1' title='bbox 146 518 189 577; x_wconf 87' lang='lat'><strong>04</strong></span> <span class='ocrx_word' id='word_1_2' title='bbox 516 500 602 559; x_wconf 80' lang='lat' dir='ltr'><strong>Anno</strong></span> <span class='ocrx_word' id='word_1_3' title='bbox 625 511 719 578; x_wconf 69' lang='lat'><em>1494.</em></span> <span class='ocrx_word' id='word_1_4' title='bbox 743 531 782 540; x_wconf 88' lang='lat'>-</span> <span class='ocrx_word' id='word_1_5' title='bbox 805 510 854 557; x_wconf 89' lang='lat'><strong>21.</strong></span> <span class='ocrx_word' id='word_1_6' title='bbox 871 494 1032 571; x_wconf 80' lang='lat' dir='ltr'><strong>februani.</strong></span> 
     </span>
    </p>
   </div>
   <div class='ocr_carea' id='block_1_2' title="bbox 147 596 1407 615">
    <p class='ocr_par' dir='ltr' id='par_1_2' title="bbox 147 596 1407 615">
     <span class='ocr_line' id='line_1_2' title="bbox 147 596 1407 615; baseline -0.007 -1"><span class='ocrx_word' id='word_1_7' title='bbox 147 607 399 615; x_wconf 79' lang='grc'>..-...-...--.-</span> <span class='ocrx_word' id='word_1_8' title='bbox 410 607 526 612; x_wconf 82' lang='lat'>—..—..</span> <span class='ocrx_word' id='word_1_9' title='bbox 542 608 546 611; x_wconf 97' lang='lat'>.</span> <span class='ocrx_word' id='word_1_10' title='bbox 574 605 650 611; x_wconf 47' lang='lat' dir='ltr'><strong>t-...</strong></span> <span class='ocrx_word' id='word_1_11' title='bbox 666 606 706 610; x_wconf 79' lang='lat'><strong>—.</strong></span> <span class='ocrx_word' id='word_1_12' title='bbox 790 605 828 609; x_wconf 84' lang='grc'><strong>-.</strong></span> <span class='ocrx_word' id='word_1_13' title='bbox 1149 596 1407 606; x_wconf 76' lang='lat'>-.-.—--—--—--</span> 
     </span>
    </p>
   </div>
   <div class='ocr_carea' id='block_1_3' title="bbox 673 709 881 2159">
    <p class='ocr_par' dir='ltr' id='par_1_3' title="bbox 673 709 881 2159">
     <span class='ocr_line' id='line_1_3' title="bbox 677 709 819 771; baseline 0 -1"><span class='ocrx_word' id='word_1_14' title='bbox 677 709 819 771; x_wconf 81' lang='lat' dir='ltr'><strong>Mathlco.</strong></span> 
     </span>
     <span class='ocr_line' id='line_1_4' title="bbox 677 816 811 877; baseline 0 -1"><span class='ocrx_word' id='word_1_15' title='bbox 677 816 811 877; x_wconf 77' lang='lat' dir='ltr'><strong>liranus.</strong></span> 
     </span>
     <span class='ocr_line' id='line_1_5' title="bbox 676 922 800 985; baseline 0 -1"><span class='ocrx_word' id='word_1_16' title='bbox 676 922 800 985; x_wconf 91' lang='lat' dir='ltr'><strong>Gurko.</strong></span> 
     </span>
     <span class='ocr_line' id='line_1_6' title="bbox 676 1029 812 1111; baseline 0.015 -20"><span class='ocrx_word' id='word_1_17' title='bbox 676 1029 812 1111; x_wconf 88' lang='lat' dir='ltr'><strong>Gregur.</strong></span> 
     </span>
     <span class='ocr_line' id='line_1_7' title="bbox 676 1137 881 1198; baseline 0.005 -1"><span class='ocrx_word' id='word_1_18' title='bbox 676 1137 881 1198; x_wconf 77' lang='lat' dir='ltr'>Laurentius.</span> 
     </span>
     <span class='ocr_line' id='line_1_8' title="bbox 675 1243 810 1306; baseline 0.007 -2"><span class='ocrx_word' id='word_1_19' title='bbox 675 1243 810 1306; x_wconf 89' lang='lat' dir='ltr'><strong>Blasius.</strong></span> 
     </span>
     <span class='ocr_line' id='line_1_9' title="bbox 678 1350 850 1411; baseline -0.006 0"><span class='ocrx_word' id='word_1_20' title='bbox 678 1350 850 1411; x_wconf 83' lang='lat' dir='ltr'>Fabianus.</span> 
     </span>
     <span class='ocr_line' id='line_1_10' title="bbox 673 1457 769 1520; baseline 0.021 -3"><span class='ocrx_word' id='word_1_21' title='bbox 673 1457 769 1520; x_wconf 72' lang='lat' dir='ltr'><strong>livan.</strong></span> 
     </span>
     <span class='ocr_line' id='line_1_11' title="bbox 677 1564 789 1626; baseline 0.018 -2"><span class='ocrx_word' id='word_1_22' title='bbox 677 1564 789 1626; x_wconf 87' lang='lat' dir='ltr'><strong>Lucas.</strong></span> 
     </span>
     <span class='ocr_line' id='line_1_12' title="bbox 677 1671 835 1732; baseline 0.006 -2"><span class='ocrx_word' id='word_1_23' title='bbox 677 1671 835 1732; x_wconf 89' lang='lat' dir='ltr'><strong>Vrbanus.</strong></span> 
     </span>
     <span class='ocr_line' id='line_1_13' title="bbox 678 1777 840 1839; baseline 0.006 -1"><span class='ocrx_word' id='word_1_24' title='bbox 678 1777 840 1839; x_wconf 87' lang='lat' dir='ltr'><strong>Nicolaus.</strong></span> 
     </span>
     <span class='ocr_line' id='line_1_14' title="bbox 677 1884 832 1945; baseline -0.013 0"><span class='ocrx_word' id='word_1_25' title='bbox 677 1884 832 1945; x_wconf 87' lang='lat' dir='ltr'>Thomas.</span> 
     </span>
     <span class='ocr_line' id='line_1_15' title="bbox 677 1990 877 2051; baseline 0 0"><span class='ocrx_word' id='word_1_26' title='bbox 677 1990 877 2051; x_wconf 78' lang='lat' dir='ltr'><strong>Ambrosius.</strong></span> 
     </span>
     <span class='ocr_line' id='line_1_16' title="bbox 676 2097 831 2159; baseline 0.006 -1"><span class='ocrx_word' id='word_1_27' title='bbox 676 2097 831 2159; x_wconf 83' lang='lat' dir='ltr'>Thomas.</span> 
     </span>
    </p>
   </div>
   <div class='ocr_carea' id='block_1_4' title="bbox 149 2290 1419 2695">
    <p class='ocr_par' dir='ltr' id='par_1_4' title="bbox 149 2290 1419 2695">
     <span class='ocr_line' id='line_1_17' title="bbox 256 2290 1418 2373; baseline -0.003 -17"><span class='ocrx_word' id='word_1_28' title='bbox 256 2293 360 2356; x_wconf 85' lang='lat' dir='ltr'><strong>Causa</strong></span> <span class='ocrx_word' id='word_1_29' title='bbox 387 2295 467 2354; x_wconf 86' lang='lat' dir='ltr'><strong>inter</strong></span> <span class='ocrx_word' id='word_1_30' title='bbox 493 2293 634 2354; x_wconf 75' lang='lat' dir='ltr'><strong>livanum</strong></span> <span class='ocrx_word' id='word_1_31' title='bbox 658 2293 835 2355; x_wconf 88' lang='lat' dir='ltr'><strong>institorem</strong></span> <span class='ocrx_word' id='word_1_32' title='bbox 854 2307 884 2354; x_wconf 90' lang='lat' dir='ltr'><strong>et</strong></span> <span class='ocrx_word' id='word_1_33' title='bbox 909 2293 1064 2353; x_wconf 86' lang='lat' dir='ltr'><strong>lacobum</strong></span> <span class='ocrx_word' id='word_1_34' title='bbox 1084 2290 1266 2373; x_wconf 89' lang='lat' dir='ltr'><strong>Bekethycb</strong></span> <span class='ocrx_word' id='word_1_35' title='bbox 1285 2291 1418 2353; x_wconf 82' lang='lat' dir='ltr'>racione</span> 
     </span>
     <span class='ocr_line' id='line_1_18' title="bbox 150 2396 1418 2482; baseline -0.002 -20"><span class='ocrx_word' id='word_1_36' title='bbox 150 2416 309 2463; x_wconf 90' lang='lat' dir='ltr'><strong>certorum</strong></span> <span class='ocrx_word' id='word_1_37' title='bbox 335 2401 543 2482; x_wconf 84' lang='lat' dir='ltr'><strong>negociorum</strong></span> <span class='ocrx_word' id='word_1_38' title='bbox 570 2399 787 2481; x_wconf 88' lang='lat' dir='ltr'><strong>pecunialium</strong></span> <span class='ocrx_word' id='word_1_39' title='bbox 812 2400 852 2460; x_wconf 90' lang='lat' dir='ltr'><strong>ad</strong></span> <span class='ocrx_word' id='word_1_40' title='bbox 877 2400 1017 2482; x_wconf 92' lang='lat' dir='ltr'><strong>primum</strong></span> <span class='ocrx_word' id='word_1_41' title='bbox 1050 2396 1207 2477; x_wconf 87' lang='lat' dir='ltr'><strong>judicium</strong></span> <span class='ocrx_word' id='word_1_42' title='bbox 1231 2411 1279 2458; x_wconf 86' lang='lat' dir='ltr'><strong>est</strong></span> <span class='ocrx_word' id='word_1_43' title='bbox 1303 2417 1418 2479; x_wconf 87' lang='lat' dir='ltr'><strong>proro-</strong></span> 
     </span>
     <span class='ocr_line' id='line_1_19' title="bbox 149 2502 1419 2588; baseline -0.002 -21"><span class='ocrx_word' id='word_1_44' title='bbox 149 2521 258 2588; x_wconf 91' lang='lat' dir='ltr'><strong>gatum</strong></span> <span class='ocrx_word' id='word_1_45' title='bbox 279 2507 332 2583; x_wconf 83' lang='lat' dir='ltr'><strong>ita,</strong></span> <span class='ocrx_word' id='word_1_46' title='bbox 353 2522 385 2566; x_wconf 91' lang='lat' dir='ltr'><strong>ut</strong></span> <span class='ocrx_word' id='word_1_47' title='bbox 403 2508 496 2567; x_wconf 90' lang='lat' dir='ltr'><strong>ambe</strong></span> <span class='ocrx_word' id='word_1_48' title='bbox 515 2521 618 2587; x_wconf 88' lang='lat' dir='ltr'><strong>partes</strong></span> <span class='ocrx_word' id='word_1_49' title='bbox 635 2520 730 2567; x_wconf 85' lang='lat' dir='ltr'><strong>testes</strong></span> <span class='ocrx_word' id='word_1_50' title='bbox 747 2505 924 2587; x_wconf 88' lang='lat' dir='ltr'><strong>producere</strong></span> <span class='ocrx_word' id='word_1_51' title='bbox 939 2505 1086 2580; x_wconf 86' lang='lat' dir='ltr'><strong>habeant,</strong></span> <span class='ocrx_word' id='word_1_52' title='bbox 1100 2518 1130 2563; x_wconf 92' lang='lat' dir='ltr'><strong>et</strong></span> <span class='ocrx_word' id='word_1_53' title='bbox 1148 2502 1264 2564; x_wconf 88' lang='lat' dir='ltr'><strong>auditis</strong></span> <span class='ocrx_word' id='word_1_54' title='bbox 1281 2504 1419 2565; x_wconf 90' lang='lat' dir='ltr'><strong>testibus</strong></span> 
     </span>
     <span class='ocr_line' id='line_1_20' title="bbox 151 2610 1416 2695; baseline -0.002 -21"><span class='ocrx_word' id='word_1_55' title='bbox 151 2613 236 2675; x_wconf 91' lang='lat' dir='ltr'><strong>idem</strong></span> <span class='ocrx_word' id='word_1_56' title='bbox 262 2613 400 2673; x_wconf 89' lang='lat' dir='ltr'><strong>lacobus</strong></span> <span class='ocrx_word' id='word_1_57' title='bbox 435 2612 622 2695; x_wconf 84' lang='lat' dir='ltr'><strong>Bekethych</strong></span> <span class='ocrx_word' id='word_1_58' title='bbox 654 2613 758 2672; x_wconf 88' lang='lat' dir='ltr'><strong>statim</strong></span> <span class='ocrx_word' id='word_1_59' title='bbox 794 2611 927 2691; x_wconf 86' lang='lat' dir='ltr'><strong>objectis</strong></span> <span class='ocrx_word' id='word_1_60' title='bbox 959 2611 1058 2692; x_wconf 87' lang='lat' dir='ltr'><strong>ipsius</strong></span> <span class='ocrx_word' id='word_1_61' title='bbox 1092 2610 1187 2671; x_wconf 74' lang='lat' dir='ltr'><strong>livani</strong></span> <span class='ocrx_word' id='word_1_62' title='bbox 1220 2611 1416 2692; x_wconf 88' lang='lat' dir='ltr'><strong>respondere</strong></span> 
     </span>
    </p>
   </div>
   <div class='ocr_carea' id='block_1_5' title="bbox 149 2718 1419 5037">
    <p class='ocr_par' dir='ltr' id='par_1_5' title="bbox 150 2718 291 2780">
     <span class='ocr_line' id='line_1_21' title="bbox 150 2718 291 2780; baseline 0 -1"><span class='ocrx_word' id='word_1_63' title='bbox 150 2718 291 2780; x_wconf 86' lang='lat' dir='ltr'><strong>debebit.</strong></span> 
     </span>
    </p>

    <p class='ocr_par' dir='ltr' id='par_1_6' title="bbox 149 2823 1418 3226">
     <span class='ocr_line' id='line_1_22' title="bbox 255 2823 1418 2908; baseline -0.003 -23"><span class='ocrx_word' id='word_1_64' title='bbox 255 2823 360 2886; x_wconf 80' lang='lat' dir='ltr'>Causa</span> <span class='ocrx_word' id='word_1_65' title='bbox 386 2825 467 2885; x_wconf 93' lang='lat' dir='ltr'><strong>inter</strong></span> <span class='ocrx_word' id='word_1_66' title='bbox 492 2825 681 2908; x_wconf 88' lang='lat' dir='ltr'><strong>Synkouecz</strong></span> <span class='ocrx_word' id='word_1_67' title='bbox 706 2838 737 2884; x_wconf 90' lang='lat' dir='ltr'><strong>et</strong></span> <span class='ocrx_word' id='word_1_68' title='bbox 761 2823 973 2900; x_wconf 82' lang='lat' dir='ltr'>Anthonium,</span> <span class='ocrx_word' id='word_1_69' title='bbox 992 2823 1145 2900; x_wconf 84' lang='lat' dir='ltr'><strong>literatos,</strong></span> <span class='ocrx_word' id='word_1_70' title='bbox 1163 2823 1291 2883; x_wconf 82' lang='lat' dir='ltr'><strong>racione</strong></span> <span class='ocrx_word' id='word_1_71' title='bbox 1309 2823 1418 2882; x_wconf 91' lang='lat' dir='ltr'><strong>cuius·</strong></span> 
     </span>
     <span class='ocr_line' id='line_1_23' title="bbox 149 2928 1417 3012; baseline -0.002 -20"><span class='ocrx_word' id='word_1_72' title='bbox 149 2930 223 2992; x_wconf 93' lang='lat' dir='ltr'><strong>dam</strong></span> <span class='ocrx_word' id='word_1_73' title='bbox 249 2931 323 3012; x_wconf 91' lang='lat' dir='ltr'><strong>equi</strong></span> <span class='ocrx_word' id='word_1_74' title='bbox 349 2951 404 3012; x_wconf 91' lang='lat' dir='ltr'><strong>per</strong></span> <span class='ocrx_word' id='word_1_75' title='bbox 430 2931 533 3012; x_wconf 90' lang='lat' dir='ltr'><strong>ipsum</strong></span> <span class='ocrx_word' id='word_1_76' title='bbox 560 2931 759 2992; x_wconf 80' lang='lat' dir='ltr'>Anthonium</span> <span class='ocrx_word' id='word_1_77' title='bbox 779 2931 809 2991; x_wconf 91' lang='lat' dir='ltr'><strong>in</strong></span> <span class='ocrx_word' id='word_1_78' title='bbox 836 2931 929 2991; x_wconf 92' lang='lat' dir='ltr'><strong>vinea</strong></span> <span class='ocrx_word' id='word_1_79' title='bbox 946 2950 1001 2990; x_wconf 90' lang='lat' dir='ltr'><strong>sua</strong></span> <span class='ocrx_word' id='word_1_80' title='bbox 1027 2931 1236 2991; x_wconf 90' lang='lat' dir='ltr'><strong>commissum</strong></span> <span class='ocrx_word' id='word_1_81' title='bbox 1254 2928 1417 3007; x_wconf 88' lang='lat' dir='ltr'><strong>interemi,</strong></span> 
     </span>
     <span class='ocr_line' id='line_1_24' title="bbox 149 3036 1418 3118; baseline 0 -21"><span class='ocrx_word' id='word_1_82' title='bbox 149 3036 241 3117; x_wconf 88' lang='lat' dir='ltr'><strong>jurati</strong></span> <span class='ocrx_word' id='word_1_83' title='bbox 267 3036 541 3114; x_wconf 80' lang='lat' dir='ltr'><strong>adjudicaverunt,</strong></span> <span class='ocrx_word' id='word_1_84' title='bbox 567 3037 654 3118; x_wconf 90' lang='lat' dir='ltr'><strong>quod</strong></span> <span class='ocrx_word' id='word_1_85' title='bbox 679 3057 715 3096; x_wconf 90' lang='lat' dir='ltr'><strong>ex</strong></span> <span class='ocrx_word' id='word_1_86' title='bbox 741 3056 806 3116; x_wconf 90' lang='lat' dir='ltr'><strong>quo</strong></span> <span class='ocrx_word' id='word_1_87' title='bbox 831 3037 889 3117; x_wconf 90' lang='lat' dir='ltr'><strong>ipsi</strong></span> <span class='ocrx_word' id='word_1_88' title='bbox 915 3051 1167 3118; x_wconf 92' lang='lat' dir='ltr'><strong>composuerunt</strong></span> <span class='ocrx_word' id='word_1_89' title='bbox 1191 3037 1273 3097; x_wconf 87' lang='lat' dir='ltr'><strong>inter</strong></span> <span class='ocrx_word' id='word_1_90' title='bbox 1297 3055 1330 3095; x_wconf 92' lang='lat' dir='ltr'><strong>se</strong></span> <span class='ocrx_word' id='word_1_91' title='bbox 1357 3055 1418 3117; x_wconf 92' lang='lat' dir='ltr'><strong>pro</strong></span> 
     </span>
     <span class='ocr_line' id='line_1_25' title="bbox 150 3141 1418 3226; baseline 0.001 -24"><span class='ocrx_word' id='word_1_92' title='bbox 150 3142 277 3204; x_wconf 89' lang='lat' dir='ltr'><strong>duobus</strong></span> <span class='ocrx_word' id='word_1_93' title='bbox 291 3142 359 3205; x_wconf 91' lang='lat' dir='ltr'><strong>flor.</strong></span> <span class='ocrx_word' id='word_1_94' title='bbox 376 3162 477 3224; x_wconf 88' lang='lat' dir='ltr'><strong>usque</strong></span> <span class='ocrx_word' id='word_1_95' title='bbox 492 3156 641 3203; x_wconf 93' lang='lat' dir='ltr'><strong>octavum</strong></span> <span class='ocrx_word' id='word_1_96' title='bbox 660 3142 743 3203; x_wconf 90' lang='lat' dir='ltr'><strong>diem</strong></span> <span class='ocrx_word' id='word_1_97' title='bbox 764 3143 829 3223; x_wconf 89' lang='lat' dir='ltr'><strong>ipse</strong></span> <span class='ocrx_word' id='word_1_98' title='bbox 845 3142 986 3226; x_wconf 89' lang='lat' dir='ltr'><strong>Synkoni</strong></span> <span class='ocrx_word' id='word_1_99' title='bbox 1006 3143 1134 3204; x_wconf 76' lang='lat' dir='ltr'><strong>exolvat</strong></span> <span class='ocrx_word' id='word_1_100' title='bbox 1150 3143 1235 3223; x_wconf 90' lang='lat' dir='ltr'><strong>ipsos</strong></span> <span class='ocrx_word' id='word_1_101' title='bbox 1249 3141 1331 3202; x_wconf 86' lang='lat' dir='ltr'><strong>duos</strong></span> <span class='ocrx_word' id='word_1_102' title='bbox 1345 3141 1418 3203; x_wconf 89' lang='lat' dir='ltr'><strong>flor.</strong></span> 
     </span>
    </p>

    <p class='ocr_par' dir='ltr' id='par_1_7' title="bbox 150 3247 1419 3861">
     <span class='ocr_line' id='line_1_26' title="bbox 257 3247 1418 3330; baseline 0 -20"><span class='ocrx_word' id='word_1_103' title='bbox 257 3248 362 3310; x_wconf 88' lang='lat' dir='ltr'><strong>Causa</strong></span> <span class='ocrx_word' id='word_1_104' title='bbox 388 3249 469 3310; x_wconf 89' lang='lat' dir='ltr'><strong>inter</strong></span> <span class='ocrx_word' id='word_1_105' title='bbox 494 3249 701 3309; x_wconf 78' lang='lat' dir='ltr'><strong>Valentinum</strong></span> <span class='ocrx_word' id='word_1_106' title='bbox 734 3248 872 3330; x_wconf 83' lang='lat' dir='ltr'><strong>juratum</strong></span> <span class='ocrx_word' id='word_1_107' title='bbox 905 3263 935 3310; x_wconf 90' lang='lat' dir='ltr'><strong>et</strong></span> <span class='ocrx_word' id='word_1_108' title='bbox 967 3250 1107 3310; x_wconf 88' lang='lat' dir='ltr'><strong>Marcum</strong></span> <span class='ocrx_word' id='word_1_109' title='bbox 1143 3247 1334 3310; x_wconf 86' lang='lat' dir='ltr'><strong>familiarem</strong></span> <span class='ocrx_word' id='word_1_110' title='bbox 1359 3249 1418 3310; x_wconf 92' lang='lat' dir='ltr'><strong>do-</strong></span> 
     </span>
     <span class='ocr_line' id='line_1_27' title="bbox 151 3355 1418 3437; baseline 0.001 -22"><span class='ocrx_word' id='word_1_111' title='bbox 151 3355 229 3415; x_wconf 93' lang='lat' dir='ltr'>mini</span> <span class='ocrx_word' id='word_1_112' title='bbox 249 3355 376 3436; x_wconf 84' lang='lat' dir='ltr'><strong>plebani</strong></span> <span class='ocrx_word' id='word_1_113' title='bbox 396 3356 524 3416; x_wconf 91' lang='lat' dir='ltr'><strong>racione</strong></span> <span class='ocrx_word' id='word_1_114' title='bbox 542 3355 776 3416; x_wconf 81' lang='lat' dir='ltr'><strong>devastationis</strong></span> <span class='ocrx_word' id='word_1_115' title='bbox 794 3355 899 3415; x_wconf 85' lang='lat' dir='ltr'><strong>fenilis</strong></span> <span class='ocrx_word' id='word_1_116' title='bbox 916 3376 971 3416; x_wconf 91' lang='lat' dir='ltr'><strong>seu</strong></span> <span class='ocrx_word' id='word_1_117' title='bbox 986 3356 1216 3416; x_wconf 92' lang='lat' dir='ltr'><strong>destruccionis</strong></span> <span class='ocrx_word' id='word_1_118' title='bbox 1233 3375 1289 3437; x_wconf 91' lang='lat' dir='ltr'><strong>per</strong></span> <span class='ocrx_word' id='word_1_119' title='bbox 1302 3374 1418 3436; x_wconf 91' lang='lat' dir='ltr'><strong>equos,</strong></span> 
     </span>
     <span class='ocr_line' id='line_1_28' title="bbox 150 3459 1418 3543; baseline 0.002 -22"><span class='ocrx_word' id='word_1_120' title='bbox 150 3459 242 3540; x_wconf 90' lang='lat' dir='ltr'><strong>jurati</strong></span> <span class='ocrx_word' id='word_1_121' title='bbox 269 3460 544 3540; x_wconf 79' lang='lat' dir='ltr'><strong>adjudicaverunt,</strong></span> <span class='ocrx_word' id='word_1_122' title='bbox 569 3462 657 3542; x_wconf 89' lang='lat' dir='ltr'><strong>quod</strong></span> <span class='ocrx_word' id='word_1_123' title='bbox 683 3463 749 3543; x_wconf 89' lang='lat' dir='ltr'><strong>ipse</strong></span> <span class='ocrx_word' id='word_1_124' title='bbox 771 3460 910 3521; x_wconf 81' lang='lat' dir='ltr'><strong>famulus</strong></span> <span class='ocrx_word' id='word_1_125' title='bbox 935 3461 1058 3522; x_wconf 93' lang='lat' dir='ltr'><strong>domini</strong></span> <span class='ocrx_word' id='word_1_126' title='bbox 1078 3462 1207 3543; x_wconf 89' lang='lat' dir='ltr'><strong>plebani</strong></span> <span class='ocrx_word' id='word_1_127' title='bbox 1233 3460 1310 3523; x_wconf 83' lang='lat' dir='ltr'><strong>feria</strong></span> <span class='ocrx_word' id='word_1_128' title='bbox 1327 3477 1418 3524; x_wconf 90' lang='lat' dir='ltr'><strong>sexta</strong></span> 
     </span>
     <span class='ocr_line' id='line_1_29' title="bbox 150 3565 1419 3648; baseline 0.002 -23"><span class='ocrx_word' id='word_1_129' title='bbox 150 3579 223 3646; x_wconf 91' lang='lat' dir='ltr'><strong>post</strong></span> <span class='ocrx_word' id='word_1_130' title='bbox 254 3565 449 3626; x_wconf 91' lang='lat' dir='ltr'><strong>dominicam</strong></span> <span class='ocrx_word' id='word_1_131' title='bbox 483 3566 583 3639; x_wconf 86' lang='lat' dir='ltr'><strong>Quasi</strong></span> <span class='ocrx_word' id='word_1_132' title='bbox 609 3567 707 3627; x_wconf 94' lang='lat' dir='ltr'><strong>modo</strong></span> <span class='ocrx_word' id='word_1_133' title='bbox 740 3566 843 3647; x_wconf 85' lang='lat' dir='ltr'><strong>jurare</strong></span> <span class='ocrx_word' id='word_1_134' title='bbox 875 3566 1016 3644; x_wconf 85' lang='lat' dir='ltr'><strong>habebit,</strong></span> <span class='ocrx_word' id='word_1_135' title='bbox 1048 3568 1136 3648; x_wconf 92' lang='lat' dir='ltr'><strong>quod</strong></span> <span class='ocrx_word' id='word_1_136' title='bbox 1170 3567 1236 3648; x_wconf 89' lang='lat' dir='ltr'><strong>ipse</strong></span> <span class='ocrx_word' id='word_1_137' title='bbox 1261 3587 1326 3629; x_wconf 92' lang='lat' dir='ltr'><strong>non</strong></span> <span class='ocrx_word' id='word_1_138' title='bbox 1361 3568 1419 3629; x_wconf 91' lang='lat' dir='ltr'><strong>de·</strong></span> 
     </span>
     <span class='ocr_line' id='line_1_30' title="bbox 150 3669 1418 3754; baseline 0.006 -24"><span class='ocrx_word' id='word_1_139' title='bbox 150 3671 263 3732; x_wconf 85' lang='lat' dir='ltr'><strong>struxit</strong></span> <span class='ocrx_word' id='word_1_140' title='bbox 287 3669 384 3733; x_wconf 87' lang='lat' dir='ltr'><strong>lenile</strong></span> <span class='ocrx_word' id='word_1_141' title='bbox 417 3672 516 3753; x_wconf 90' lang='lat' dir='ltr'><strong>ipsius</strong></span> <span class='ocrx_word' id='word_1_142' title='bbox 549 3673 729 3747; x_wconf 80' lang='lat' dir='ltr'><strong>Valentini3</strong></span> <span class='ocrx_word' id='word_1_143' title='bbox 762 3673 787 3733; x_wconf 92' lang='lat' dir='ltr'><strong>si</strong></span> <span class='ocrx_word' id='word_1_144' title='bbox 820 3672 946 3751; x_wconf 91' lang='lat' dir='ltr'><strong>jurabit,</strong></span> <span class='ocrx_word' id='word_1_145' title='bbox 972 3674 1052 3734; x_wconf 92' lang='lat' dir='ltr'><strong>liber</strong></span> <span class='ocrx_word' id='word_1_146' title='bbox 1085 3675 1153 3750; x_wconf 90' lang='lat' dir='ltr'><strong>erit,</strong></span> <span class='ocrx_word' id='word_1_147' title='bbox 1178 3674 1203 3734; x_wconf 90' lang='lat' dir='ltr'><strong>si</strong></span> <span class='ocrx_word' id='word_1_148' title='bbox 1228 3693 1305 3735; x_wconf 89' lang='lat' dir='ltr'><strong>vero</strong></span> <span class='ocrx_word' id='word_1_149' title='bbox 1338 3694 1418 3754; x_wconf 92' lang='lat' dir='ltr'><strong>non,</strong></span> 
     </span>
     <span class='ocr_line' id='line_1_31' title="bbox 151 3776 1254 3861; baseline 0.005 -24"><span class='ocrx_word' id='word_1_150' title='bbox 151 3791 266 3837; x_wconf 85' lang='lat' dir='ltr'><strong>extunc</strong></span> <span class='ocrx_word' id='word_1_151' title='bbox 290 3776 375 3857; x_wconf 79' lang='lat' dir='ltr'><strong>juxta</strong></span> <span class='ocrx_word' id='word_1_152' title='bbox 400 3779 641 3840; x_wconf 89' lang='lat' dir='ltr'><strong>estimacionem</strong></span> <span class='ocrx_word' id='word_1_153' title='bbox 668 3778 798 3860; x_wconf 91' lang='lat' dir='ltr'><strong>dampni</strong></span> <span class='ocrx_word' id='word_1_154' title='bbox 825 3779 883 3861; x_wconf 92' lang='lat' dir='ltr'><strong>ipsi</strong></span> <span class='ocrx_word' id='word_1_155' title='bbox 909 3779 1090 3842; x_wconf 87' lang='lat' dir='ltr'><strong>satisfacere</strong></span> <span class='ocrx_word' id='word_1_156' title='bbox 1115 3780 1254 3843; x_wconf 89' lang='lat' dir='ltr'><strong>debebit.</strong></span> 
     </span>
    </p>

    <p class='ocr_par' dir='ltr' id='par_1_8' title="bbox 150 3883 1419 4822">
     <span class='ocr_line' id='line_1_32' title="bbox 258 3883 1419 3965; baseline 0.005 -21"><span class='ocrx_word' id='word_1_157' title='bbox 258 3883 363 3945; x_wconf 90' lang='lat' dir='ltr'><strong>Causa</strong></span> <span class='ocrx_word' id='word_1_158' title='bbox 390 3886 471 3947; x_wconf 91' lang='lat' dir='ltr'><strong>inter</strong></span> <span class='ocrx_word' id='word_1_159' title='bbox 495 3884 690 3965; x_wconf 90' lang='lat' dir='ltr'><strong>Gregorium</strong></span> <span class='ocrx_word' id='word_1_160' title='bbox 714 3885 897 3948; x_wconf 80' lang='lat' dir='ltr'><strong>carnificem</strong></span> <span class='ocrx_word' id='word_1_161' title='bbox 921 3902 954 3947; x_wconf 86' lang='lat' dir='ltr'><strong>et</strong></span> <span class='ocrx_word' id='word_1_162' title='bbox 971 3888 1060 3948; x_wconf 81' lang='lat' dir='ltr'><strong>[wan</strong></span> <span class='ocrx_word' id='word_1_163' title='bbox 1082 3887 1267 3949; x_wconf 77' lang='lat' dir='ltr'><strong>institorem</strong></span> <span class='ocrx_word' id='word_1_164' title='bbox 1285 3887 1419 3951; x_wconf 79' lang='lat' dir='ltr'><strong>racione</strong></span> 
     </span>
     <span class='ocr_line' id='line_1_33' title="bbox 150 3991 1419 4075; baseline 0.004 -24"><span class='ocrx_word' id='word_1_165' title='bbox 150 3991 317 4053; x_wconf 90' lang='lat' dir='ltr'><strong>cuiusdam</strong></span> <span class='ocrx_word' id='word_1_166' title='bbox 343 3993 518 4054; x_wconf 90' lang='lat' dir='ltr'><strong>solucionis</strong></span> <span class='ocrx_word' id='word_1_167' title='bbox 543 3993 751 4074; x_wconf 86' lang='lat' dir='ltr'><strong>pecuniarum</strong></span> <span class='ocrx_word' id='word_1_168' title='bbox 775 4014 832 4075; x_wconf 92' lang='lat' dir='ltr'><strong>pro</strong></span> <span class='ocrx_word' id='word_1_169' title='bbox 858 3995 976 4074; x_wconf 92' lang='lat' dir='ltr'><strong>quibus</strong></span> <span class='ocrx_word' id='word_1_170' title='bbox 994 3995 1032 4054; x_wconf 90' lang='lat' dir='ltr'><strong>de</strong></span> <span class='ocrx_word' id='word_1_171' title='bbox 1051 3994 1221 4056; x_wconf 90' lang='lat' dir='ltr'><strong>roboribus</strong></span> <span class='ocrx_word' id='word_1_172' title='bbox 1245 4013 1301 4055; x_wconf 91' lang='lat' dir='ltr'><strong>seu</strong></span> <span class='ocrx_word' id='word_1_173' title='bbox 1318 3994 1419 4075; x_wconf 89' lang='lat' dir='ltr'><strong>lignis</strong></span> 
     </span>
     <span class='ocr_line' id='line_1_34' title="bbox 151 4098 1417 4182; baseline 0.004 -24"><span class='ocrx_word' id='word_1_174' title='bbox 151 4098 189 4159; x_wconf 91' lang='lat' dir='ltr'><strong>ad</strong></span> <span class='ocrx_word' id='word_1_175' title='bbox 216 4118 313 4159; x_wconf 91' lang='lat' dir='ltr'><strong>unam</strong></span> <span class='ocrx_word' id='word_1_176' title='bbox 338 4099 470 4159; x_wconf 93' lang='lat' dir='ltr'><strong>domum</strong></span> <span class='ocrx_word' id='word_1_177' title='bbox 504 4100 747 4180; x_wconf 85' lang='lat' dir='ltr'><strong>pertinentibus,</strong></span> <span class='ocrx_word' id='word_1_178' title='bbox 773 4120 835 4181; x_wconf 92' lang='lat' dir='ltr'><strong>que</strong></span> <span class='ocrx_word' id='word_1_179' title='bbox 868 4101 955 4180; x_wconf 87' lang='lat' dir='ltr'><strong>ligna</strong></span> <span class='ocrx_word' id='word_1_180' title='bbox 987 4115 1076 4161; x_wconf 91' lang='lat' dir='ltr'><strong>erant</strong></span> <span class='ocrx_word' id='word_1_181' title='bbox 1110 4101 1312 4182; x_wconf 83' lang='lat' dir='ltr'><strong>llargarethe</strong></span> <span class='ocrx_word' id='word_1_182' title='bbox 1336 4121 1417 4164; x_wconf 92' lang='lat' dir='ltr'><strong>con·</strong></span> 
     </span>
     <span class='ocr_line' id='line_1_35' title="bbox 151 4203 1416 4289; baseline 0.002 -23"><span class='ocrx_word' id='word_1_183' title='bbox 151 4205 244 4266; x_wconf 90' lang='lat' dir='ltr'><strong>sortis</strong></span> <span class='ocrx_word' id='word_1_184' title='bbox 269 4203 420 4286; x_wconf 90' lang='lat' dir='ltr'><strong>Gasparis</strong></span> <span class='ocrx_word' id='word_1_185' title='bbox 444 4206 572 4266; x_wconf 90' lang='lat' dir='ltr'><strong>sartoris</strong></span> <span class='ocrx_word' id='word_1_186' title='bbox 597 4220 627 4266; x_wconf 91' lang='lat' dir='ltr'><strong>et</strong></span> <span class='ocrx_word' id='word_1_187' title='bbox 652 4207 719 4286; x_wconf 91' lang='lat' dir='ltr'><strong>ipse</strong></span> <span class='ocrx_word' id='word_1_188' title='bbox 745 4205 921 4286; x_wconf 86' lang='lat' dir='ltr'><strong>Gregorius</strong></span> <span class='ocrx_word' id='word_1_189' title='bbox 938 4206 1021 4268; x_wconf 90' lang='lat' dir='ltr'><strong>dicta</strong></span> <span class='ocrx_word' id='word_1_190' title='bbox 1047 4209 1163 4267; x_wconf 91' lang='lat' dir='ltr'><strong>robora</strong></span> <span class='ocrx_word' id='word_1_191' title='bbox 1188 4227 1245 4289; x_wconf 91' lang='lat' dir='ltr'><strong>pro</strong></span> <span class='ocrx_word' id='word_1_192' title='bbox 1270 4207 1416 4288; x_wconf 91' lang='lat' dir='ltr'><strong>quodam</strong></span> 
     </span>
     <span class='ocr_line' id='line_1_36' title="bbox 151 4311 1418 4395; baseline 0.002 -23"><span class='ocrx_word' id='word_1_193' title='bbox 151 4311 261 4372; x_wconf 91' lang='lat' dir='ltr'><strong>debito</strong></span> <span class='ocrx_word' id='word_1_194' title='bbox 285 4312 324 4371; x_wconf 92' lang='lat' dir='ltr'><strong>ab</strong></span> <span class='ocrx_word' id='word_1_195' title='bbox 350 4312 461 4372; x_wconf 91' lang='lat' dir='ltr'><strong>eadem</strong></span> <span class='ocrx_word' id='word_1_196' title='bbox 488 4312 610 4389; x_wconf 73' lang='lat' dir='ltr'><strong>habuit,</strong></span> <span class='ocrx_word' id='word_1_197' title='bbox 634 4331 696 4393; x_wconf 94' lang='lat' dir='ltr'><strong>que</strong></span> <span class='ocrx_word' id='word_1_198' title='bbox 728 4314 844 4373; x_wconf 91' lang='lat' dir='ltr'><strong>robora</strong></span> <span class='ocrx_word' id='word_1_199' title='bbox 870 4313 953 4373; x_wconf 88' lang='lat' dir='ltr'><strong>lwan</strong></span> <span class='ocrx_word' id='word_1_200' title='bbox 989 4314 1113 4375; x_wconf 91' lang='lat' dir='ltr'><strong>institor</strong></span> <span class='ocrx_word' id='word_1_201' title='bbox 1138 4334 1195 4395; x_wconf 92' lang='lat' dir='ltr'><strong>pro</strong></span> <span class='ocrx_word' id='word_1_202' title='bbox 1220 4314 1333 4375; x_wconf 88' lang='lat' dir='ltr'><strong>eodem</strong></span> <span class='ocrx_word' id='word_1_203' title='bbox 1361 4314 1418 4375; x_wconf 90' lang='lat' dir='ltr'><strong>de·</strong></span> 
     </span>
     <span class='ocr_line' id='line_1_37' title="bbox 152 4417 1416 4504; baseline 0.005 -27"><span class='ocrx_word' id='word_1_204' title='bbox 152 4417 219 4478; x_wconf 91' lang='lat' dir='ltr'><strong>bito</strong></span> <span class='ocrx_word' id='word_1_205' title='bbox 244 4432 407 4500; x_wconf 87' lang='lat' dir='ltr'><strong>receperat</strong></span> <span class='ocrx_word' id='word_1_206' title='bbox 430 4419 536 4480; x_wconf 89' lang='lat' dir='ltr'><strong>taliter</strong></span> <span class='ocrx_word' id='word_1_207' title='bbox 564 4432 598 4479; x_wconf 91' lang='lat' dir='ltr'><strong>ut</strong></span> <span class='ocrx_word' id='word_1_208' title='bbox 629 4419 696 4500; x_wconf 89' lang='lat' dir='ltr'><strong>ipse</strong></span> <span class='ocrx_word' id='word_1_209' title='bbox 721 4419 807 4481; x_wconf 89' lang='lat' dir='ltr'><strong>lwan</strong></span> <span class='ocrx_word' id='word_1_210' title='bbox 840 4420 944 4481; x_wconf 91' lang='lat' dir='ltr'><strong>eidem</strong></span> <span class='ocrx_word' id='word_1_211' title='bbox 979 4420 1138 4503; x_wconf 81' lang='lat' dir='ltr'><strong>Gregorio</strong></span> <span class='ocrx_word' id='word_1_212' title='bbox 1164 4421 1308 4483; x_wconf 91' lang='lat' dir='ltr'><strong>debitum</strong></span> <span class='ocrx_word' id='word_1_213' title='bbox 1343 4441 1416 4504; x_wconf 88' lang='lat' dir='ltr'><strong>pre-</strong></span> 
     </span>
     <span class='ocr_line' id='line_1_38' title="bbox 150 4519 1417 4609; baseline 0.003 -23"><span class='ocrx_word' id='word_1_214' title='bbox 150 4519 251 4586; x_wconf 84' lang='lat' dir='ltr'><strong>latum</strong></span> <span class='ocrx_word' id='word_1_215' title='bbox 277 4525 424 4586; x_wconf 87' lang='lat' dir='ltr'><strong>exolvere</strong></span> <span class='ocrx_word' id='word_1_216' title='bbox 442 4526 642 4607; x_wconf 90' lang='lat' dir='ltr'><strong>promiserat,</strong></span> <span class='ocrx_word' id='word_1_217' title='bbox 656 4527 711 4607; x_wconf 93' lang='lat' dir='ltr'><strong>qui</strong></span> <span class='ocrx_word' id='word_1_218' title='bbox 729 4528 896 4605; x_wconf 90' lang='lat' dir='ltr'><strong>recusavit,</strong></span> <span class='ocrx_word' id='word_1_219' title='bbox 920 4527 1014 4608; x_wconf 90' lang='lat' dir='ltr'><strong>jurati</strong></span> <span class='ocrx_word' id='word_1_220' title='bbox 1031 4527 1307 4607; x_wconf 85' lang='lat' dir='ltr'><strong>adjudicaverunt,</strong></span> <span class='ocrx_word' id='word_1_221' title='bbox 1325 4529 1417 4609; x_wconf 95' lang='lat' dir='ltr'><strong>quod</strong></span> 
     </span>
     <span class='ocr_line' id='line_1_39' title="bbox 151 4632 1417 4716; baseline 0.003 -23"><span class='ocrx_word' id='word_1_222' title='bbox 151 4652 189 4693; x_wconf 85' lang='lat' dir='ltr'><strong>ex</strong></span> <span class='ocrx_word' id='word_1_223' title='bbox 214 4651 280 4713; x_wconf 94' lang='lat' dir='ltr'><strong>quo</strong></span> <span class='ocrx_word' id='word_1_224' title='bbox 304 4632 372 4715; x_wconf 86' lang='lat' dir='ltr'><strong>ipse</strong></span> <span class='ocrx_word' id='word_1_225' title='bbox 389 4633 472 4693; x_wconf 88' lang='lat' dir='ltr'><strong>lwan</strong></span> <span class='ocrx_word' id='word_1_226' title='bbox 498 4634 644 4714; x_wconf 92' lang='lat' dir='ltr'><strong>promisit</strong></span> <span class='ocrx_word' id='word_1_227' title='bbox 661 4634 766 4695; x_wconf 90' lang='lat' dir='ltr'><strong>eidem</strong></span> <span class='ocrx_word' id='word_1_228' title='bbox 792 4633 950 4715; x_wconf 90' lang='lat' dir='ltr'><strong>Gregorio</strong></span> <span class='ocrx_word' id='word_1_229' title='bbox 968 4635 1072 4716; x_wconf 90' lang='lat' dir='ltr'><strong>ipsum</strong></span> <span class='ocrx_word' id='word_1_230' title='bbox 1090 4635 1234 4696; x_wconf 92' lang='lat' dir='ltr'><strong>debitum</strong></span> <span class='ocrx_word' id='word_1_231' title='bbox 1255 4634 1417 4714; x_wconf 87' lang='lat' dir='ltr'><strong>exolvere,</strong></span> 
     </span>
     <span class='ocr_line' id='line_1_40' title="bbox 152 4738 1324 4822; baseline 0.003 -23"><span class='ocrx_word' id='word_1_232' title='bbox 152 4738 285 4815; x_wconf 88' lang='lat' dir='ltr'><strong>debeat;</strong></span> <span class='ocrx_word' id='word_1_233' title='bbox 311 4739 397 4800; x_wconf 92' lang='lat' dir='ltr'><strong>lwan</strong></span> <span class='ocrx_word' id='word_1_234' title='bbox 421 4759 485 4800; x_wconf 93' lang='lat' dir='ltr'><strong>non</strong></span> <span class='ocrx_word' id='word_1_235' title='bbox 511 4752 679 4800; x_wconf 89' lang='lat' dir='ltr'><strong>contentus</strong></span> <span class='ocrx_word' id='word_1_236' title='bbox 704 4740 742 4800; x_wconf 88' lang='lat' dir='ltr'><strong>de</strong></span> <span class='ocrx_word' id='word_1_237' title='bbox 764 4739 884 4819; x_wconf 91' lang='lat' dir='ltr'><strong>judicio</strong></span> <span class='ocrx_word' id='word_1_238' title='bbox 909 4743 1082 4822; x_wconf 89' lang='lat' dir='ltr'><strong>appellavit</strong></span> <span class='ocrx_word' id='word_1_239' title='bbox 1106 4741 1146 4801; x_wconf 92' lang='lat' dir='ltr'><strong>ad</strong></span> <span class='ocrx_word' id='word_1_240' title='bbox 1171 4742 1324 4803; x_wconf 88' lang='lat' dir='ltr'><strong>seniores.</strong></span> 
     </span>
    </p>

    <p class='ocr_par' dir='ltr' id='par_1_9' title="bbox 152 4845 1416 5037">
     <span class='ocr_line' id='line_1_41' title="bbox 258 4845 1416 4929; baseline 0.002 -22"><span class='ocrx_word' id='word_1_241' title='bbox 258 4845 364 4908; x_wconf 84' lang='lat' dir='ltr'><strong>Causa</strong></span> <span class='ocrx_word' id='word_1_242' title='bbox 397 4846 478 4907; x_wconf 89' lang='lat' dir='ltr'><strong>inter</strong></span> <span class='ocrx_word' id='word_1_243' title='bbox 511 4845 653 4905; x_wconf 89' lang='lat' dir='ltr'><strong>lwanum</strong></span> <span class='ocrx_word' id='word_1_244' title='bbox 686 4860 717 4906; x_wconf 91' lang='lat' dir='ltr'><strong>et</strong></span> <span class='ocrx_word' id='word_1_245' title='bbox 750 4846 947 4928; x_wconf 88' lang='lat' dir='ltr'><strong>Stephanum</strong></span> <span class='ocrx_word' id='word_1_246' title='bbox 972 4862 1096 4909; x_wconf 88' lang='lat' dir='ltr'><strong>sutores</strong></span> <span class='ocrx_word' id='word_1_247' title='bbox 1129 4849 1256 4909; x_wconf 87' lang='lat' dir='ltr'><strong>racione</strong></span> <span class='ocrx_word' id='word_1_248' title='bbox 1288 4867 1416 4929; x_wconf 91' lang='lat' dir='ltr'><strong>percus·</strong></span> 
     </span>
     <span class='ocr_line' id='line_1_42' title="bbox 152 4951 1416 5037; baseline 0.002 -21"><span class='ocrx_word' id='word_1_249' title='bbox 152 4953 253 5017; x_wconf 84' lang='lat' dir='ltr'><strong>sionis</strong></span> <span class='ocrx_word' id='word_1_250' title='bbox 277 4952 444 5015; x_wconf 90' lang='lat' dir='ltr'><strong>cuiusdam</strong></span> <span class='ocrx_word' id='word_1_251' title='bbox 477 4951 566 5035; x_wconf 88' lang='lat' dir='ltr'><strong>pueri</strong></span> <span class='ocrx_word' id='word_1_252' title='bbox 593 4951 691 5035; x_wconf 89' lang='lat' dir='ltr'><strong>ipsius</strong></span> <span class='ocrx_word' id='word_1_253' title='bbox 723 4952 818 5033; x_wconf 90' lang='lat' dir='ltr'><strong>lwan,</strong></span> <span class='ocrx_word' id='word_1_254' title='bbox 850 4953 943 5035; x_wconf 87' lang='lat' dir='ltr'><strong>jurati</strong></span> <span class='ocrx_word' id='word_1_255' title='bbox 975 4954 1250 5037; x_wconf 85' lang='lat' dir='ltr'><strong>adjudicaverunt,</strong></span> <span class='ocrx_word' id='word_1_256' title='bbox 1275 4955 1365 5036; x_wconf 91' lang='lat' dir='ltr'><strong>quod</strong></span> <span class='ocrx_word' id='word_1_257' title='bbox 1391 4957 1416 5027; x_wconf 86' lang='lat' dir='ltr'><strong>si</strong></span> 
     </span>
    </p>
   </div>
   <div class='ocr_carea' id='block_1_6' title="bbox 0 0 1578 5356">
    <p class='ocr_par' dir='ltr' id='par_1_10' title="bbox 0 0 1578 5356">
     <span class='ocr_line' id='line_1_43' title="bbox 0 0 1578 5356; baseline 0 0"><span class='ocrx_word' id='word_1_258' title='bbox 0 0 1578 5356; x_wconf 95' lang='lat' dir='ltr'><strong> </strong></span> 
     </span>
    </p>
   </div>
  </div>
 </body>
</html>
