3142 5356
442 1387 569 1487 (Anno
597 1386 754 1476 Domini
781 1385 1124 1488 mooooltlfflfl.)

729 1622 834 1630 υ--

147 1761 238 1837 Item
268 1761 312 1836 de
340 1784 433 1837 anno
454 1760 598 1838 Domini
618 1763 805 1837 millesimo
835 1762 1190 1861 quadringentesimo
1227 1762 1413 1838 tricesimo

146 1888 275 1981 tercio,
303 1887 394 1962 feria
422 1895 550 1986 quarta
579 1887 748 1962 videlicet
776 1888 810 1961 in
832 1886 930 1961 festo
949 1887 1057 1961 beate
1077 1886 1232 1985 Agnetis
1261 1888 1410 1986 virginis

147 2020 187 2086 et
215 2012 383 2098 martiris,
417 2018 583 2110 tempore
622 2011 782 2086 eiusdem
807 2009 989 2108 judicatus
1018 2011 1130 2110 ipsius
1155 2010 1253 2086 Petri
1278 2009 1409 2108 judicis

146 2136 263 2210 nostri
292 2135 453 2210 moderni
482 2135 586 2210 litere
606 2134 831 2234 infrascripte
857 2142 940 2209 sunt
959 2135 1175 2233 consignate
1196 2133 1230 2209 in
1251 2135 1411 2233 presenti

146 2259 300 2334 katemo
330 2283 439 2360 super
457 2260 752 2359 possessionibus
774 2259 900 2333 civium
929 2267 967 2333 et
985 2258 1226 2333 habitatorum
1257 2258 1413 2334 civitatis

676 2389 883 2482 prenotate.

659 2635 723 2707 (21.
741 2631 909 2709 junuarii).

253 2794 331 2856 Item
355 2795 474 2856 nobilis
499 2794 630 2856 dominu
648 2799 756 2877 Agnes
780 2809 891 2857 vocata
928 2793 991 2856 lilia
1017 2794 1172 2856 lobannis
1198 2795 1411 2880 Erkesteyner

147 2902 187 2963 de
219 2902 385 2980 Erkesten,
418 2902 526 2964 relicta
560 2902 696 2963 condam
731 2901 886 2964 Johannis
914 2901 1029 2983 judicis
1060 2902 1135 2963 dicti
1162 2902 1291 2983 Pehem‚
1325 2923 1410 2965 nunc

145 3027 277 3070 consors
302 3007 486 3070 Melchioris
510 3007 549 3070 de
575 3007 779 3090 Oberdorph,
805 3009 968 3090 quandam
986 3008 1120 3071 domum
1144 3029 1234 3071 suam
1253 3024 1409 3073 muratam

145 3114 241 3175 simul
265 3134 338 3176 cum
363 3111 465 3176 fundo
498 3128 528 3175 et
560 3113 715 3176 hedificiis
743 3129 807 3176 tam
841 3115 970 3197 lapideo
995 3134 1091 3196 quam
1124 3115 1234 3197 ligneo
1259 3117 1410 3199 operibus

145 3220 345 3298 constructis,
378 3221 459 3282 inter
492 3220 618 3298 domos,
650 3219 768 3282 fundos
801 3236 832 3282 et
863 3219 1010 3283 hedificia
1043 3221 1197 3283 Johannis
1226 3221 1320 3303 jurati
1351 3220 1409 3284 filii

146 3326 279 3388 Petonis
302 3341 333 3389 et
358 3326 482 3388 Hertici
510 3326 731 3408 legibulatoris
751 3327 903 3406 habitam,
926 3347 1021 3388 unam
1048 3329 1204 3410 integram
1230 3329 1351 3391 cutiam
1376 3329 1408 3391 in

146 3451 179 3493 se
213 3432 443 3511 continentem,
475 3452 547 3494 cum
583 3433 648 3494 suis
678 3433 884 3516 pertinenciis
919 3434 1088 3496 Leonardo
1121 3433 1225 3514 jurato
1249 3432 1317 3496 tilio
1343 3435 1408 3497 Do·

144 3538 254 3600 minici
279 3539 318 3600 de
342 3540 532 3601 Attawantis
556 3559 613 3621 pro
638 3554 765 3601 centum
790 3539 859 3602 flor.
887 3541 955 3602 auri
981 3560 1018 3602 ex
1043 3560 1200 3602 consensu
1225 3541 1404 3604 vicinorum

148 3646 366 3729 predictorum
391 3647 537 3709 vendidit
562 3647 734 3709 literatorie
758 3662 913 3729 perpetuo
938 3647 1176 3730 possidendam.

250 3752 327 3815 Item
354 3753 502 3815 Matheus
525 3766 614 3815 sutor
638 3752 722 3815 filius
740 3753 906 3815 Michaelis
930 3754 1071 3815 concivis
1095 3767 1212 3832 noster,
1243 3754 1406 3836 quendum

144 3855 279 3920 fundum
313 3878 406 3920 suum
440 3859 471 3920 in
505 3860 576 3921 vico
608 3874 717 3920 nostro
746 3860 892 3921 exteriori
925 3873 1082 3938 sutorum,
1114 3861 1195 3921 inter
1227 3858 1346 3921 fundos
1377 3873 1408 3923 et

143 3964 259 4026 domos
282 3965 413 4027 domine
447 3965 552 4047 Draga
584 3980 696 4028 vocate
728 3967 836 4028 relicte
869 3967 1006 4028 condam
1038 3966 1124 4028 lwan
1161 3966 1289 4045 sutoris,
1322 3986 1407 4030 nunc

143 4071 300 4133 consortis
325 4071 491 4133 Michaelis
508 4073 636 4152 pistoris
660 4092 779 4154 panum
800 4087 831 4134 et
849 4071 981 4153 Georgii
998 4073 1115 4135 sutoris
1139 4093 1174 4135 ac
1201 4073 1283 4135 Petri
1301 4075 1406 4137 barbi·

142 4178 281 4238 tonsoris
304 4177 448 4239 habitum
483 4192 514 4239 et
545 4179 746 4258 existentem,
779 4199 875 4240 unam
901 4194 1047 4261 quartam
1080 4180 1166 4242 curie
1191 4181 1222 4241 in
1247 4202 1279 4242 se
1304 4182 1406 4244 conti·

143 4298 285 4361 nentem,
310 4303 382 4346 cum
408 4285 473 4345 suis
510 4285 715 4366 pertinenciis
748 4286 847 4347 Paulo
879 4286 978 4347 sutori
1004 4284 1071 4347 filio
1104 4287 1198 4365 Petri,
1223 4287 1285 4365 jam
1319 4307 1405 4349 novo

143 4391 267 4452 concivi
293 4405 413 4470 nostro,
438 4410 496 4473 pro
521 4393 631 4453 decem
657 4406 687 4453 et
711 4406 783 4453 octo
816 4394 885 4456 flor.
914 4393 982 4453 auri
1015 4392 1160 4454 vendidit
1184 4413 1222 4456 ex
1247 4413 1405 4456 consensu

143 4496 324 4558 vicinorum
346 4513 503 4580 perpetuo
527 4498 771 4580 possidendum.

250 4603 328 4666 Item
352 4618 418 4666 tota
443 4606 657 4666 communitas
688 4604 784 4666 simul
809 4605 840 4665 in
875 4625 974 4667 unum
1004 4605 1093 4667 dives
1117 4619 1147 4666 et
1171 4625 1292 4689 pauper
1326 4607 1404 4689 pari,

144 4709 289 4771 unanimi
314 4725 344 4772 et
368 4711 520 4772 concordi
545 4712 708 4772 voluntate
733 4726 839 4772 nostra
857 4712 1033 4790 communi,
1058 4711 1097 4773 de
1122 4712 1213 4773 vinea
1239 4711 1402 4774 condicio·

143 4816 209 4879 nuli
234 4816 399 4881 Benedicti
432 4818 561 4880 sartoris
592 4818 717 4902 pridem
748 4818 841 4900 jurati
882 4818 1087 4901 concitisque
1119 4819 1218 4881 nostri
1251 4817 1307 4881 filii
1339 4816 1403 4883 Mi·
