3142 5356
212 340 274 384 ara
742 322 829 380 Anno
851 336 941 400 1431.

141 550 145 561 ·
212 535 295 597 inter
319 533 437 596 fundos
450 545 480 594 et
497 533 611 594 domos
628 531 802 595 liberorum
827 533 963 594 condam
982 533 1149 594 Michaelis
1173 533 1303 595 sartoris
1327 533 1404 594 olim
1431 533 1477 612 ju·

211 641 290 703 dicis
314 640 520 720 concivisque
544 640 643 700 nostri
674 638 730 700 filii
757 639 917 723 Symonis,
942 640 981 700 ab
1007 659 1070 700 una
1095 654 1194 721 parte,
1211 642 1251 700 ab
1276 640 1374 702 altera
1400 660 1475 700 vero

211 747 373 818 Valentini
398 747 437 808 de
455 746 587 808 Raboch
605 745 757 823 habitam,
775 745 915 807 mediam
934 746 1055 807 curiam
1073 746 1105 806 in
1123 767 1155 807 se
1172 745 1357 824 habentem,
1376 748 1477 808 Bene-

211 853 297 915 dicto
327 851 395 915 filio
424 851 556 933 Georgii
584 852 624 913 de
653 851 899 934 Symowchinch
933 853 1047 934 partim
1073 853 1218 914 vendidit
1250 867 1281 914 et
1302 854 1419 935 partim
1443 868 1478 914 ut

211 957 299 1021 affini
324 959 457 1020 donavit
485 973 639 1041 perpetuo
664 957 902 1040 possidendam.

317 1065 394 1127 ltem
421 1065 602 1148 Stephanus
626 1065 717 1127 aliter
742 1064 886 1146 Stephko
918 1079 1060 1143 vocatus,
1084 1065 1208 1146 pridem
1234 1064 1368 1147 juratus,
1392 1064 1481 1128 filius

212 1171 378 1234 Michaelis
402 1172 478 1234 dicti
512 1170 747 1256 Orthophlych,
782 1172 943 1253 quandam
978 1172 1104 1233 vineam
1133 1191 1224 1233 suam
1257 1175 1289 1234 in
1313 1173 1478 1235 territorio

211 1279 347 1341 civitatis
371 1280 453 1341 inter
477 1279 586 1340 vineas
610 1279 695 1340 Petri
719 1277 776 1339 filii
795 1278 948 1360 Stephani
974 1279 1049 1340 dicti
1068 1278 1209 1361 Wydelr‚
1233 1280 1273 1340 ab
1295 1299 1360 1341 una
1378 1293 1481 1361 parte,

212 1387 251 1447 ab
276 1385 373 1447 altera
399 1405 475 1447 vero
506 1385 681 1447 liberorum
714 1384 852 1446 condam
886 1384 1052 1446 Michaelis
1081 1385 1197 1466 judicis
1228 1383 1284 1446 lilii
1311 1385 1478 1469 Symonis,

213 1491 322 1554 lwano
346 1491 415 1553 filio
439 1491 601 1554 Valentini
627 1491 773 1552 vendidit
796 1505 950 1573 perpetuo
976 1491 1214 1573 possidendam.
1280 1485 1285 1495 ’

317 1598 395 1660 Item
420 1597 561 1680 prefatus
585 1597 696 1658 Petrus
727 1595 812 1658 filius
844 1597 997 1678 Stephani
1023 1597 1098 1659 dicti
1132 1597 1272 1679 Wydek‚
1312 1599 1480 1679 quandam

211 1718 334 1787 partem
367 1725 423 1766 seu
454 1704 641 1786 porcionem
674 1703 768 1764 vinee
792 1723 848 1764 sue
881 1723 936 1784 per
965 1704 1068 1785 ipsum
1101 1725 1119 1763 a
1152 1704 1303 1785 magistro
1329 1704 1481 1768 lohanne

210 1811 347 1894 lapicida
372 1824 566 1893 comparate,
592 1811 674 1872 inter
697 1809 793 1871 aliam
819 1811 946 1871 vineam
976 1830 1067 1871 suam
1092 1824 1122 1870 et
1146 1810 1273 1872 vineam
1298 1811 1390 1872 Pauli
1416 1833 1482 1873 sar-

211 1918 289 1980 toris
313 1938 348 1980 ac
374 1918 455 1979 inter
480 1917 608 1978 vineam
632 1917 732 1998 ipsius
757 1916 854 1976 lwani
880 1916 999 1993 habite,
1017 1937 1072 1998 pcr
1097 1930 1197 1977 certas
1222 1930 1322 1979 metas
1347 1917 1483 1980 distinc-

211 2037 287 2103 tam,
312 2024 417 2086 eidem
442 2023 549 2084 lwano
585 2021 651 2084 filio
681 2021 842 2085 Valentini
876 2022 1021 2084 vendidit
1055 2037 1209 2105 perpetuo
1235 2024 1482 2105 possidendam.

318 2131 395 2191 ltem
421 2149 482 2190 una
508 2148 580 2210 pars
603 2148 660 2190 seu
685 2128 796 2210 porcio
829 2129 1050 2190 universarum
1084 2130 1324 2210 possessionum
1350 2145 1380 2191 et
1406 2151 1482 2213 por-

212 2236 343 2297 cionum
368 2235 690 2318 possessionariarum
716 2235 831 2315 quovis
860 2235 1001 2296 nominis
1033 2236 1193 2298 vocabulo
1219 2236 1396 2297 vocitatum
1424 2258 1482 2299 seu

212 2355 481 2424 nuncupatarum,
506 2341 656 2402 videlicet
680 2340 864 2420 domorum,
888 2342 1091 2419 celariorum,
1109 2341 1284 2403 fundorum
1309 2357 1340 2403 et
1364 2343 1482 2405 hedifi-

212 2448 334 2510 ciorum
360 2448 454 2509 unius
479 2447 602 2527 integre
626 2447 723 2524 curie,
742 2447 823 2507 inter
848 2447 964 2509 domos
988 2463 1018 2509 et
1036 2446 1153 2509 fundos
1169 2448 1267 2510 Blasii
1292 2448 1368 2510 dicti
1396 2450 1480 2510 Kur-

212 2555 339 2616 manich
364 2553 420 2616 lilii
438 2553 567 2614 Thome
592 2568 623 2614 et
642 2554 737 2615 Blasii
763 2555 839 2615 dicti
862 2555 1009 2616 similiter
1027 2555 1225 2617 Kurmanich
1243 2570 1274 2617 et
1298 2556 1383 2618 Petri
1402 2557 1481 2618 dicti

213 2662 311 2724 Sulalr
336 2661 529 2737 habitarum,
553 2679 589 2720 ac
613 2660 730 2720 stabuli
765 2660 795 2720 in
821 2661 978 2722 suburbio
1010 2675 1041 2722 et
1064 2662 1123 2722 sub
1149 2681 1242 2722 muro
1268 2662 1419 2740 civitatis,
1444 2683 1482 2724 ac

212 2783 295 2831 terre
320 2766 450 2828 arabilis
474 2765 585 2827 decem
610 2765 768 2827 dictarum
793 2767 824 2827 in
856 2767 1053 2828 Cirlrwische
1078 2787 1113 2828 ac
1138 2768 1304 2829 vinearum
1330 2769 1479 2830 omnium

213 2875 272 2936 viri
296 2873 434 2935 condam
460 2872 585 2954 providi
611 2872 789 2934 Clementis
813 2874 966 2934 institoris
988 2873 1044 2934 filii
1069 2874 1207 2952 Mikech,
1232 2893 1305 2935 cum
1325 2877 1480 2937 omnibus

215 2983 355 3064 ipsarum
382 2979 518 3040 duarum
544 2979 685 3060 parcium
711 2998 766 3039 seu
787 2980 978 3060 porcionum
1008 2980 1199 3041 utilitatibus
1223 2995 1253 3041 et
1270 2981 1478 3062 pertinenciis

217 3085 373 3148 universis
391 3086 492 3145 Kusse
518 3084 643 3145 mulieri
662 3085 770 3146 relicte
788 3086 887 3167 ipsius
911 3085 1099 3164 Clementis,
1124 3086 1187 3148 due
1204 3105 1280 3147 vero
1297 3101 1404 3169 partes
1420 3107 1477 3149 seu

215 3191 385 3274 porciones
409 3190 594 3251 earumdem
619 3191 857 3271 possessionum
879 3206 909 3253 et
934 3192 1125 3273 porcionum
1149 3192 1473 3274 possessionariarum

213 3298 388 3359 Ambrosio
413 3294 481 3358 filio
506 3296 581 3357 dicti
599 3296 777 3358 Clementis
800 3317 837 3357 ex
854 3296 1025 3359 sufficienti
1044 3299 1185 3380 ipsorum
1204 3299 1475 3380 comprobacione

213 3419 286 3467 sunt
310 3417 495 3487 perpetuata
521 3403 762 3484 privilegialiter
787 3417 817 3465 et
842 3417 957 3465 statute
984 3419 1139 3486 perpetuo
1163 3404 1368 3486 possidende.

320 3513 396 3573 Item
422 3511 563 3593 predicta
581 3511 711 3572 domina
730 3512 833 3573 Kussa
857 3512 989 3572 terciam
1006 3530 1095 3573 suam
1120 3525 1242 3594 partem
1259 3512 1473 3594 predictarum

214 3621 433 3682 universarum
459 3637 589 3680 suarum
614 3618 851 3698 possessionum
877 3631 908 3679 et
937 3618 1127 3699 porcionum
1152 3619 1474 3699 possessionariarum

214 3746 287 3788 cum
313 3726 377 3786 suis
401 3725 607 3806 pertinenciis
631 3724 763 3785 donavit
781 3723 924 3805 Georgio
942 3723 1008 3784 lilio
1034 3723 1163 3786 Thome
1187 3723 1336 3808 Aythych
1360 3725 1474 3786 marito

213 3853 271 3894 suo
295 3852 330 3893 ac
355 3852 410 3914 per
435 3850 507 3892 eum
533 3831 675 3913 ipsorum
700 3830 872 3891 heredibus
896 3843 1051 3912 perpetuo
1076 3830 1315 3912 possidendam.

231 4052 313 4123 Item
342 4052 427 4122 feria
456 4049 562 4122 tercia
591 4047 744 4138 proxima
773 4058 851 4120 ante
879 4050 1002 4121 festum
1033 4047 1286 4120 Purificaeionis
1315 4049 1458 4138 gloriose

620 4193 750 4262 semper
776 4172 918 4262 virginis
947 4174 1062 4244 Maria.

724 4327 787 4401 (30.
804 4326 969 4401 januaria).

320 4470 397 4531 ltem
423 4468 540 4529 domus
564 4482 593 4528 et
618 4465 736 4527 fundus
760 4467 855 4527 unius
879 4480 990 4546 quarte
1017 4466 1102 4527 curie
1127 4479 1210 4528 retro
1235 4465 1370 4529 domum
1396 4469 1474 4530 libe·

214 4595 321 4636 rorum
340 4575 476 4637 condam
497 4572 629 4654 Georgii
648 4572 853 4654 Pechathnylr
877 4573 907 4632 in
933 4573 1015 4633 dicta
1034 4573 1159 4634 civitate
1177 4593 1213 4634 ac
1231 4573 1312 4635 inter
1341 4575 1473 4636 domum

213 4696 243 4743 et
268 4681 402 4743 fundum
429 4682 638 4742 discretorum
665 4679 808 4739 virorum
833 4679 956 4739 domini
975 4679 1130 4740 Anthonii
1152 4680 1321 4761 presbiteri
1346 4681 1474 4764 plebani

213 4789 347 4852 ecclesie
372 4803 477 4849 nostre
510 4786 701 4869 parochialis
734 4784 819 4847 beati
852 4786 949 4846 Marci
976 4786 1192 4865 ewangeliste,
1224 4787 1264 4848 ab
1289 4806 1353 4849 una
1377 4802 1475 4871 parte,
