3142 5356
148 347 209 406 262
679 342 764 397 Anno
787 353 878 416 1454.

148 559 179 618 in
206 571 355 638 postergo
381 573 457 615 vero
474 553 648 613 liberorum
668 551 794 612 Nicolai
815 550 1026 631 Horwathyn,
1048 570 1146 611 unam
1166 564 1324 632 quartam
1340 551 1418 612 curie

148 664 179 724 in
204 683 237 724 se
262 662 493 735 continentem,
513 658 642 740 Mathye
665 658 865 739 carpentario
883 657 968 717 dicto
993 657 1102 717 Leuak
1120 655 1191 718 filio
1209 657 1315 735 iwan,
1330 676 1418 740 super

148 769 413 831 communitatem
447 786 504 848 pro
537 786 602 826 non
634 764 801 826 solucione
834 763 1000 824 deciorum
1033 762 1241 841 devolutum,
1267 783 1328 847 pro
1359 782 1418 824 uuo

148 874 217 937 flor.
242 875 310 935 auri
336 872 481 933 vendidit
507 885 663 953 perpetuo
687 869 930 953 possidendum.

255 998 331 1060 Item
357 997 495 1078 quedam
521 997 620 1057 stacio
645 997 751 1076 lignea
784 994 920 1056 condam
946 993 1072 1054 domini
1096 993 1227 1055 Nicolai
1254 993 1417 1076 presbiteri

148 1104 206 1166 filii
239 1104 394 1165 Johanuis
427 1103 538 1185 Bolye,
572 1103 651 1163 duas
685 1100 837 1162 fenestras
870 1101 901 1160 in
934 1120 965 1160 se
1005 1099 1189 1179 habentem,
1222 1101 1326 1162 simul
1349 1119 1417 1162 cum

150 1211 251 1273 fundo
276 1225 306 1272 et
330 1209 497 1286 hedificiis,
528 1211 609 1270 inter
642 1209 817 1270 stacionem
853 1221 1011 1268 muratam
1036 1221 1066 1268 et
1097 1204 1238 1268 fundum
1266 1207 1418 1269 lobannis

150 1318 206 1379 filii
240 1318 382 1394 Peronis,
415 1317 578 1377 mediante
610 1316 722 1377 semita
757 1316 882 1395 utrique
915 1315 995 1397 parti
1032 1314 1237 1393 deservienti,
1272 1335 1310 1375 ac
1342 1315 1418 1375 inter

150 1427 283 1486 domum
303 1439 333 1485 et
356 1424 532 1485 stacionem
550 1423 697 1483 similiter
714 1436 872 1483 muratam
893 1441 928 1482 ac
946 1420 1082 1482 fundum
1101 1420 1235 1483 domine
1256 1421 1417 1484 Dorothee

151 1533 213 1593 lilie
239 1532 377 1591 condam
403 1530 510 1591 Choni
535 1529 659 1607 judicis,
684 1549 701 1590 a
726 1526 832 1610 platea
858 1548 958 1608 usque
985 1527 1120 1589 fundum
1145 1527 1328 1590 liberorum
1346 1548 1417 1590 con·

151 1638 224 1699 dem
251 1636 449 1717 sigismundi
474 1635 566 1713 jurati
593 1635 750 1716 protensis
786 1655 818 1695 se
845 1634 1100 1712 extendentibus,
1125 1633 1271 1695 mediam
1299 1635 1417 1696 curiam

136 1736 183 1804 'iu
209 1763 241 1804 se
265 1743 443 1818 continens,
469 1741 607 1802 Johanni
634 1743 736 1822 jurato
753 1739 821 1802 filio
851 1739 964 1821 prelati
990 1740 1144 1802 lobannis
1162 1741 1266 1822 Bolye
1293 1761 1333 1804 ex
1356 1739 1417 1802 sul-

151 1849 269 1911 ficienti
295 1849 393 1930 ipsius
419 1849 690 1928 comprobacione
716 1862 761 1907 est
786 1848 961 1908 literatorie
994 1861 1108 1907 statute
1133 1861 1295 1928 perpetuo
1320 1848 1417 1929 possi·

151 1957 277 2031 denda;
302 1955 527 2036 cuiusquidem
553 1955 704 2016 stacionis
728 1955 833 2035 lignee
860 1969 890 2014 et
919 1952 1009 2014 fundi
1033 1954 1185 2014 directam
1213 1968 1244 2014 et
1270 1955 1415 2036 equalem

152 2063 368 2139 medietatem,
393 2081 489 2122 unam
526 2061 675 2122 videlicet
709 2060 889 2138 fenestram,
915 2080 1010 2120 unam
1044 2074 1190 2140 quartam
1217 2061 1307 2121 curie
1333 2061 1417 2121 inse

152 2169 382 2245 continentem,
408 2187 480 2228 cum
506 2168 571 2228 suis
595 2167 786 2227 utilitatibus
819 2181 849 2227 et
877 2167 1082 2247 pertinenciis
1114 2165 1273 2227 universis
1300 2167 1417 2228 Jacobo

151 2276 255 2357 jurato
280 2274 347 2336 filio
372 2275 506 2356 predicti
540 2274 695 2336 Johannis
731 2275 841 2356 Bolye,
878 2272 964 2335 fratri
990 2293 1048 2334 suo
1080 2273 1210 2352 seniori,
1235 2275 1365 2336 uterino
1388 2288 1417 2335 et

152 2382 282 2460 carnali,
309 2382 441 2443 donavit
466 2397 622 2463 perpetuo
648 2381 887 2463 possidendam.

207 2620 289 2691 Item
318 2620 402 2691 leria
431 2623 538 2690 tercia
568 2623 723 2707 proxima
752 2628 829 2708 post
859 2620 980 2690 festum
1015 2616 1247 2690 Conversionis
1275 2619 1366 2691 heati

642 2744 737 2814 Pauli
767 2745 922 2832 apostoli.

664 2911 728 2989 (26.
745 2916 909 2991 januarii).

260 3074 338 3134 ltem
364 3074 476 3135 Petrus
501 3074 604 3135 dictus
629 3075 785 3136 Penthera
811 3074 895 3135 filius
913 3074 1009 3151 Galli,
1035 3074 1159 3156 pridem
1184 3073 1318 3156 juratus,
1343 3094 1415 3137 con·

155 3181 233 3242 civis
258 3196 376 3256 noster,
401 3181 562 3260 quandam
596 3183 771 3242 sessionem
806 3201 895 3242 suam
928 3181 1165 3261 jobagionalem
1191 3182 1223 3241 in
1257 3182 1414 3242 territorio

154 3300 263 3347 nostro
290 3288 320 3346 in
347 3287 422 3347 villa
448 3288 608 3370 Pobresya
634 3287 718 3365 juxta
739 3303 768 3348 et
786 3307 885 3368 prope
911 3287 1044 3348 fluvium
1063 3287 1167 3363 lawe,
1193 3287 1276 3348 inter
1300 3285 1415 3348 fundos

154 3413 209 3453 seu
234 3396 392 3453 sessiones
417 3394 637 3474 jobagionales
670 3395 845 3454 liberorum
879 3394 1015 3454 condam
1043 3392 1242 3474 Sigismundi
1268 3394 1361 3472 jurati
1386 3406 1415 3454 et

154 3499 321 3559 Michaelis
347 3499 537 3576 Sebastiani,
555 3501 650 3560 simul
669 3520 741 3560 cum
760 3500 884 3581 (hlortis
909 3514 939 3561 et
964 3500 1053 3559 terris
1071 3499 1247 3560 arabilibus
1265 3500 1414 3561 Delnicze

154 3619 184 3666 et
218 3605 412 3687 Srebynicze
438 3609 558 3668 vocatis
582 3607 686 3682 sitam,
723 3607 753 3666 in
780 3627 843 3687 qua
872 3626 956 3666 nunc
982 3606 1127 3666 Thomas
1153 3605 1346 3667 Mazthnech
1370 3606 1413 3667 di·

154 3711 295 3771 noscitur
312 3712 462 3789 residere,
488 3713 632 3794 predicto
650 3712 798 3773 Michaeli
819 3713 996 3773 Sebastiani
1016 3711 1258 3791 consanguineo
1284 3732 1342 3774 suo
1359 3731 1414 3794 pro

153 3838 205 3876 sex
231 3817 299 3880 flor.
325 3821 391 3878 auri
418 3820 562 3880 vendidit
587 3834 741 3901 perpetuo
767 3820 1005 3900 possidendam.
1331 3814 1333 3818 ⁸

260 3942 337 4003 ltem
354 3944 541 4005 Leonardus
554 3943 639 4005 filius
657 3945 818 4005 Dominici
832 3945 869 4003 de
889 3944 1100 4005 Atthawantis
1114 3945 1279 4025 quandam
1296 3959 1413 4006 turrem

154 4048 213 4106 viri
239 4049 376 4109 condam
402 4050 527 4130 providi
561 4051 702 4131 magistri
729 4048 899 4111 Wallrami
932 4050 1056 4131 phisici,
1082 4070 1176 4112 muro
1201 4052 1339 4113 civitatis
1363 4051 1413 4111 ad·

155 4153 329 4232 herentem,
362 4157 456 4217 simul
481 4177 554 4218 eum
589 4157 690 4218 fundo
723 4177 835 4234 vacuo,
868 4176 965 4217 unam
991 4157 1146 4238 integram
1180 4159 1303 4220 curiam
1328 4160 1413 4220 inse

154 4261 383 4338 continentem,
417 4263 497 4322 inter
531 4263 649 4325 fundos
682 4264 805 4324 domini
837 4265 933 4324 nostri
967 4264 1060 4343 regis,
1092 4266 1131 4325 ab
1157 4285 1221 4326 una
1245 4282 1345 4348 parte,
1375 4266 1412 4326 ab

153 4367 250 4427 altera
277 4387 352 4427 vero
379 4367 510 4450 Georgii
538 4370 651 4431 Croaci
678 4384 708 4431 et
728 4371 889 4431 benedicti
916 4369 971 4431 filii
999 4369 1135 4452 Gywani
1161 4371 1315 4451 habitam,
1344 4390 1411 4434 cum

153 4472 217 4532 suis
242 4473 458 4553 pertinenciis,
484 4477 671 4537 auctoritate
704 4477 921 4537 commissaria
948 4477 1072 4538 Briccio
1097 4476 1194 4555 judici
1222 4477 1291 4539 filio
1317 4479 1410 4541 Bene·

153 4578 229 4639 dicti
254 4599 312 4659 pro
338 4581 550 4660 quadraginta
576 4599 714 4663 quatuor
739 4583 806 4644 flor.
824 4583 970 4643 vendidit
993 4597 1149 4665 perpetuo
1175 4585 1410 4666 possidendam,

153 4685 193 4745 ita
219 4698 337 4764 tamen,
365 4689 451 4768 quod
471 4702 615 4770 tempore
641 4705 825 4771 opportuno
850 4704 880 4748 et
898 4690 1093 4751 necessitatis
1117 4712 1154 4751 ac
1178 4691 1328 4754 disturbii
1344 4711 1408 4774 pre·

153 4788 235 4851 fatus
271 4792 410 4853 Briccius
435 4807 465 4854 et
497 4795 543 4855 sui
579 4797 682 4856 cuncti
716 4815 912 4859 successores
937 4796 1036 4879 ipsius
1067 4797 1162 4859 turris
1187 4817 1246 4880 pro
1269 4812 1408 4882 tempore
