3142 5356
687 353 774 409 Anno
798 365 887 428 1433·
1357 371 1418 431 255

147 562 279 624 cionem
311 563 481 625 cuiusdam
517 561 628 644 (hlorti
660 564 708 624 sui
741 563 773 623 in
805 563 960 624 suburbio
994 563 1131 625 civitatis
1162 564 1303 645 predicte
1337 565 1419 626 inter

151 670 293 751 (hlortoe
316 671 482 733 Benedicti
506 672 632 752 pridem
648 670 743 753 jurati
760 669 818 732 filii
836 671 1000 732 Benedicti
1025 685 1057 732 et
1080 671 1235 733 Anthonii
1261 671 1417 733 carnificis

149 775 265 855 habiti,
290 797 347 860 per
370 792 489 839 metam
516 777 729 859 quarumdam
754 776 890 839 duarum
907 777 1058 838 arborum
1085 777 1236 840 videlicet
1259 779 1350 840 nucis
1374 779 1420 840 in·

148 882 252 945 lerius
276 899 307 945 et
339 884 458 946 merusi
490 885 636 967 superius
669 887 728 945 sub
759 884 889 962 vitibus,
923 884 1071 945 crucibus
1102 885 1298 965 signatarum
1331 905 1419 967 sepa·

147 1002 264 1068 ratam,
289 989 419 1072 Mathye
444 991 544 1051 sutori
576 989 643 1051 filio
669 989 819 1071 Gregorii
849 989 974 1051 sororio
1006 1010 1065 1051 suo
1097 991 1263 1052 carissimo
1288 991 1421 1052 donavit

146 1111 307 1178 perpetuo
331 1096 570 1180 possidendam.

256 1204 334 1265 ltem
353 1203 494 1286 quedam
514 1204 606 1265 vinea
625 1223 687 1285 que
705 1204 843 1265 condam
862 1203 1017 1265 Johannis
1037 1204 1148 1284 generi
1167 1204 1294 1265 Martini
1313 1205 1419 1266 Terba

146 1308 323 1392 prefuerat,
348 1310 485 1372 eandem
511 1309 593 1372 inter
627 1310 736 1370 vineas
768 1309 923 1371 lohannis
952 1308 1008 1371 filii
1043 1309 1205 1371 Valentini
1231 1325 1262 1371 et
1294 1311 1420 1372 Lucasii

148 1417 284 1480 cultoris
309 1417 463 1492 habitam,
481 1417 697 1478 communitae
714 1419 753 1478 ab
779 1418 868 1478 omni
886 1437 982 1478 censu
1000 1417 1127 1498 penitus
1151 1417 1329 1497 liberatam,
1346 1438 1418 1480 cum

148 1524 304 1585 omnibus
330 1524 396 1585 suis
421 1523 612 1585 utilitatibus
637 1538 667 1584 et
691 1507 898 1605 pertinenciis
922 1523 1079 1583 universis
1104 1523 1241 1584 discreto
1266 1524 1335 1585 viro
1362 1523 1419 1585 do·

147 1631 241 1691 mino
279 1630 379 1691 Paulo
416 1630 593 1712 presbitero
626 1629 766 1712 plebano
804 1630 937 1691 ecclesie
969 1643 1075 1690 nostre
1112 1629 1304 1711 parochialis
1335 1631 1419 1692 beati

148 1735 251 1797 Marci
276 1736 482 1818 ewangeliste
508 1736 710 1818 perpetuavit
736 1735 913 1797 literatorie
945 1735 1152 1816 perhenniter
1176 1735 1418 1817 possidendam.

257 1841 334 1903 ltem
369 1843 508 1925 quedam
541 1843 633 1903 vinea
668 1841 901 1903 condicionalis
934 1842 965 1902 in
1001 1841 1162 1902 territorio
1196 1855 1304 1903 nostro
1338 1842 1419 1902 inter

147 1948 261 2009 vineas
279 1948 454 2010 liberorum
473 1969 528 2010 seu
546 1968 765 2010 successorum
784 1948 920 2010 condam
940 1947 1074 2009 Fabiani
1092 1948 1281 2029 carpentarii
1300 1947 1418 2026 claudi,

147 2074 166 2114 a
192 2055 448 2135 septemtrionali
473 2070 572 2135 parte,
597 2075 612 2116 a
639 2070 726 2137 parte
750 2074 827 2116 vero
845 2054 1048 2116 meridionali
1067 2054 1150 2115 Petri
1175 2053 1289 2134 judicis
1314 2054 1413 2115 nostri

148 2160 298 2222 moderni
323 2159 379 2221 filii
403 2161 493 2222 Pauli
511 2161 693 2222 concivium
719 2175 900 2222 nostrorum
919 2160 1038 2238 habita,
1055 2160 1224 2242 desupera
1250 2161 1299 2221 via
1324 2179 1411 2222 com-

150 2269 242 2328 muni
257 2283 288 2330 et
302 2266 381 2328 infra
397 2287 498 2349 usque
516 2268 611 2328 aliam
630 2269 712 2329 viam
731 2267 1055 2344 communem,simul
1067 2287 1140 2328 cum
1154 2267 1292 2347 virgulto
1306 2267 1410 2328 eidem

154 2373 248 2434 vinee
273 2375 332 2434 sub
357 2388 387 2434 et
411 2393 506 2455 super
531 2394 566 2434 ac
589 2373 747 2454 adjacenti
771 2393 804 2434 se
822 2373 1007 2451 extendens,
1030 2374 1089 2434 sub
1107 2392 1203 2434 censu
1227 2371 1324 2432 medii
1342 2371 1412 2434 flor.

150 2479 220 2540 auri
245 2479 381 2560 singulis
407 2480 498 2540 annis
523 2479 617 2540 nohis
641 2499 697 2541 scu
721 2479 945 2541 communitati
968 2493 1074 2540 nostre
1099 2479 1172 2540 loco
1196 2479 1273 2540 sexti
1304 2478 1412 2540 eubuli

149 2601 224 2647 ante
260 2586 553 2648 vindemiacionem
591 2606 726 2647 uvarum
767 2606 804 2646 ex
837 2586 1074 2647 deliberacione
1108 2602 1213 2646 nostra
1246 2585 1411 2646 communi

148 2692 377 2773 persolvendo,
402 2694 461 2753 sub
487 2693 579 2753 rnetis
605 2691 824 2774 infrascriptis,
851 2707 896 2752 est
917 2693 1089 2753 literatorie
1115 2704 1302 2774 perpetuata
1321 2691 1414 2752 Petro

149 2797 303 2880 frenipari
315 2819 370 2860 seu
385 2798 576 2878 cingulatori
591 2797 659 2859 filio
671 2799 783 2860 Briccii
797 2799 971 2859 literatorie
985 2797 1192 2879 perhenniter
1205 2796 1412 2879 possidenda.

256 2905 335 2965 ltem
363 2903 525 2984 Georgius
549 2902 728 2985 lutifigulus
751 2903 836 2965 lilius
862 2905 951 2965 Pauli
987 2903 1149 2985 quandam
1175 2903 1301 2964 vineam
1325 2922 1416 2964 suam

149 3010 181 3071 in
207 3010 368 3071 territorio
393 3025 501 3072 nostro
527 3011 609 3071 inter
626 3011 735 3071 vineas
760 3010 935 3072 liberorum
954 3011 1091 3070 condam
1110 3010 1251 3090 magistri
1269 3009 1413 3087 Fabiani,

148 3115 359 3197 magistrique
384 3115 482 3177 Blasii
515 3116 645 3176 textoris
669 3115 824 3194 habitam,
857 3135 929 3177 cum
957 3117 1023 3176 suis
1054 3116 1262 3198 pertinenciis
1287 3130 1317 3177 et
1342 3135 1414 3176 curn

151 3222 375 3284 additamento
401 3243 454 3282 sex
479 3221 547 3283 flor.
574 3222 653 3299 auri,
672 3221 773 3282 Paulo
798 3222 865 3283 filio
890 3222 1046 3284 Anthonii
1066 3243 1122 3303 pro
1141 3222 1280 3303 quadam
1297 3221 1416 3282 vineali

151 3328 300 3390 similiter
324 3328 479 3411 porcione
504 3328 649 3390 eiusdem
671 3328 774 3406 Pauli,
799 3348 894 3409 quam
915 3348 999 3390 nunc
1024 3329 1176 3410 magister
1195 3327 1341 3389 Matheus
1358 3346 1415 3388 no·

149 3434 249 3495 tarius
259 3434 437 3496 dinoscitur
447 3434 624 3516 possidere,
635 3433 723 3494 dedit
732 3434 944 3516 permutative
956 3432 1164 3516 perhenniter
1177 3432 1415 3516 possidendam.

256 3539 332 3602 ltem
359 3540 499 3621 quedam
524 3539 650 3617 domus,
676 3538 795 3600 fundus
820 3554 850 3600 et
877 3540 1031 3601 celarium
1057 3560 1092 3601 ac
1117 3537 1264 3600 hedificia
1290 3539 1322 3599 in
1341 3539 1414 3600 vico

150 3646 249 3728 ipsius
274 3647 411 3708 civitatis
442 3647 590 3708 exteriori
625 3647 707 3707 inter
738 3645 854 3707 domos
892 3646 1020 3707 Martini
1054 3645 1208 3727 sagiparis
1240 3659 1271 3706 et
1295 3643 1414 3706 Mathie

148 3753 265 3814 sutoris
289 3772 325 3814 ac
349 3753 525 3813 liberorum
552 3752 689 3813 condam
719 3752 844 3813 Nicolai
881 3752 998 3814 sutoris
1023 3751 1141 3829 habita,
1167 3770 1262 3812 unam
1289 3751 1320 3811 in
1345 3765 1414 3812 toto

147 3872 295 3940 quartam
321 3859 409 3920 curie
435 3860 467 3920 in
492 3877 525 3919 se
543 3860 722 3937 continens,
746 3857 909 3940 Stephano
927 3859 1026 3919 sutori
1044 3857 1111 3919 lilio
1137 3858 1220 3918 lwan
1247 3871 1292 3917 est
1309 3856 1413 3918 litera·

146 3964 228 4027 torie
252 3979 438 4047 perpetuata
463 3965 668 4046 perhenniter
692 3964 897 4045 possidenda.

257 4071 334 4133 ltem
360 4071 500 4152 quedam
526 4071 642 4131 domus
660 4083 783 4131 murata
809 4083 839 4131 et
860 4069 979 4131 fundus
1004 4090 1039 4131 ac
1056 4067 1202 4130 hedificia
1229 4069 1260 4130 in
1286 4068 1413 4130 civitate

147 4178 290 4260 predicta
318 4179 400 4238 inter
416 4178 532 4238 domos
548 4178 695 4238 similiter
720 4191 860 4238 muratas
884 4192 914 4238 et
939 4176 1057 4238 fundos
1081 4177 1256 4238 liberorum
1275 4175 1412 4237 condam

148 4284 233 4346 Petri
257 4284 373 4367 judicis
398 4284 473 4346 dicti
499 4284 622 4366 Saphar
647 4299 677 4346 et
702 4284 877 4345 liberorum
897 4284 1034 4345 condam
1060 4284 1191 4345 domine
1218 4283 1340 4360 Regiae
1359 4282 1412 4343 ha-

148 4391 224 4470 bita,
248 4389 391 4452 mediam
417 4391 539 4451 curiam
565 4391 597 4451 in
622 4410 654 4450 se
680 4391 859 4467 continens,
881 4391 974 4451 Petro
1000 4390 1156 4453 Crowaco
1180 4387 1247 4450 filio
1267 4388 1409 4451 Budislai

147 4515 204 4579 per
229 4496 455 4558 vendicionem
475 4495 602 4557 Thomc
621 4495 677 4556 filii
704 4495 810 4557 Choni
835 4510 866 4557 et
882 4495 1014 4558 domine
1032 4496 1195 4557 Dorothee
1220 4495 1338 4556 sororis
1354 4514 1409 4555 sue

147 4617 195 4665 eat
218 4602 394 4665 literatorie
418 4617 604 4684 perpetuata
626 4616 780 4683 perpetuo
801 4601 1005 4683 possidenda.

255 4709 333 4771 ltem
370 4709 507 4771 Maricza
544 4709 660 4768 mulier
697 4709 803 4768 relicta
839 4707 976 4768 condam
1014 4706 1146 4788 Georgii
1179 4707 1236 4768 lilii
1270 4706 1410 4770 Francza

147 4834 279 4878 consors
302 4815 459 4896 legittima
492 4814 589 4876 Blasii
622 4813 677 4874 filii
712 4815 807 4892 lwan,
832 4814 995 4895 quandam
1030 4814 1218 4897 porcionem
1243 4813 1410 4874 cuiusdam
