3142 5356
683 345 769 400 Anno
792 356 884 420 1434.
1357 344 1419 425 269

147 553 241 616 fundi
268 553 401 635 Georgii
425 537 555 617 sartoris
573 554 744 637 prenotati,
766 552 847 616 infra
865 574 966 636 usque
983 555 1120 637 plateam
1146 575 1202 616 seu
1227 555 1312 617 viam
1330 575 1418 617 com·

148 681 282 722 munem
307 675 540 743 protensarum,
564 661 673 742 spacio
698 662 793 722 unius
810 661 929 723 brachii
956 660 1049 723 lerrei
1074 682 1132 744 pro
1157 662 1230 724 loco
1254 665 1419 725 canalium

146 787 205 828 seu
230 767 395 828 communi
430 766 548 829 fundos
574 768 655 828 inter
687 767 849 848 predictos
879 767 1020 848 ipsorum
1054 768 1229 829 liberorum
1263 768 1338 830 dicti
1365 770 1417 830 Jo-

147 874 265 935 hannis
290 873 426 936 Chonka
458 893 494 935 ac
519 874 616 935 vicini
649 873 839 955 infrascripti
872 873 1005 936 dimisso
1038 889 1068 936 et
1100 875 1265 956 deputam,
1298 876 1419 938 medie-

146 993 248 1042 tatem
273 979 424 1042 videlicet
449 998 546 1041 unam
576 993 694 1041 rectam
719 993 750 1040 et
782 979 943 1060 equalem,
967 999 1065 1041 unam
1099 979 1249 1042 videlicet
1273 995 1418 1062 quartam

147 1098 181 1148 et
205 1100 350 1148 octavam
376 1086 408 1146 in
433 1105 466 1146 se
491 1085 723 1164 continentem,
746 1084 830 1146 iwan
849 1083 917 1146 filio
943 1085 1105 1147 Valentini
1130 1085 1217 1147 dicto
1243 1086 1334 1147 Turk
1359 1106 1418 1168 pro

148 1206 224 1254 octo
249 1192 319 1255 flor.
343 1191 412 1253 auri
430 1191 577 1254 vendidit
601 1205 758 1274 perpetuo
774 1192 1015 1274 possidendam,
1040 1205 1071 1254 et
1094 1191 1189 1254 aliam
1208 1192 1413 1254 medietatem

147 1298 295 1360 eiusdem
320 1297 447 1378 domus,
472 1296 564 1359 fundi
589 1311 620 1359 et
643 1295 879 1376 hedificiorum,
912 1318 1009 1360 unam
1035 1298 1244 1360 consimiliter
1268 1312 1415 1380 quartam

150 1418 182 1467 et
207 1424 304 1466 unam
330 1418 475 1465 octavam
502 1404 533 1464 in
558 1423 591 1464 se
615 1403 798 1481 habentem,
823 1403 1000 1488 Elyzabeth
1034 1424 1113 1466 uxor
1137 1404 1237 1486 ipsius
1261 1404 1345 1465 lwan
1370 1403 1417 1466 le·

148 1512 276 1593 gittima
299 1510 404 1573 eidem
431 1510 514 1571 lwan
541 1509 673 1571 donavit
696 1509 843 1570 similiter
867 1525 1023 1592 perpetuo
1047 1510 1286 1593 possidendam.

258 1617 335 1680 Item
361 1618 462 1679 Elena
486 1615 552 1678 filia
580 1617 676 1678 Blasii
709 1616 818 1678 relicta
846 1617 984 1678 condam
1010 1617 1166 1679 Anthouii
1201 1618 1277 1679 dicti
1301 1617 1415 1680 Wlka·

148 1725 235 1802 nich,
260 1745 345 1786 nunc
363 1744 494 1786 consors
511 1723 667 1785 lobannis
690 1723 806 1785 Croaci
824 1721 881 1784 filii
899 1724 1010 1803 Marci,
1029 1724 1235 1786 medietatem
1252 1724 1417 1786 cuiusdam

149 1830 278 1908 domus,
303 1828 405 1908 fundi,
430 1830 537 1890 celarii
563 1843 593 1890 et
618 1827 842 1890 hedificiorum
866 1829 898 1890 in
924 1830 1007 1891 dicta
1032 1830 1160 1892 civitate
1186 1831 1267 1891 inter
1290 1830 1418 1909 domos,

149 1933 269 1997 fundos
293 1949 323 1998 et
348 1933 496 1997 hedificia
522 1934 685 1997 Dorothee
718 1935 863 1996 mulieris
887 1948 918 1997 et
942 1935 1105 1997 Valentini
1138 1935 1196 1997 lilii
1222 1936 1312 1998 Pauli
1338 1936 1414 1998 dicti

152 2042 364 2121 Dauidowch,
388 2045 428 2104 ab
454 2062 516 2103 una
533 2055 633 2124 parte,
658 2042 697 2102 ab
722 2041 820 2103 altera
839 2042 937 2103 Marci
962 2043 1093 2104 cultoris
1110 2056 1140 2104 et
1165 2043 1285 2104 Vrbani
1302 2043 1415 2104 Zwelt·

152 2149 230 2233 rych
273 2162 455 2211 nostrorum
488 2148 670 2211 concivium
702 2148 828 2226 habite,
875 2168 972 2209 unam
1003 2162 1147 2230 quartam
1181 2148 1213 2209 in
1245 2168 1278 2210 se
1311 2148 1412 2210 conti·

152 2271 296 2326 nentem.
320 2256 463 2337 predicto
488 2254 627 2316 lohanni
645 2253 771 2316 Croaco
795 2255 910 2316 marito
927 2274 986 2316 suo
1011 2255 1170 2336 legittimo
1195 2254 1328 2316 donavit
1343 2274 1413 2336 per·

148 2377 248 2444 petuo
272 2361 512 2443 possidendam,
537 2361 623 2422 salva
648 2360 709 2421 alia
735 2360 854 2422 directa
880 2376 910 2422 et
941 2362 1049 2443 equali
1074 2360 1246 2422 medietate
1270 2359 1416 2421 eiusdem

148 2469 278 2547 domus,
303 2466 406 2546 fundi,
438 2467 546 2529 celarii
580 2480 611 2529 et
640 2464 875 2546 hedificiorum,
908 2467 1004 2528 aliam
1037 2481 1183 2549 quartam
1208 2466 1294 2528 curie
1320 2466 1352 2527 in
1384 2486 1416 2527 se

147 2575 318 2652 retinente,
343 2574 443 2635 Elene
462 2574 569 2656 puelle
594 2571 659 2633 filie
685 2572 761 2633 dicti
786 2573 942 2634 Anthouii
960 2572 1134 2634 Wlkanich
1160 2573 1260 2634 libera
1279 2585 1311 2634 et
1327 2571 1416 2633 illesa

147 2680 254 2742 adhuc
279 2694 474 2742 remanente.

256 2787 334 2848 Item
353 2787 477 2847 Blasius
500 2799 589 2847 sutor
607 2785 691 2847 iilius
708 2784 861 2863 Ladislai,
879 2784 1085 2846 medietatem
1103 2784 1270 2846 cuiusdam
1288 2784 1415 2864 domus,

148 2892 242 2954 fundi
266 2907 297 2954 et
322 2891 545 2953 hedificiorum
571 2891 723 2953 directam
754 2906 784 2953 et
816 2891 977 2972 equalem,
1002 2891 1033 2951 in
1059 2891 1131 2952 vico
1156 2891 1255 2972 ipsius
1279 2891 1416 2954 civitatis

148 2999 298 3060 exteriori
317 3018 372 3058 seu
397 2999 500 3080 platea
519 3011 663 3058 sutorum
683 2998 714 3058 in
733 2997 896 3058 vicinitate
914 2996 1044 3057 alterius
1061 2997 1178 3057 domus
1195 3016 1250 3057 sue
1276 3011 1306 3058 et
1323 2993 1414 3057 fundi

147 3125 165 3167 a
190 3104 284 3186 plaga
316 3103 623 3186 septemtrionali,a
655 3103 748 3184 plaga
781 3121 857 3162 vero
890 3102 1093 3162 meridionali
1126 3121 1216 3162 secus
1251 3101 1414 3183 quandam

147 3211 296 3273 semitam
321 3229 527 3272 communem
554 3209 661 3270 habite
691 3223 721 3269 et
746 3208 921 3285 existentis,
954 3207 1092 3268 mediam
1119 3207 1270 3268 videlicet
1293 3208 1414 3269 curiam

148 3318 181 3378 in
206 3337 239 3378 se
265 3316 440 3394 retinentis,
472 3315 680 3378 medietatem
713 3314 863 3375 videlicet
896 3328 1014 3375 rectam
1047 3326 1078 3374 et
1105 3313 1296 3394 equalema
1331 3312 1415 3374 dicta

148 3437 237 3506 parte
261 3422 517 3505 septemtrionali
536 3421 689 3498 habitam,
714 3440 811 3482 unam
829 3435 975 3501 quartam
993 3420 1080 3480 curie
1104 3419 1137 3479 in
1154 3439 1187 3480 se
1212 3418 1416 3498 retinentem,

148 3529 298 3591 Emerico
323 3528 390 3591 filio
416 3527 548 3609 Georgii
574 3547 632 3609 pro
658 3527 768 3588 decem
790 3525 859 3588 flor.
884 3527 953 3587 auri
973 3540 1003 3587 et
1028 3546 1086 3607 pro
1110 3526 1211 3586 tribus
1235 3525 1342 3607 pensis
1359 3525 1413 3586 de-

148 3636 312 3698 nariorum
337 3635 483 3698 vendidit
508 3648 663 3716 perpetuo
688 3632 927 3715 possidendam.

255 3742 330 3806 Item
356 3742 488 3803 domina
508 3742 682 3802 Katherina
700 3741 807 3801 relicta
832 3741 969 3801 condam
989 3738 1187 3818 Sigisnrundi
1208 3737 1313 3818 jurati,
1329 3757 1414 3799 nunc

148 3864 256 3912 autem
282 3869 412 3911 consors
436 3850 592 3928 legittima
620 3848 748 3930 Mathye
774 3848 850 3909 dicti
875 3848 1003 3925 Farkas,
1028 3846 1234 3908 medietatem
1260 3845 1412 3907 directam

148 3971 179 4018 et
203 3956 351 4037 equalem
377 3956 543 4016 cuiusdam
569 3956 695 4031 domus,
721 3953 823 4031 fundi,
849 3954 956 4014 celarii
982 3967 1012 4013 et
1032 3951 1267 4031 hedificiorum,
1292 3952 1412 4014 medie·

147 4077 244 4125 tatem
263 4077 297 4123 ut
321 4062 495 4144 predicitur
520 4062 636 4122 domus
653 4075 683 4122 et
707 4060 833 4142 pallacii
852 4060 966 4121 murati
986 4073 1015 4120 et
1033 4059 1205 4120 domorum
1232 4059 1412 4140 lignearum

147 4189 184 4230 ac
208 4166 384 4230 fundorum
410 4168 515 4229 eidem
550 4169 687 4249 pallacio
721 4181 846 4228 murato
879 4166 1089 4242 adnexorum,
1114 4185 1172 4226 nec
1205 4185 1269 4226 non
1305 4165 1413 4226 celarii

147 4275 345 4337 subterranei
372 4274 491 4335 eisdem
517 4274 719 4354 subjacentis,
745 4294 781 4333 ac
812 4273 931 4333 clibani
956 4292 1012 4333 seu
1038 4270 1176 4333 lornacis
1199 4291 1319 4352 panum
1353 4271 1412 4331 eis·

147 4381 220 4443 dem
238 4381 438 4462 pertinentis,
456 4400 553 4442 unam
579 4381 729 4441 videlicet
746 4399 817 4441 cum
843 4380 949 4440 media
963 4379 1083 4440 curiam
1101 4379 1132 4440 in
1158 4398 1191 4440 se
1208 4383 1412 4456 retinentem,

146 4487 292 4569 predicto
318 4486 446 4571 Mathye
464 4487 582 4547 Farkas
600 4487 733 4547 domino
759 4500 789 4546 et
807 4486 921 4546 marito
944 4505 1003 4546 suo
1021 4486 1178 4546 moderno
1203 4485 1281 4546 alias
1310 4484 1410 4545 eciam

146 4607 256 4655 nostro
289 4593 412 4654 concivi
451 4592 582 4654 donavit
614 4606 769 4674 perpetuo
799 4591 1045 4673 possidendam,
1077 4591 1162 4652 salva
1196 4591 1256 4651 alia
1291 4589 1411 4650 medie·

145 4713 208 4762 tate
241 4700 429 4760 eorumdem
463 4700 579 4759 domus
603 4713 633 4758 et
658 4698 783 4778 pallacii
818 4698 932 4758 murati
965 4719 1002 4759 ac
1026 4699 1197 4758 domorum
1231 4697 1410 4778 lignearum

146 4819 177 4866 et
202 4802 376 4866 fundorum
403 4804 506 4866 eidem
542 4805 678 4885 pallacio
713 4818 837 4864 murato
869 4823 1068 4865 annexorum
1102 4818 1131 4863 et
1156 4803 1292 4864 aliarum
1318 4823 1410 4864 cunc·
