3142 5356
492 494 579 553 Anno
602 508 690 570 1501.
715 530 758 540 —
778 509 812 572 9.
836 497 1003 561 novmbris.
1328 520 1384 582 135

82 690 183 768 liter
206 727 365 789 generum
392 708 491 769 Marci
516 708 631 769 Veneti
658 709 737 769 olim
767 709 908 770 concivis
940 710 1038 772 nostri
1065 711 1192 773 racione
1217 712 1333 774 domus
1357 727 1388 775 et

82 816 356 881 possessionum
383 815 471 898 prius
495 835 552 898 per
576 815 698 897 juratos
730 815 946 897 adjudicatam
971 832 1002 879 et
1026 817 1155 880 tandem
1181 819 1221 880 ad
1246 821 1388 881 seniores

79 903 98 981 j
106 922 239 984 udices
263 942 321 1005 per
344 920 485 1004 prefatos
509 922 718 1004 appellatam,
743 941 806 1004 que
838 922 955 985 domus
979 923 1103 1006 prefato
1128 927 1237 988 Marco
1261 928 1386 989 Veneto

80 1031 145 1086 et
170 1028 304 1090 domine
321 1029 406 1090 Nese
423 1029 581 1109 legittime
598 1028 691 1090 uxori
715 1048 772 1090 sue
789 1049 845 1112 per
862 1030 999 1091 condam
1017 1032 1191 1112 quamdam
1218 1033 1383 1095 dominam

77 1117 353 1215 Margaretham
377 1135 522 1197 relictam
547 1135 685 1196 condam
702 1135 829 1196 Nicolai
853 1135 1005 1198 aurifabri
1033 1137 1181 1198 similiter
1204 1139 1282 1199 olim
1308 1158 1383 1200 con·

80 1238 195 1303 civis
228 1242 329 1303 nostri
354 1240 466 1303 fuisset
496 1242 710 1323 impignorata
742 1241 838 1303 simul
863 1261 934 1303 cum
968 1245 1119 1305 omnibus
1143 1245 1286 1306 eiusdem
1312 1246 1381 1308 atti·

76 1349 241 1410 ¹lenciis
265 1348 416 1410 videlicet
431 1348 546 1426 vineis,
563 1348 664 1426 terris,
681 1349 779 1430 pratis
795 1368 853 1430 pro
870 1364 997 1411 centum
1017 1365 1047 1411 et
1064 1350 1298 1432 quinquaginta
1313 1354 1382 1416 flor.

76 1463 212 1527 prout
237 1456 270 1517 id
296 1457 328 1518 iu
352 1457 453 1518 literis
485 1456 622 1517 civitatis
646 1455 728 1516 clare
760 1455 901 1517 vidimus
926 1456 1100 1532 contineri;
1131 1458 1226 1538 igitur
1251 1477 1309 1518 nos
1334 1458 1382 1538 ju·

75 1557 201 1627 dices
228 1562 385 1646 prefatam
402 1583 530 1626 causam
557 1563 638 1625 inter
655 1562 814 1645 predictas
830 1578 934 1644 partes
951 1563 992 1624 ita
1011 1563 1277 1642 adjudicavimus,
1294 1565 1382 1646 quod

74 1682 142 1734 ex
171 1692 242 1754 quo
266 1671 388 1754 prefata
405 1671 523 1734 domus
539 1685 611 1754 post
629 1685 766 1732 mortem
784 1670 858 1732 dicti
883 1670 1020 1732 condam
1039 1671 1136 1732 Marci
1162 1672 1201 1732 ad
1227 1671 1383 1754 prefatam

85 1776 284 1840 dominam
309 1779 426 1840 Nesam
453 1792 484 1839 et
508 1777 587 1839 duas
611 1776 693 1838 filias
713 1797 786 1838 suas
810 1777 848 1837 de
874 1797 913 1839 eo
938 1790 1119 1858 procreatas
1143 1778 1382 1857 condescendit,

87 1903 138 1949 et
166 1906 230 1948 nos
254 1884 386 1967 prefatis
409 1884 537 1946 filiabus
561 1885 732 1967 porciones
763 1904 836 1944 suas
860 1883 981 1945 eisdem
1014 1883 1148 1965 juridice
1172 1884 1383 1966 possidendas

92 1992 354 2069 adinvenimus,
379 1992 565 2073 porcionem
584 2010 660 2052 vero
679 1990 787 2050 matris
812 1990 844 2051 in
869 1989 983 2051 eodem
1003 1989 1102 2052 domo
1121 1991 1319 2070 existentem,
1344 2011 1381 2052 ex

95 2118 177 2182 quo
204 2097 327 2181 prefata
359 2098 491 2159 domina
524 2099 607 2159 Nesa
639 2097 752 2158 habuit
780 2097 810 2157 in
844 2097 949 2158 virum
974 2097 1144 2159 Nicolaum
1171 2096 1326 2160 Horwath
1351 2112 1381 2160 et

98 2224 188 2268 cum
214 2204 331 2266 eodem
357 2204 437 2266 duas
460 2203 552 2282 filias,
584 2223 647 2285 que
680 2203 812 2264 domina
844 2204 928 2264 Nesa
953 2204 1098 2265 intestata
1132 2204 1276 2282 decessit,
1309 2204 1383 2266 ideo

103 2312 225 2391 porcio
251 2330 306 2372 sua
331 2310 399 2372 sola
424 2310 574 2372 videlicet
599 2309 695 2371 tercia
721 2329 793 2390 pars
823 2308 939 2370 domus
964 2310 1003 2369 ad
1037 2323 1176 2390 quatuor
1202 2326 1306 2392 partes
1330 2331 1385 2392 pe·

105 2417 283 2480 cunialiter
307 2415 408 2478 dividi
433 2415 558 2495 debeat,
583 2435 620 2477 ex
645 2435 712 2496 quo
733 2413 862 2476 fuerunt
887 2414 951 2476 filie
977 2429 1007 2476 et
1024 2414 1108 2476 filius
1133 2435 1170 2476 ex
1196 2416 1309 2477 eadem
1327 2415 1384 2477 do·

110 2525 199 2585 mina
224 2523 309 2585 Nesa
334 2523 503 2605 procreati,
528 2522 644 2583 domus
669 2534 776 2582 autem
805 2521 946 2582 totaliter
978 2519 1109 2603 prefatis
1133 2521 1261 2583 filiabus
1286 2522 1384 2583 Marci

114 2629 228 2692 Veneti
254 2629 350 2690 debet
375 2629 446 2690 cedi
463 2641 495 2691 et
511 2627 550 2689 ad
569 2626 698 2689 easdem
716 2627 946 2689 condescendit
963 2628 1192 2708 perpetualiter
1215 2642 1381 2709 tamquam

116 2736 150 2797 ad
177 2735 315 2797 heredes
339 2735 533 2816 legittimos;
557 2735 625 2816 ipse
642 2753 720 2794 vero
744 2734 893 2794 Vrbanus
910 2733 1025 2794 debeat
1050 2733 1169 2815 deponi
1195 2734 1234 2795 de
1261 2732 1382 2816 prefata

116 2857 224 2924 quarta
249 2856 339 2924 parte
363 2846 457 2903 Anne
475 2841 566 2902 uxori
584 2840 695 2902 Jacobi
719 2839 870 2901 videlicet
887 2838 956 2900 flor.
979 2839 1151 2901 duodecim
1178 2853 1208 2901 et
1226 2840 1381 2918 medium,

116 2949 248 3030 pecunia
273 2962 380 3010 autem
405 2947 564 3030 deposita,
578 2945 718 3029 prefatus
740 2947 878 3007 lacobus
903 2960 933 3007 et
952 2965 1031 3007 uxor
1055 2965 1112 3007 sua
1137 2947 1176 3006 de
1201 2947 1300 3007 domo
1327 2947 1380 3006 de·

115 3056 208 3117 beant
233 3054 315 3132 cedi,
340 3054 417 3115 durn
436 3074 512 3115 vero
529 3052 684 3114 Nicolaus
708 3052 852 3114 literatus
876 3051 961 3113 filins
978 3053 1053 3113 dicti
1073 3053 1198 3113 Nicolai
1224 3053 1380 3115 Horwath

112 3180 285 3243 germanus
309 3180 385 3222 vero
409 3159 530 3242 prefate
563 3160 695 3221 domine
720 3163 813 3219 Anne
847 3159 1024 3238 advenerit,
1055 3160 1151 3220 simili
1179 3159 1277 3221 modo
1309 3180 1381 3241 por·

113 3270 239 3331 cionem
263 3287 355 3329 suam
379 3268 584 3350 pecunialem
609 3266 761 3328 videlicet
785 3266 958 3327 duodecim
991 3281 1022 3328 et
1047 3266 1191 3327 medium
1217 3266 1286 3328 flor.
1311 3287 1381 3348 pre-

111 3373 195 3437 fatus
218 3375 369 3437 Vrbanus
392 3374 497 3435 eidem
524 3373 599 3435 dare
624 3373 764 3434 debebit.
790 3373 862 3433 Alie
888 3392 964 3434 vero
990 3373 1207 3454 possessiones
1232 3372 1383 3434 videlicet

113 3483 235 3560 vineas,
259 3494 367 3558 terras,
392 3480 538 3563 (h)ortos,
562 3493 663 3562 prata,
688 3479 784 3540 silvas
808 3498 871 3560 que
896 3478 1018 3541 eisdem
1044 3480 1195 3541 omnibus
1219 3492 1292 3540 sunt
1316 3480 1378 3540 avi·

107 3589 173 3651 tica
197 3607 255 3671 per
278 3602 424 3667 matrem,
449 3588 489 3648 ad
514 3600 653 3668 quatuor
675 3600 780 3667 partes
797 3585 992 3664 dividantur,
1016 3599 1111 3668 prout
1136 3599 1167 3646 et
1183 3584 1276 3666 jurati
1293 3586 1383 3667 prius

112 3694 351 3775 adjudicarunt,
374 3707 405 3754 et
428 3693 576 3755 similiter
601 3693 640 3754 de
667 3692 742 3754 vino
767 3705 864 3774 prout
888 3692 988 3753 eciam
1015 3692 1075 3773 ipsi
1100 3691 1193 3771 jurati
1218 3691 1381 3771 adjudica·

107 3817 186 3863 runt
211 3814 245 3863 et
258 3820 317 3861 nos
334 3798 571 3862 confirmamus.
597 3799 645 3860 De
662 3797 785 3881 prefato
806 3797 927 3879 judicio
944 3797 1107 3859 seniorum
1125 3797 1269 3880 judicum
1287 3798 1381 3858 ambe

109 3921 218 3988 partes
242 3918 392 3967 contente
415 3920 499 3968 sunt.

307 4142 403 4215 Faria
435 4146 539 4216 tercia
568 4141 721 4233 proxima
752 4151 828 4232 post
856 4143 980 4214 festum
1010 4143 1181 4216 leonardi.

617 4298 661 4372 (9.
686 4298 867 4361 novembris).

221 4440 304 4502 lnter
338 4439 466 4500 Petrum
498 4438 537 4499 de
570 4438 648 4500 Osel
681 4452 711 4499 et
743 4438 927 4499 mendicum
962 4436 1116 4515 Chehko,
1148 4437 1203 4518 qui
1240 4437 1380 4518 prefatus

109 4550 225 4611 Petrus
249 4547 456 4608 subtraxisset
473 4544 604 4627 jamfato
630 4545 799 4607 Chehkoni
819 4544 958 4606 florenos
975 4543 1218 4625 quatuordecim
1245 4559 1276 4606 et
1293 4544 1379 4606 idem

107 4658 223 4718 Petrus
247 4655 278 4716 in
303 4668 465 4715 tormento
489 4651 590 4715 fassus
615 4667 660 4714 est
685 4652 772 4734 quod
798 4651 896 4713 nichil
921 4650 1043 4713 furatus
1068 4650 1237 4711 Chehkoni
1268 4649 1379 4712 fuisset

107 4763 217 4825 eidem
243 4760 414 4824 Chehkoni
440 4772 545 4842 preter
569 4760 710 4821 tunicam
736 4778 833 4820 unam
859 4759 956 4820 vilem
983 4773 1013 4819 et
1037 4758 1212 4819 claviculos
1237 4759 1378 4836 babales,

107 4870 221 4950 itaque
245 4867 373 4929 domini
397 4865 490 4948 jurati
515 4865 791 4948 adjudicaverunt,
824 4865 911 4946 quod
938 4865 1048 4925 Petrus
1081 4864 1211 4925 deberet
1236 4864 1276 4925 de
1301 4862 1377 4925 civi·

106 4990 174 5039 tate
197 4993 272 5039 cum
288 4974 388 5056 virgis
406 4972 575 5056 expellere,
600 4973 654 5034 sed
673 4972 797 5034 domini
822 4971 965 5033 fecerunt
981 4970 1120 5052 graciam
1146 4970 1253 5033 eidem
1271 4971 1381 5033 Petro.
