3142 5356
526 537 612 594 Anno
636 549 729 614 1490.
754 549 869 613 -13.
887 535 1039 612 januarii.

149 752 251 813 tinum
277 762 431 811 sartorem
457 748 677 831 proclamabat
701 746 789 827 quod
815 746 1039 828 potencialiter
1072 760 1271 829 preparasset
1296 747 1418 809 dictum

151 854 322 937 (h)oreum,
349 875 386 916 ex
411 874 476 937 quo
510 854 596 915 idem
627 852 741 914 Gallus
773 852 912 914 eundem
939 853 1113 914 Martinum
1145 853 1420 934 apreparacione

149 963 226 1024 dicti
252 961 366 1043 (hlorei
390 980 455 1023 non
481 960 632 1037 inhibuit,
664 960 750 1021 idem
774 960 931 1020 Martinus
960 961 992 1021 in
1025 959 1113 1020 nulla
1137 960 1285 1041 potencia
1311 960 1419 1021 eidem

151 1068 248 1132 Gallo
273 1068 439 1130 convictus
462 1067 629 1143 habeatur,
661 1066 716 1127 sed
749 1066 897 1148 potencia
923 1085 1020 1147 quam
1057 1066 1142 1127 idem
1169 1065 1283 1127 Gallus
1307 1084 1419 1127 contra

151 1175 324 1238 Martinum
361 1174 574 1258 proclamavit
608 1174 696 1235 solus
729 1173 761 1233 in
798 1172 910 1233 eadem
947 1173 1095 1254 potencia
1131 1187 1240 1234 contra
1276 1173 1420 1235 eundem

150 1282 325 1345 Martinum
350 1281 517 1342 convictus
540 1281 590 1358 sit,
614 1279 821 1342 medietatem
839 1297 916 1340 vero
941 1279 1091 1356 Martino,
1115 1279 1210 1341 tercia
1229 1299 1303 1361 pars
1326 1280 1421 1341 cedat

149 1387 328 1469 judicibus3
353 1385 467 1449 Gallus
492 1386 648 1449 Kodelicz
672 1405 738 1447 non
763 1398 910 1446 contetus
934 1385 1108 1468 appellavit
1132 1385 1172 1446 ad
1196 1386 1350 1447 seniores.

322 1623 419 1698 Feria
449 1633 573 1714 quarta
601 1622 633 1695 in
662 1632 784 1696 octava
813 1623 1072 1714 Epiphaniarum
1101 1624 1241 1695 Domini.

660 1775 723 1857 (13.
740 1779 904 1855 januaris).

257 1920 333 1982 ltem
359 1939 487 1981 causam
512 1920 593 1981 inter
611 1919 819 1980 Valentinum
837 1919 917 1981 alias
933 1918 1092 1980 seniorem
1117 1917 1257 1999 judicem
1280 1930 1312 1978 et
1330 1917 1420 1979 simi·

150 2028 221 2090 liter
244 2027 454 2090 Valentinum
480 2041 621 2089 sutorem
655 2027 784 2088 racione
816 2026 982 2087 cuiusdam
1014 2025 1282 2108 proclamacionis
1310 2025 1342 2085 in
1368 2045 1419 2086 ec-

150 2133 257 2212 clesia,
287 2134 431 2196 seniores
455 2132 577 2215 judices
608 2133 649 2194 ita
684 2132 967 2215 adjudicaverunt,
1001 2130 1089 2213 quod
1118 2132 1193 2214 quia
1226 2131 1420 2193 Valentinus

149 2240 245 2322 judex
268 2237 438 2302 sufficienti
463 2239 649 2301 testimonio
662 2239 896 2320 comprobavit,
919 2238 1007 2320 quod
1032 2238 1223 2299 Valentinus
1245 2252 1334 2298 sutor
1359 2258 1420 2320 pu·

149 2346 233 2409 blice
258 2346 290 2408 in
314 2346 446 2408 ecclesia
479 2346 578 2408 sancti
605 2345 703 2407 Marci
737 2344 942 2426 ewangeliste
975 2344 1125 2406 clamavit
1157 2344 1266 2405 dicens
1290 2344 1330 2405 ad
1355 2345 1419 2406 Va·

151 2453 310 2515 lentinum
336 2453 474 2535 judicem
500 2453 603 2534 digito
631 2451 884 2514 demonstrando
909 2471 1005 2532 super
1029 2449 1142 2512 funus:
1167 2451 1229 2512 hoc
1253 2464 1301 2512 est
1324 2465 1418 2513 tuum

149 2579 242 2643 opus,
267 2578 325 2622 vos
349 2560 404 2641 qui
428 2560 502 2622 estis
531 2558 642 2621 iratres
673 2560 742 2620 eius
772 2559 907 2620 teneatis
931 2558 1013 2620 circa
1047 2571 1142 2640 caput
1166 2558 1234 2619 eius
1265 2557 1419 2621 videlicet

149 2666 325 2744 Valentini,
358 2667 432 2728 ideo
464 2665 655 2727 Valentinus
686 2678 775 2727 sutor
813 2666 979 2727 convictus
1010 2679 1057 2726 est
1087 2663 1211 2747 prelato
1241 2664 1418 2728 Valentino

149 2772 248 2854 judici
273 2773 304 2834 in
330 2772 404 2833 vivo
429 2772 602 2852 homagi03
626 2793 663 2833 ex
688 2791 754 2853 quo
787 2784 895 2832 autem
919 2772 1005 2833 idem
1030 2772 1273 2853 prenominatus
1297 2771 1418 2833 Valen-

149 2879 236 2941 tinus
259 2878 355 2959 judex
372 2879 510 2941 civitatis
527 2892 593 2940 erat
617 2891 785 2960 propterea
803 2877 987 2960 supradicto
1004 2877 1102 2959 judici
1122 2878 1311 2939 Valentinus
1327 2892 1418 2940 sutor

150 2984 316 3047 convictus
339 2998 386 3047 est
410 2985 442 3045 in
467 2983 587 3067 duplo;
620 2984 835 3065 juramentum
869 2996 977 3044 autem
1010 2983 1098 3064 quod
1122 2982 1215 3063 jurati
1241 2983 1418 3045 Valentino

149 3092 250 3154 sutori
275 3090 541 3172 adjudicaverunt
573 3090 804 3172 deponendum
841 3090 1018 3168 terciomet,
1050 3088 1163 3172 prelati
1195 3091 1337 3151 seniores
1370 3091 1419 3173 ju-

150 3199 236 3261 dices
260 3198 495 3277 concluserunt,
521 3198 609 3279 quod
634 3197 696 3259 tale
720 3197 937 3280 juramentum
971 3217 1036 3258 non
1062 3197 1176 3258 debeat
1200 3196 1268 3259 fieri
1293 3217 1351 3258 nec
1376 3199 1419 3259 sit

149 3305 311 3387 obligatus
334 3304 457 3386 jurare;
490 3303 630 3386 prelatus
663 3318 770 3366 autem
802 3303 993 3366 Valentinus
1026 3317 1114 3365 sutor
1145 3323 1208 3365 non
1246 3318 1417 3366 contentus

149 3430 277 3473 causam
304 3411 404 3492 ipsam
429 3411 605 3492 appellavit
628 3410 667 3471 ad
694 3411 881 3491 magistrum
910 3410 1179 3472 thavernicorum.

255 3517 333 3578 ltem
358 3537 485 3579 causam
511 3517 592 3578 inter
625 3516 804 3577 Fabianum
837 3514 1009 3598 pellificem
1043 3530 1074 3577 et
1099 3517 1218 3577 Lucam
1246 3517 1415 3599 Rybarycz

148 3624 276 3687 racione
301 3623 509 3700 detencionis,
536 3623 622 3684 idem
641 3623 742 3684 lucas
760 3623 918 3704 Ribarycz
942 3636 1052 3683 contra
1067 3623 1244 3684 Fabianum
1272 3624 1303 3684 in
1323 3624 1413 3686 nulla

148 3729 296 3813 potencia
320 3729 485 3791 convictus
506 3730 669 3807 habeatur,
695 3729 735 3790 ita
754 3729 897 3790 seniores
914 3728 1035 3808 judices
1059 3729 1335 3809 adjudicaverunt,
1352 3730 1411 3791 sed

149 3835 203 3917 qui
229 3854 303 3897 eum
328 3834 510 3896 detinuerat
533 3854 606 3896 eum
632 3835 794 3915 requirere
820 3835 929 3916 possit.
1415 3847 1420 3854 '

255 3942 332 4005 ltem
357 3962 451 4004 causa
483 3943 565 4003 inter
589 3942 766 4003 Fabianum
803 3941 974 4023 pellificem
1007 3956 1038 4004 et
1061 3943 1261 4004 Demetrium
1288 3944 1413 4028 Syczky

148 4049 276 4110 racione
300 4048 467 4110 cuiusdam
485 4047 685 4109 fideiussoris
709 4049 741 4109 in
763 4048 903 4129 quadam
920 4049 1103 4111 Demetrius
1121 4050 1247 4132 Syczky
1271 4070 1304 4111 se
1328 4071 1414 4114 asse-

148 4156 238 4218 rebat
262 4153 330 4217 lore
354 4175 387 4216 se
412 4174 479 4215 esse
497 4154 729 4232 fideiussorem,
756 4175 828 4216 cum
845 4169 953 4216 tamen
979 4157 1046 4238 ipse
1064 4156 1247 4218 Demetrius
1263 4177 1329 4217 non
1346 4173 1415 4220 erat

148 4261 318 4325 fideiussor
342 4275 437 4343 prout
453 4261 514 4323 hoc
541 4263 572 4322 in
590 4261 665 4323 sede
682 4261 850 4343 judiciaria
875 4282 981 4323 coram
1002 4263 1095 4324 nobis
1111 4279 1224 4345 sponte
1250 4262 1415 4326 confessus

148 4381 205 4447 est,
229 4367 284 4430 sed
309 4387 366 4450 per
398 4368 517 4429 Lucam
551 4368 719 4450 Rybarycz
751 4367 901 4430 inductus
933 4383 964 4429 et
995 4370 1223 4432 subordinatus
1248 4370 1359 4433 luisset
1383 4385 1415 4433 et

147 4474 207 4536 sub
231 4473 289 4534 ista
313 4473 529 4556 disposicione
554 4487 586 4536 et
608 4474 685 4535 dolo
717 4474 837 4535 dictum
871 4475 1050 4536 Fabianum
1075 4477 1107 4536 in
1132 4497 1261 4538 causam
1286 4478 1415 4540 attraxit

148 4593 180 4643 et
203 4580 287 4642 bona
312 4580 412 4662 ipsius
436 4599 507 4642 cum
533 4579 729 4642 admissione
761 4580 905 4660 judicum
929 4581 1076 4643 vendidit
1108 4596 1140 4644 et
1164 4583 1340 4665 dissipavit,
1365 4604 1413 4645 se·

148 4686 255 4748 niotes
270 4685 393 4768 judices
410 4687 453 4749 ita
470 4686 734 4768 adjudicaverunt
751 4689 833 4750 inter
850 4689 1029 4751 Fabianum
1048 4689 1219 4771 pellificem
1245 4706 1277 4753 et
1294 4691 1411 4753 Deme·

147 4793 244 4856 trium
270 4793 408 4877 Syczky,
433 4794 521 4876 quod
547 4793 632 4855 idern
651 4794 811 4855 Fabianus
834 4793 965 4877 pellifex
980 4797 1012 4857 in
1029 4816 1082 4858 ara
1106 4812 1214 4860 sancte
1241 4798 1354 4861 Crucis
1370 4799 1411 4861 ad

147 4900 321 4963 secundam
340 4899 451 4963 letiam
465 4914 586 4963 sextam
604 4900 818 4980 juramentum
837 4903 999 4985 deponere
1017 4903 1147 4966 habebit
1161 4925 1308 4988 supereo
1322 4906 1410 4986 quod

148 5022 305 5096 quantum
329 5007 506 5095 dampnum
531 5028 642 5095 passus
659 5021 704 5071 est
728 5007 760 5070 in
785 5009 879 5073 bonis
902 5012 967 5074 suis
984 5031 1041 5097 per
1065 5011 1266 5076 Demetrium
1285 5011 1410 5103 Syczky
