3142 5356
506 525 708 606 Anno1482.
731 562 771 571 —
796 524 827 589 8.
851 527 1019 589 novembris.

132 639 330 647 μ-.
339 637 641 644 ——..--—.—--
721 636 789 641 -—
834 635 975 640 —..—
990 632 1407 640 —-.—..—-..—-—-——-

238 745 381 808 Consors
405 742 567 806 Valentini
591 760 702 824 sporar
726 741 820 802 citata
851 759 909 822 per
933 737 1070 800 Paulum
1095 737 1307 800 fistulatorem
1334 756 1409 799 non

133 851 325 935 comparuit.

336 1049 433 1125 latia
461 1058 559 1124 sexta
587 1050 619 1122 in
648 1059 770 1124 octava
800 1048 953 1122 Omnium
983 1054 1192 1120 sanctorum.

639 1219 686 1298 (8.
710 1223 892 1296 novembris).

239 1383 352 1447 Gurko
375 1374 523 1466 plath‘nar
547 1382 737 1444 secundario
758 1383 872 1445 citatus
889 1395 999 1445 contra
1016 1381 1218 1444 Demetrium
1237 1381 1409 1465 Wseczky

133 1511 198 1554 non
224 1491 414 1574 comparuit.

239 1614 344 1678 Causa
370 1615 452 1676 inter
475 1613 639 1675 Thomam
663 1626 817 1675 sartorem
835 1626 866 1675 et
891 1613 1034 1675 relictam
1052 1612 1171 1675 Radlin
1201 1611 1240 1672 ad
1265 1610 1409 1692 judicia·

134 1723 213 1785 riam
239 1721 504 1784 consvetudinem
529 1735 576 1782 est
599 1720 708 1784 dilata.

240 1845 345 1908 Causa
370 1845 452 1906 inter
469 1843 673 1927 Stephanych
690 1843 829 1924 juratum
846 1843 1007 1906 seniorem
1024 1856 1055 1904 et
1077 1843 1258 1904 lankonem
1277 1841 1404 1904 Fistro-

133 1951 250 2014 wichia
275 1964 420 2033 pretextu
445 1950 520 2012 certi
545 1950 626 2012 milii
651 1950 696 2011 uti
721 1949 848 2011 dicebat
878 1949 964 2012 idem
990 1948 1194 2031 Stephanych
1220 1968 1257 2009 ex
1283 1947 1401 2010 induc·

135 2058 227 2119 cione
252 2057 351 2139 ipsius
375 2057 529 2118 lanionis
553 2070 584 2117 et
607 2056 714 2117 uxoris
745 2076 802 2118 sue
826 2075 883 2138 per
915 2055 995 2117 filias
1020 2056 1165 2118 eiusdem
1191 2055 1402 2139 Stephanycz

134 2163 232 2226 ablati
257 2162 351 2225 etad
376 2163 509 2224 domum
535 2162 678 2224 eiusdem
704 2163 858 2224 Jankonis
879 2162 1051 2246 apportati,
1076 2163 1170 2243 jurati
1195 2160 1405 2243 adjudicave-

136 2283 219 2348 runt,
251 2268 339 2350 quod
373 2270 474 2330 lanko
499 2283 562 2330 tam
596 2288 654 2350 pro
678 2289 709 2330 se
743 2288 839 2350 quam
865 2289 923 2350 pro
956 2289 1056 2331 uxore
1087 2269 1272 2330 terciusmet
1305 2288 1406 2350 super

135 2395 222 2437 aram
247 2389 353 2437 sancte
379 2375 492 2437 Crucis
524 2395 597 2436 cum
629 2376 774 2456 personis
807 2376 866 2436 sibi
891 2376 1051 2438 similibus
1083 2377 1115 2437 in
1139 2396 1189 2455 eo,
1214 2375 1302 2458 quod
1328 2396 1404 2437 cum

136 2501 293 2544 consensu
316 2501 374 2543 nec
399 2482 498 2564 ipsius
523 2501 580 2542 nec
604 2482 711 2543 uxoris
735 2502 791 2544 sue
824 2480 983 2564 prefatum
1009 2483 1134 2544 milium
1160 2482 1311 2563 jamdicta
1338 2481 1404 2544 filie

136 2607 199 2649 non
214 2601 422 2669 portaverunt
433 2588 473 2649 ad
488 2587 620 2649 domum
634 2607 736 2667 suam,
747 2589 862 2650 debeat
874 2588 979 2669 jurare
988 2588 1028 2650 ad
1043 2588 1287 2670 quindecimum
1301 2588 1402 2650 diem.

242 2711 379 2774 Causam
406 2713 487 2774 inter
510 2712 684 2794 quemdam
719 2712 883 2775 Matheum
913 2712 1071 2774 famulum
1104 2713 1243 2775 condam
1268 2713 1399 2774 Andree

137 2819 275 2902 Kelsych
300 2832 331 2880 et
355 2818 557 2881 Clementem
583 2837 618 2880 ac
640 2820 815 2881 Martinum
834 2819 963 2902 Banych
983 2834 1013 2880 et
1037 2820 1208 2881 Nicolaum
1226 2819 1403 2902 Vithcsych

136 2926 263 2986 racione
288 2926 522 2987 verberacionis
547 2926 628 2986 inter
651 2925 782 2987 eosdem
808 2939 922 2988 mutuo
944 2925 1026 2988 facte
1051 2941 1082 2988 et
1105 2926 1283 2988 ablacionis
1307 2926 1404 2986 burse

137 3051 209 3093 cum
235 3032 398 3113 peccuniis
414 3031 527 3114 prelati
553 3030 676 3110 famuli,
694 3032 826 3114 quando
843 3033 1090 3095 ambulaverunt
1106 3032 1145 3094 ad
1171 3031 1404 3111 Modrussium‚

136 3136 228 3219 jurati
253 3137 533 3219 adjudicaverunt,
559 3139 646 3221 quod
678 3138 819 3200 famulus
850 3137 991 3221 prefatus
1022 3138 1138 3201 habeat
1169 3137 1273 3219 jurare
1305 3157 1404 3221 super

137 3263 224 3305 aram
248 3257 355 3307 sancte
381 3244 494 3306 Crucis
518 3245 745 3308 secundusmet
769 3258 799 3307 et
823 3245 939 3306 tercius
968 3244 1151 3327 conjurator
1175 3258 1221 3306 est
1244 3244 1305 3306 sibi
1330 3264 1404 3306 san·

136 3351 243 3432 guinis
266 3350 379 3412 effusio
404 3351 515 3433 juratis
547 3352 774 3430 demonstrata,
807 3352 840 3413 in
872 3371 922 3431 eo,
954 3352 1041 3433 quod
1068 3353 1126 3435 ipsi
1159 3350 1305 3414 fecerunt
1329 3352 1403 3413 illas

137 3456 357 3538 percussiones
370 3477 465 3540 super
489 3477 562 3520 eum
588 3477 667 3539 quas
691 3457 801 3538 juratis
818 3458 968 3537 ostendit,
995 3473 1024 3520 et
1041 3472 1212 3540 postquam
1238 3457 1402 3537 juraverit,

138 3560 274 3642 quilibet
298 3582 409 3625 eorum
435 3564 642 3626 convincetur
660 3563 764 3626 eidem
788 3563 820 3624 in
845 3563 956 3625 decem
975 3565 1081 3645 pensis
1098 3577 1129 3625 et
1153 3565 1183 3625 in
1210 3583 1401 3626 communes

138 3687 291 3750 expensas
314 3690 371 3752 per
395 3684 521 3731 centum
548 3670 715 3747 denari0s;
739 3689 798 3752 pro
828 3670 920 3731 bursa
954 3683 1062 3733 autem
1088 3671 1245 3732 Martinus
1269 3669 1402 3755 Banych

137 3773 253 3837 habeat
276 3775 379 3858 jurare
403 3775 491 3858 quod
516 3796 580 3838 non
606 3776 700 3856 fregit
723 3776 783 3836 sibi
809 3776 949 3854 bursam,
973 3775 1192 3838 hebetantem
1210 3776 1314 3857 jurare
1340 3790 1404 3838 ter·
1459 3848 1465 3857 ι

138 3880 272 3942 ciusmet
294 3882 410 3944 abhinc
435 3902 490 3964 per
514 3896 587 3944 octo
612 3882 690 3943 dies.

243 4004 349 4067 Causa
374 4005 455 4067 inter
480 4005 668 4068 Gurkonem
695 4006 886 4090 Kathanych
915 4021 946 4068 et
978 4007 1122 4069 relictam
1147 4006 1310 4069 Valentini
1335 4006 1403 4067 Ko-

138 4111 293 4195 czianych
326 4112 454 4173 racione
486 4113 560 4173 certi
594 4112 693 4174 debiti
726 4127 756 4174 et
787 4113 955 4175 kethusine
995 4112 1087 4194 jurati
1123 4113 1401 4193 adjudicaverunt,

138 4218 226 4300 quod
248 4216 361 4280 Gurlco
379 4217 482 4300 ipsum
500 4217 645 4280 debitum
671 4219 785 4281 habeat
810 4218 890 4281 inira
908 4220 1094 4301 quindecim
1116 4220 1185 4282 dies
1209 4218 1403 4301 persolvere,

139 4343 196 4407 pro
219 4324 388 4386 kethusina
411 4337 517 4386 autem
542 4323 680 4387 habeant
703 4346 736 4387 se
761 4339 873 4388 mutuo
898 4327 1071 4408 requirere.

245 4448 374 4510 Domlro
407 4448 581 4532 Perowych
614 4450 804 4511 secundario
837 4465 946 4512 contra
980 4449 1181 4533 Stephanycz
1214 4450 1328 4512 citatus
1359 4449 1400 4510 ad

138 4554 226 4616 aliud
251 4554 405 4636 judicium
431 4555 650 4618 consistoriale
674 4555 805 4618 habebit
829 4557 1033 4638 respondere.

246 4680 347 4742 Lucas
371 4679 532 4763 Ribarych
564 4694 673 4742 contra
706 4681 880 4762 quemdam
913 4680 1079 4742 hominem
1111 4679 1318 4762 jobagionem
1351 4698 1403 4740 ca·

139 4799 292 4849 strensem
316 4787 416 4849 tercio
440 4787 554 4850 citatus
578 4807 643 4849 non
668 4789 849 4871 comparuit
872 4802 902 4849 et
920 4788 1013 4868 jurati
1039 4785 1182 4849 fecerunt
1205 4787 1400 4849 dilacionem

139 4912 241 4977 usque
265 4893 406 4976 primum
423 4893 579 4976 judicium
596 4895 816 4958 consistoriale
842 4895 895 4974 ita,
920 4894 1009 4977 quod
1026 4896 1146 4976 absque
1172 4894 1328 4957 citacione
1346 4893 1402 4955 de·

139 4999 228 5065 bebit
250 5019 434 5084 comparere
458 5015 489 5062 et
513 5001 620 5064 eidem
643 5001 848 5084 respondere.
