3142 5356
149 361 212 424 240
679 345 765 402 Anno
789 359 878 421 1433.

148 555 277 634 chaelis,
303 556 333 616 in
358 557 519 617 territorio
537 571 647 616 nostro
666 557 746 618 inter
768 557 877 616 vineas
895 557 1037 616 virorum
1057 555 1266 637 providorum
1286 557 1415 618 Thome

147 660 205 724 filii
231 662 314 724 Petri
341 677 371 723 et
396 662 487 723 Pauli
513 661 676 744 Panichyn
703 662 778 723 dicti
804 661 912 723 habita
937 676 968 723 et
985 662 1149 741 existente,
1175 662 1313 745 desuper
1330 684 1347 725 a
1364 665 1414 725 via

148 769 325 847 communi,
350 765 430 830 infra
456 788 557 850 usque
583 769 720 830 rivulum
753 789 785 830 se
810 768 1013 846 extendente,
1044 788 1175 830 censum
1200 771 1280 831 sexti
1305 771 1413 832 eubuli

149 875 357 958 deponentes,
383 875 583 956 eandemque
608 875 735 936 vineam
760 876 856 937 tercie
881 876 961 957 parti
987 875 1082 936 unius
1107 875 1175 937 flor.
1200 876 1269 937 auri
1295 877 1415 938 amodo

149 983 299 1064 deinceps
331 983 361 1043 in
387 997 577 1064 perpetuum
610 981 793 1062 subjuganti
827 982 944 1051 eidem.
975 981 1142 1043 Michaelis
1167 981 1234 1043 hlio
1264 982 1416 1045 videlicet

150 1089 324 1151 Benedieto
349 1089 463 1151 sartori
488 1108 561 1149 eum
594 1088 709 1149 eodem
743 1108 840 1150 censu
871 1088 967 1150 tercie
992 1088 1090 1170 partis
1123 1089 1218 1149 unius
1243 1087 1313 1152 flor.
1347 1089 1415 1149 auri

148 1195 259 1257 statuit
282 1195 457 1256 literatorie
482 1208 638 1276 perpetuo
663 1194 904 1277 possidendam.

255 1302 333 1363 ltem
358 1303 460 1384 proba
492 1301 607 1362 mulier
632 1301 806 1363 Katherina
841 1302 949 1362 relicta
984 1301 1121 1363 condam
1156 1300 1289 1383 Georgii
1314 1303 1415 1384 pisca·

149 1410 226 1470 toris
261 1408 337 1469 dieti
362 1407 520 1469 Kozarich
544 1408 623 1468 olim
657 1409 797 1469 concivis
830 1409 942 1486 nostri,
984 1429 1069 1470 nunc
1101 1429 1233 1470 consors
1257 1409 1324 1470 luri
1351 1408 1416 1471 Co·

150 1516 289 1593 rintiani,
322 1514 484 1596 quandam
517 1515 704 1596 porcionem
739 1515 904 1576 cuiusdam
938 1513 1029 1577 lundi
1061 1516 1109 1577 sui
1142 1536 1228 1576 nunc
1259 1516 1352 1577 vacui
1386 1530 1418 1578 et

149 1622 305 1685 hedificiis
340 1622 467 1704 penitus
499 1621 640 1683 destituti
674 1622 706 1682 in
739 1622 866 1683 civitate
899 1620 1031 1704 prefata,
1057 1623 1088 1682 in
1122 1637 1273 1704 postergo
1299 1641 1356 1683 seu
1382 1622 1414 1682 in

150 1730 334 1812 posteritate
367 1728 483 1789 domus
507 1741 538 1789 et
570 1725 661 1788 tundi
693 1729 827 1809 provide
862 1729 1006 1789 mulieris
1038 1728 1139 1789 Kussa
1166 1742 1277 1789 vocate
1310 1725 1416 1789 Gerli·

150 1836 284 1898 chichna
310 1836 406 1913 dicte,
431 1854 489 1896 nec
514 1854 578 1895 non
600 1854 699 1917 penes
717 1836 863 1914 domurn,
888 1834 1026 1896 fundum
1052 1850 1082 1897 et
1106 1833 1254 1896 hediheia
1281 1834 1417 1916 Georgii

151 1942 275 2025 pridem
300 1941 427 2019 judicis,
452 1941 658 2021 concivisque
689 1942 787 2002 nostri
811 1941 868 2003 filii
894 1941 1056 2002 Valentini
1082 1961 1117 2002 ac
1141 1961 1233 2002 secus
1257 1942 1343 2001 viam
1361 1961 1418 2002 seu

149 2049 288 2131 plateam
321 2067 528 2109 communem
561 2046 680 2124 habiti,
712 2062 834 2129 partem
868 2062 902 2108 ut
934 2048 1108 2128 predicitur
1139 2067 1195 2109 seu
1228 2048 1419 2129 porcionem

150 2154 313 2236 quandam
347 2153 422 2215 dieti
457 2152 548 2214 lundi
581 2174 597 2213 a
630 2168 718 2235 parte
750 2153 833 2214 dicte
866 2156 971 2236 platee
1004 2174 1059 2215 seu
1093 2154 1143 2214 vie
1178 2154 1363 2215 communis
1389 2168 1420 2214 et

151 2282 252 2343 usque
276 2261 315 2320 ad
341 2261 437 2320 aliam
456 2275 578 2341 partem
603 2280 658 2320 seu
677 2261 864 2341 porcionem
895 2261 1038 2322 eiusdem
1065 2258 1155 2321 lundi
1181 2260 1333 2322 videlicet
1351 2279 1420 2321 ma·

151 2367 263 2448 jorem,
288 2388 305 2427 a
329 2381 417 2447 parte
442 2380 554 2447 utputa
572 2365 664 2427 fundi
690 2365 801 2448 prelati
828 2368 928 2449 ipsius
947 2368 1047 2428 Kusse
1074 2367 1219 2428 mulieris
1245 2380 1277 2429 et
1293 2387 1310 2427 a
1327 2380 1419 2448 parte

150 2472 234 2534 dicte
259 2474 376 2533 domus
400 2486 430 2532 et
456 2469 546 2531 fundi
571 2473 726 2550 annotati,
760 2475 902 2535 annotati
930 2473 1062 2554 Georgii
1096 2473 1211 2553 iudicis
1234 2473 1341 2550 sitam,
1377 2472 1418 2533 ad

150 2578 282 2640 modum
309 2578 416 2658 itaque
442 2592 472 2636 et
497 2576 536 2637 ad
561 2578 773 2658 quantitatem
798 2579 978 2640 latitudinis
1010 2577 1100 2640 fundi
1126 2579 1292 2640 Benedicti
1317 2578 1418 2659 jurati

151 2684 208 2746 filii
235 2683 401 2745 Michaelis
426 2705 442 2744 a
468 2685 652 2765 posteritate
676 2685 827 2747 videlicet
845 2686 988 2746 eiusdem
1015 2684 1106 2747 fundi
1124 2686 1224 2767 ipsius
1248 2686 1419 2747 Benedicti

151 2791 245 2872 jurati
271 2792 310 2851 ab
335 2791 502 2851 occidente
527 2790 578 2850 siti
604 2805 633 2851 et
658 2811 759 2872 usque
794 2793 958 2873 quandam
988 2793 1175 2873 porcionem
1201 2792 1301 2873 ipsius
1323 2788 1420 2853 fundi

151 2897 292 2980 predicte
319 2897 492 2958 Katberine
518 2897 662 2957 mulieris
686 2900 744 2959 sub
771 2918 920 2959 mensura
945 2899 1042 2959 trium
1068 2898 1271 2959 brachiorum
1297 2896 1421 2960 ferreo·

150 3025 219 3066 rum
246 3004 394 3065 etunius
419 3003 509 3084 pedis
533 3004 665 3065 humani
691 3005 723 3065 in
749 3005 930 3083 latitudine,
955 3025 1011 3087 per
1040 3006 1177 3066 eandem
1203 3004 1418 3066 Katherinam

151 3111 279 3173 sibimet
304 3130 361 3192 pro
387 3110 436 3170 via
462 3110 562 3170 libera
595 3112 634 3171 ab
663 3112 786 3172 oriente
819 3112 996 3190 dimissam,
1021 3113 1100 3173 duas
1132 3112 1255 3174 scilicet
1286 3127 1421 3192 quartas

151 3219 237 3280 curie
263 3217 294 3277 in
319 3236 352 3277 se
377 3216 608 3294 continentem,
645 3237 717 3277 cum
743 3218 808 3279 suis
837 3219 1043 3300 pertinenciis
1068 3219 1213 3301 predicto
1238 3219 1420 3281 Benedicto

151 3325 263 3388 sartori
288 3324 434 3385 vendidit
457 3344 515 3404 pro
540 3325 684 3405 quinque
710 3324 778 3387 llor.
805 3341 960 3408 perpetuo
986 3326 1225 3408 possidendam.

258 3431 333 3492 ltem
360 3430 514 3513 providus
538 3431 585 3491 vir
611 3430 770 3512 Georgius
794 3431 879 3494 filius
912 3433 1040 3494 Thome
1065 3433 1141 3494 dicti
1165 3431 1315 3516 Aythyeh
1342 3452 1421 3494 con·

153 3539 231 3600 civis
254 3551 371 3614 noster,
396 3537 558 3617 quandam
584 3538 718 3598 domum
743 3559 832 3600 suam
862 3559 935 3600 cum
959 3537 1061 3601 fundo
1086 3554 1117 3600 et
1149 3539 1267 3600 celario
1291 3541 1421 3600 subter·

153 3664 250 3705 raneo
275 3664 311 3704 ac
336 3642 503 3720 hedificiis,
528 3643 662 3724 aliisque
692 3647 814 3706 cunetis
837 3646 902 3706 suis
934 3646 1126 3707 utilitatibus
1151 3653 1184 3708 et
1207 3646 1422 3727 pertinenciis

151 3750 319 3826 universis,
338 3750 418 3808 inter
436 3749 569 3809 domum
587 3751 750 3811 Ambrosii
774 3750 832 3812 filii
851 3751 1028 3813 Clementis
1045 3750 1101 3812 filii
1121 3751 1248 3813 Mikeeh
1268 3766 1297 3812 et
1317 3753 1420 3814 Blasii

152 3854 360 3936 Kurmanych
385 3875 420 3915 ac
446 3855 529 3916 Petri
555 3855 677 3938 Zulyalr
703 3857 856 3935 habitam,
882 3858 1022 3919 mediam
1050 3859 1171 3920 curiam
1198 3859 1228 3919 in
1254 3878 1287 3919 se
1314 3860 1421 3920 conti-

152 3978 292 4039 nentem,
317 3960 483 4022 Anthonio
508 3961 574 4022 filio
597 3963 737 4024 ladislai
756 3964 794 4024 de
814 3965 948 4025 Barania
966 3964 1029 4043 jam
1048 3984 1134 4025 novo
1158 3964 1283 4026 concivi
1303 3981 1421 4028 nostro

152 4088 209 4150 pro
234 4067 346 4127 decem
371 4081 401 4127 et
425 4082 498 4128 octo
523 4066 592 4130 flor.
625 4069 693 4128 auri
726 4090 763 4129 ex
788 4089 946 4130 consensu
980 4070 1160 4132 vicinorum
1194 4069 1421 4151 predictorum

154 4173 299 4236 vendidit
324 4188 479 4255 perpetuo
504 4174 679 4236 literatorie
704 4176 942 4256 possidendam.

257 4280 334 4341 Item
361 4281 446 4340 lwan
472 4280 624 4340 Jalehiew
648 4279 733 4341 filius
758 4282 912 4364 Stephani
929 4284 1092 4364 quandam
1117 4283 1307 4364 particulam
1325 4304 1422 4347 suam

153 4387 314 4449 vinealem
340 4388 371 4447 in
396 4387 557 4448 territorio
583 4402 693 4448 nostro
726 4389 808 4450 inter
833 4391 928 4450 aliam
954 4391 1113 4451 vinealem
1138 4404 1261 4470 partem
1287 4410 1345 4453 seu
1371 4393 1423 4454 vi-

153 4513 245 4554 neam
283 4494 381 4574 ipsius
406 4493 489 4553 lxvan
524 4507 553 4554 et
583 4493 665 4553 inter
697 4495 823 4555 vineam
858 4497 1033 4557 liberorum
1066 4495 1204 4557 condam
1230 4496 1329 4557 Blasii
1362 4496 1422 4561 ha·

152 4599 263 4678 bitam,
287 4600 423 4680 desuper
447 4600 531 4660 avia
550 4602 714 4660 communi
733 4615 764 4662 et
788 4599 869 4662 inlra
889 4622 990 4682 usque
1015 4601 1166 4680 rivulum,
1183 4620 1256 4662 eum
1274 4603 1423 4684 virgulto

153 4705 257 4767 eidem
289 4707 406 4767 vineali
439 4707 593 4788 particule
626 4706 802 4787 subjacenti
835 4728 867 4768 se
901 4711 1146 4786 extendentem,
1179 4713 1238 4769 sub
1264 4711 1359 4770 metis
1385 4713 1422 4774 in

152 4812 243 4875 litera
268 4813 464 4894 expressatis,
492 4812 620 4896 Mathye
645 4813 729 4875 dicto
754 4814 871 4876 Farlras
896 4829 926 4876 et
950 4814 1081 4878 honeste
1100 4814 1271 4877 domicelle
1290 4817 1421 4898 Marga-
