3156 5364
687 338 774 394 Anno
797 349 886 413 1437.
1357 357 1417 418 313

258 547 335 609 Item
362 547 540 633 Elyzabeth
564 547 657 609 aliter
681 546 815 609 Zmolka
841 559 953 607 vocata
991 567 1070 608 uxor
1094 547 1238 628 legitima
1264 547 1418 630 Stephani

149 653 286 716 sartoris
310 653 452 715 concivis
476 653 575 715 nostri
593 651 650 714 filii
675 652 840 731 iohannis,
868 651 1076 714 medietatem
1108 653 1273 714 cuiusdam
1292 653 1419 733 domus,

150 756 243 820 fundi
269 772 300 820 et
324 757 548 821 hedificiorum
574 757 606 819 in
631 757 715 819 dicta
739 758 866 819 civitate
892 757 975 819 inter
999 756 1115 820 domos
1139 758 1316 820 liberorum
1343 779 1418 820 con·

150 865 226 926 dam
251 865 335 927 Petri
360 866 454 946 jurati
479 865 557 927 dicti
583 864 716 948 Zablya‚
740 867 780 926 ab
805 884 879 943 una,
906 880 995 947 parte
1012 867 1052 926 ab
1078 866 1176 928 altera
1200 886 1276 928 vero
1294 866 1418 929 domini

151 970 293 1032 Ladislai
318 971 485 1054 presbiteri
511 971 641 1053 plebani
673 970 712 1031 de
738 971 886 1032 Zanabor
917 991 953 1032 ac
979 970 1137 1033 iohannis
1161 973 1345 1034 mercatoris
1368 994 1417 1036 ao·

149 1075 227 1138 rorii
261 1076 405 1138 eiusdem
440 1077 564 1138 domini
599 1077 739 1138 Ladisiai
772 1096 808 1138 ac
847 1078 878 1137 in
911 1091 1061 1159 postergo
1092 1078 1254 1139 Valentini
1288 1079 1419 1140 cultoris

149 1182 257 1245 claudi
282 1182 436 1261 habitam,
461 1198 584 1266 partem
612 1182 762 1244 videlieet
794 1183 1000 1261 anteriorem,
1033 1202 1130 1244 unam
1156 1199 1303 1264 quartam
1330 1186 1418 1246 curie

150 1289 182 1350 in
207 1309 239 1350 se
264 1288 496 1367 continentem,
521 1287 645 1371 prefato
670 1287 835 1370 Stephano
859 1290 972 1350 sartori
1002 1289 1137 1351 domino
1163 1304 1194 1350 et
1220 1291 1335 1352 marito
1359 1310 1417 1352 suo

151 1395 310 1477 legittimo
335 1395 428 1470 certis
464 1396 745 1477 racionalibusque
782 1396 823 1457 de
846 1396 949 1457 causis
973 1396 1005 1457 in
1030 1396 1120 1457 litera
1147 1397 1339 1478 privilegiali
1365 1417 1417 1458 ex-

149 1501 276 1584 pressis,
301 1501 391 1563 dedit
424 1516 579 1585 perpetuo
614 1501 841 1585 possidendam
874 1515 905 1563 et
937 1501 1246 1584 quomodocumque
1280 1503 1418 1565 voluerit

149 1605 386 1688 disponendam
412 1620 444 1668 et
466 1606 640 1689 superinde
664 1621 712 1668 est
735 1607 827 1670 litera
851 1607 910 1667 sub
936 1607 1088 1688 pendenti
1113 1607 1221 1688 sigillo
1239 1609 1417 1670 communi·

150 1727 225 1774 tatis
249 1726 407 1776 emanata.
