3142 5356
493 477 578 533 Anna
602 488 690 550 1501.
715 510 756 517 —
780 491 829 536 10.
853 477 1025 551 septembris.

373 696 470 768 Feria
498 705 597 768 sexta
627 707 705 769 ante
732 697 895 787 Johannis
924 698 1176 770 Decollacionis.

665 854 728 930 (27,
752 854 890 928 augusta).

252 990 391 1052 Domina
418 996 511 1053 Anna
536 994 645 1054 relicta
670 993 807 1054 condam
827 994 917 1054 Pauli
943 994 1059 1056 literati
1084 993 1124 1055 ad
1144 994 1335 1056 instanciam
1352 994 1415 1055 Va·

159 1099 260 1159 entini
284 1096 396 1180 prefati
421 1100 564 1161 secundo
588 1101 681 1161 citata
707 1121 772 1161 non
798 1101 988 1183 comparuit.

452 1318 548 1392 Faria
577 1324 685 1393 tercitr
715 1330 793 1392 ante
821 1322 944 1392 festum
983 1321 1100 1409 Egidii.

665 1484 730 1552 (31.
755 1475 898 1549 nrvguslr).

254 1615 390 1677 Mathias
414 1615 555 1698 irenipar
579 1616 619 1677 ad
641 1618 828 1678 instanciam
855 1616 987 1679 domine
1012 1616 1114 1678 Elene
1138 1616 1335 1678 Wzdaricza
1359 1636 1417 1678 vo·

147 1735 214 1783 cata
240 1723 346 1804 primo
371 1723 484 1784 citatus
507 1744 572 1784 non
598 1724 787 1804 comparuit.

253 1830 389 1891 Mathias
414 1829 554 1912 frenipar
578 1831 729 1891 citaverat
747 1830 882 1890 Paulum
907 1829 1042 1891 Pechich
1067 1830 1123 1910 qui
1149 1828 1263 1890 nolens
1288 1828 1416 1910 prefato

148 1935 267 1997 Mathie
293 1938 499 2017 respondere,
523 1937 579 1998 sed
604 1936 698 2015 judex
724 1936 864 1998 decrevit
890 1937 995 2018 ipsum
1024 1936 1063 1997 ad
1090 1936 1229 2017 primum
1255 1936 1417 2018 judicium

148 2043 352 2124 respondere.

252 2148 428 2230 Gregorius
452 2166 541 2211 sutor
565 2150 715 2211 citaverat
740 2150 876 2211 Paulum
910 2149 1044 2211 Pechich
1077 2149 1116 2210 ad
1141 2147 1256 2211 feriam
1281 2152 1417 2213 terciam

146 2270 218 2316 ante
244 2256 449 2316 Nativitatem
476 2256 575 2316 Marie
600 2256 715 2337 primo,
740 2257 795 2337 qui
821 2277 885 2318 non
912 2257 1101 2337 comparuit.

253 2363 371 2423 Paulus
395 2361 530 2424 Pechich
556 2364 671 2424 eodem
697 2363 748 2423 die
781 2364 894 2425 citatus
929 2377 976 2424 est
999 2362 1193 2425 secundario
1226 2363 1266 2424 ad
1292 2364 1416 2428 instan-

147 2469 230 2530 ciam
256 2469 403 2550 Gregorii
428 2471 554 2549 sutoris‚
579 2490 644 2531 non
669 2472 859 2552 comparuit.

324 2668 420 2742 Feria
449 2683 547 2742 sexta
576 2679 654 2743 ante
695 2673 916 2744 Nativitatem
946 2673 1051 2743 Maria
1080 2670 1233 2761 virginis.

648 2832 689 2903 (7.
714 2829 900 2901 septembris).

253 2965 359 3027 Causa
384 2966 465 3028 inter
490 2967 645 3027 Jacobum
670 2986 824 3047 generum
859 2966 984 3027 Nicoiai
1010 2964 1165 3027 Horwath
1191 2979 1222 3025 et
1245 2964 1415 3026 Vrbanum

150 3072 292 3154 Spylyak
317 3071 356 3132 de
382 3072 522 3152 Krapina
540 3072 686 3132 similiter
709 3092 864 3153 generum
883 3072 1038 3149 eiusdem,
1059 3072 1186 3132 racione
1212 3084 1243 3132 et
1267 3084 1415 3153 pretextu

147 3179 332 3240 hereditatis
364 3178 495 3239 domine
528 3181 610 3240 Nese
643 3180 751 3240 relicte
785 3180 921 3240 condam
952 3179 1076 3240 Nicolai
1104 3177 1273 3255 Horwath,
1302 3179 1416 3239 matris

147 3285 298 3346 videlicet
323 3286 476 3366 ipsorum.
502 3305 598 3366 quam
624 3286 756 3367 quidem
789 3306 917 3346 causam
943 3300 973 3347 et
998 3285 1208 3346 hereditatem
1234 3284 1318 3346 inter
1342 3304 1416 3366 pre·

149 3390 231 3452 fatos
256 3392 411 3453 Jacobum
436 3405 466 3452 et
483 3392 647 3452 Vrbanum
673 3392 796 3453 domini
819 3392 912 3469 jurati
931 3392 985 3453 tali
1011 3391 1110 3452 modo
1135 3390 1417 3471 adjudicaverunt,

147 3498 236 3578 quod
261 3497 419 3559 hereditas
443 3496 643 3579 prefatoque
669 3514 735 3560 erat
752 3500 791 3559 ab
816 3519 876 3559 avo
895 3498 1068 3559 mulierum
1092 3497 1244 3559 videlicet
1268 3497 1416 3579 ipsorum

147 3618 194 3665 est
218 3605 299 3664 inter
323 3623 434 3664 omnes
459 3603 592 3665 heredes
616 3624 690 3664 suos
717 3606 873 3685 equaliter
886 3605 1006 3680 divisa3
1032 3617 1171 3666 ceterum
1197 3617 1264 3665 erat
1286 3601 1414 3686 prefata

147 3711 306 3772 hereditas
331 3711 560 3791 circumspecto
586 3711 722 3772 condam
749 3713 857 3773 Marco
881 3712 1007 3772 Veneto
1032 3711 1110 3772 olim
1141 3711 1266 3773 concivi
1290 3723 1417 3789 nostre,

150 3818 218 3877 viro
242 3817 393 3877 videlicet
424 3817 555 3878 domine
578 3818 671 3895 Nese,
696 3838 753 3898 pro
786 3832 912 3880 centum
940 3832 970 3879 et
1002 3817 1236 3899 quinquaginta
1261 3816 1331 3879 flor.
1356 3836 1418 3898 per

148 3922 309 4004 quandam
325 3922 489 3983 dominam
510 3924 743 4003 Margaretham
765 3925 906 3984 relictam
932 3922 1041 3986 fuisset
1062 3925 1288 4005 impignorata,
1314 3943 1416 4004 quam

148 4029 245 4090 iidem
272 4029 396 4090 domini
422 4027 513 4107 jurati
539 4027 692 4109 prefatam
715 4029 923 4091 hereditatem
942 4031 1090 4092 similiter
1115 4030 1197 4091 inter
1221 4049 1334 4090 omnes
1359 4030 1419 4092 he·

148 4136 238 4196 redes
271 4134 410 4216 prefatos
434 4135 577 4196 dividere
610 4136 845 4214 concluserunt,
877 4137 952 4217 quia
985 4135 1097 4217 prefati
1126 4135 1260 4196 heredes
1283 4134 1421 4201 fuerunt

147 4261 260 4303 omnes
284 4262 320 4301 ex
347 4241 478 4301 domina
496 4242 578 4301 Nesa
595 4243 769 4322 procreati;
795 4243 833 4302 de
857 4263 919 4323 qua
945 4263 1037 4304 causa
1056 4245 1149 4304 ambe
1166 4255 1272 4325 partes
1289 4242 1416 4306 ibidem

148 4367 212 4408 non
231 4361 379 4409 contente
403 4347 458 4408 sed
484 4349 524 4408 ad
549 4349 690 4409 seniores
714 4347 835 4428 judices
859 4350 1071 4431 appellarunt.

219 4551 363 4622 Sabbata
392 4553 546 4639 proximo
574 4559 651 4639 post
684 4551 805 4622 festum
835 4551 1034 4624 Nativitatis
1063 4554 1168 4624 Maria
1196 4545 1350 4642 virginis.

651 4706 713 4778 (10.
737 4706 923 4779 septembris).

254 4840 403 4903 Seniores
426 4843 549 4923 judices
573 4843 668 4904 huius
685 4844 820 4905 civitatis
846 4866 971 4907 causam
1002 4859 1123 4907 motam
1149 4847 1231 4908 inter
1255 4847 1419 4914 Jacobum

147 4968 302 5030 generum
327 4949 453 5011 Nicolai
479 4950 635 5013 Horwath
661 4965 691 5012 et
718 4952 884 5013 Vrbanam
911 4952 1051 5039 Spylyak
1084 4954 1122 5015 de
1148 4954 1302 5038 Krapyna
1326 4957 1414 5023 simi·
