3142 5356
327 579 403 641 Item
429 579 546 641 Paulus
578 595 687 641 tonsor
719 578 804 640 filius
838 579 1002 640 Benedicti
1028 579 1192 660 quandam
1225 580 1361 642 domum
1394 600 1486 642 suam

220 706 291 748 cum
325 685 427 748 fundo
459 701 489 747 et
520 685 695 765 hedificiis,
729 686 912 767 celarioque
947 687 1155 747 subterraneo
1192 686 1274 748 inter
1307 685 1428 748 domos
1459 702 1489 748 et

220 792 338 855 fundos
363 791 449 854 Galli
474 793 616 854 monocli
641 792 681 853 de
705 791 917 853 Wlitomercb
943 806 973 852 et
999 791 1117 855 Cosme
1141 794 1313 874 arcuparis,
1340 808 1372 854 et
1395 808 1487 875 parte

219 901 259 961 ab
284 899 381 961 altera
406 903 519 980 Agnye
545 913 575 960 et
600 898 766 961 Benedicti
791 896 847 959 filii
874 899 982 959 Jacobi
1014 919 1049 959 ac
1075 899 1245 961 Laurencii
1270 897 1329 962 filii
1355 900 1487 961 Andree

219 1007 372 1082 habitam,
397 1025 493 1067 unam
511 1020 656 1087 quartam
675 1020 705 1066 et
722 1020 867 1066 octavam
887 1005 973 1065 curie
999 1005 1081 1066 inse
1101 1006 1330 1084 continentem,
1351 1007 1488 1068 Nicolao

218 1113 329 1176 sartori
355 1110 422 1173 filio
447 1112 609 1174 Valentini
634 1132 692 1193 pro
717 1112 857 1193 quadam
882 1110 981 1172 domo
1006 1131 1073 1188 sua,
1100 1132 1196 1173 unam
1221 1126 1371 1194 quartam
1397 1114 1429 1174 in
1456 1134 1487 1174 se

220 1219 416 1296 continente,
441 1238 476 1280 ac
501 1237 559 1300 pro
583 1218 806 1279 additamento
835 1217 946 1279 decem
982 1217 1051 1279 flor.
1076 1218 1145 1279 auri
1169 1218 1259 1280 dedit
1282 1220 1487 1281 concambia·

219 1325 290 1388 liter
314 1338 470 1407 perpetuo
495 1323 735 1405 possidendam.

325 1431 402 1492 Item
428 1431 583 1491 medietas
607 1430 774 1491 cuiusdam
808 1430 936 1504 domus,
962 1429 1064 1506 fundi,
1089 1432 1262 1513 telariique
1287 1434 1487 1495 subterranei

219 1558 255 1599 ac
280 1535 503 1598 hedificiorum
530 1536 561 1597 in
588 1536 661 1598 vico
688 1537 790 1618 ipsius
823 1537 959 1598 civitatis
985 1538 1133 1598 exteriori
1165 1558 1221 1599 seu
1245 1538 1352 1620 platea
1377 1539 1488 1602 Theu-

219 1644 372 1706 thonicali
398 1644 479 1705 inter
512 1643 628 1704 domos
661 1643 820 1704 Francisci
854 1643 1063 1722 cingulatoris
1087 1646 1126 1705 ab
1160 1665 1222 1706 una
1247 1660 1337 1727 parte
1363 1661 1393 1708 et
1419 1647 1487 1709 Ste-

219 1750 317 1832 phani
342 1750 458 1811 sutoris
482 1769 517 1810 ac
543 1750 718 1810 liberorum
751 1749 888 1811 condam
915 1749 1043 1810 Gerdak
1066 1751 1214 1811 similiter
1237 1752 1356 1813 sutoris
1379 1752 1487 1815 habite

220 1872 250 1918 et
274 1856 447 1932 existentis,
474 1875 570 1916 unam
603 1855 753 1916 videlicet
785 1871 930 1935 quartam
965 1857 1051 1917 curie
1087 1858 1174 1917 inse
1208 1859 1389 1935 continens,
1414 1878 1485 1920 cum

219 1964 284 2024 suis
316 1963 522 2044 pertinenciis
546 1961 653 2022 Blasio
685 1962 784 2022 sutori
816 1959 1065 2042 filio,Stephani
1100 1982 1158 2044 pro
1190 1964 1333 2044 quodam
1368 1965 1486 2044 (h)orto

219 2088 278 2130 suo
311 2071 341 2129 in
376 2068 530 2130 suburbio
562 2069 699 2129 civitatis
731 2068 840 2128 habito
874 2084 904 2128 et
929 2089 986 2150 pro
1019 2069 1240 2131 additamento
1273 2071 1485 2152 quadraginta

220 2195 398 2237 marcarum
423 2175 629 2235 denariorum
654 2194 710 2256 per
735 2174 912 2256 predictum
937 2174 1133 2256 Stephanum
1159 2190 1300 2237 sutorem
1342 2192 1388 2237 est
1410 2198 1481 2239 con·

220 2283 419 2344 cambialiter
444 2282 516 2342 data
541 2295 572 2341 et
596 2281 836 2362 privilegialiter
860 2295 1057 2362 perpetuata.

326 2389 404 2450 Item
429 2388 518 2449 Jelka
543 2386 607 2448 filia
633 2387 770 2448 condam
801 2388 929 2447 Martini
954 2406 1085 2448 consors
1111 2388 1280 2449 Laurentii
1305 2388 1365 2450 filii
1383 2390 1483 2452 Bene·

220 2496 309 2574 dicti,
336 2494 498 2576 quandam
525 2495 650 2555 vineam
676 2494 706 2554 in
739 2494 901 2555 territorio
927 2494 1063 2554 civitatis
1095 2513 1193 2575 penes
1218 2495 1346 2555 vineam
1372 2495 1483 2578 prefati

220 2601 388 2663 Laurencii
414 2615 444 2660 et
476 2601 559 2661 viam
594 2619 799 2660 communem
832 2599 994 2677 habitam,
1028 2600 1164 2681 desuper
1188 2622 1204 2660 a
1229 2602 1280 2662 via
1306 2621 1424 2683 magna
1456 2618 1484 2663 et

219 2709 382 2770 communi
410 2707 606 2788 incipiend0,
639 2705 721 2767 infra
754 2726 854 2786 usque
888 2706 1027 2766 rivulum
1052 2726 1085 2766 se
1118 2708 1358 2784 extendentem,
1390 2709 1483 2770 simui

219 2835 290 2876 cum
316 2813 405 2876 fenili
430 2834 465 2874 ac
490 2813 630 2894 virgulto
655 2814 759 2873 eidem
786 2813 878 2872 vinee
903 2813 1142 2893 subjacentibus
1166 2828 1197 2873 et
1221 2814 1291 2873 aliis
1316 2816 1384 2876 suis
1401 2816 1482 2876 utili·

219 3027 463 3108 quatuordecim
490 3027 603 3087 marcis
628 3026 773 3086 vendidit
799 3040 955 3106 perpetuo
980 3025 1219 3106 possidendam.

326 3134 402 3194 Item
428 3132 566 3212 quedam
593 3131 709 3192 domus
731 3131 838 3210 lignea
869 3133 977 3193 totalis
1001 3151 1074 3192 cum
1108 3129 1208 3192 fundo
1234 3147 1264 3192 et
1289 3132 1390 3194 domo
1417 3154 1481 3194 mu·

220 3255 285 3301 rata
312 3240 401 3301 totali
428 3259 463 3299 ac
488 3238 606 3298 celario
630 3240 836 3298 subterraneo
865 3241 924 3299 sub
956 3238 1071 3299 codem
1096 3238 1214 3299 situato
1239 3239 1271 3298 in
1297 3239 1383 3300 dicta
1409 3241 1481 3301 civi·

219 3361 299 3424 tate,
337 3347 418 3406 inter
453 3345 585 3421 domos,
621 3342 738 3405 fundos
771 3358 801 3405 et
836 3345 939 3404 curias
971 3344 1146 3404 liberorum
1179 3344 1318 3405 condam
1352 3344 1482 3428 Georgii

218 3452 390 3514 Ztanchich
416 3466 446 3512 et
470 3449 624 3510 Anthonii
651 3449 743 3526 iurati
762 3450 860 3511 nostri
888 3450 1034 3510 moderni
1059 3449 1177 3527 habita,
1203 3470 1299 3511 unam
1326 3452 1481 3532 integram

220 3560 339 3620 curiam
366 3573 395 3617 et
422 3576 517 3617 unam
543 3571 687 3636 quartam
713 3557 798 3616 curie
833 3556 865 3616 in
891 3577 922 3616 se
948 3557 1144 3633 continente,
1177 3576 1249 3618 cum
1275 3558 1342 3618 suis
1366 3561 1483 3621 utilita-

219 3665 303 3725 tibus
328 3678 357 3725 et
383 3663 588 3745 pertinenciis
613 3663 769 3722 universis
793 3663 929 3743 provido
960 3664 1029 3723 viro
1054 3663 1234 3724 Laurencio
1260 3663 1400 3725 institori
1418 3663 1483 3727 filio

219 3771 302 3832 Petri
328 3789 385 3851 pro
410 3769 549 3850 quadam
575 3769 673 3830 domo
697 3789 753 3829 sua
778 3784 809 3829 et
833 3769 950 3829 celario
983 3789 1018 3829 ac
1047 3768 1147 3830 tundo
1171 3769 1269 3830 trium
1294 3787 1482 3850 quartarum

218 3891 248 3938 et
273 3896 330 3957 pro
355 3877 467 3957 viginti
492 3876 636 3955 quinque
664 3874 732 3936 flor.
766 3874 989 3952 additamenti,
1021 3895 1077 3955 per
1102 3873 1282 3956 Georgium
1306 3876 1484 3940 Ztanchich

218 3997 264 4043 est
295 3982 366 4042 data
397 3997 426 4042 et
459 3981 699 4062 privilegialiter
733 3995 920 4062 perpetuata
953 3981 1192 4062 perheunaliter
1225 3982 1422 4063 possidenda
1456 4000 1486 4046 et

218 4089 527 4168 quomodocumque
554 4087 689 4146 voluerit
714 4087 924 4168 disponenda.

322 4195 398 4255 item
415 4194 597 4254 Anthonius
616 4193 803 4255 Mozlauech
823 4208 911 4254 sutor
927 4191 1012 4254 filius
1031 4193 1148 4255 Mathei
1170 4208 1201 4256 et
1219 4194 1378 4256 Martinus
1395 4213 1486 4259 sutor

218 4299 302 4360 filius
327 4300 466 4376 Thome,
491 4299 651 4379 quandam
679 4300 824 4376 domum,
858 4297 993 4360 fundum
1022 4313 1052 4361 et
1076 4297 1225 4360 hedificia
1250 4320 1335 4362 unus
1359 4320 1487 4383 quarte,

218 4407 298 4466 inter
323 4405 454 4465 domum
482 4403 565 4465 Galli
585 4406 700 4466 sutoris
725 4405 779 4465 filii
808 4404 955 4486 Gregorii
974 4420 1004 4465 et
1026 4406 1158 4487 predicti
1177 4406 1306 4467 Martini
1325 4406 1509 4486 habitam,

216 4530 312 4572 unam
338 4526 483 4591 quartam
510 4511 595 4570 curie
621 4512 651 4571 in
677 4532 708 4571 se
734 4513 963 4586 continentem,
999 4532 1071 4572 cum
1096 4512 1161 4572 suis
1185 4513 1405 4593 pertinenciis,
1431 4537 1489 4599 per

215 4618 414 4699 legacionem
448 4619 716 4679 testamentariam
750 4619 882 4679 Fabiani
920 4619 1036 4678 sutoris
1067 4616 1123 4678 filii
1158 4618 1296 4696 Vrbani,
1331 4621 1488 4685 Michaeli
1516 4693 1519 4699 ¹

215 4725 282 4787 filio
308 4724 418 4807 prefati
439 4724 599 4804 Gregorii,
624 4725 685 4804 jam
705 4745 790 4786 novo
815 4726 939 4786 concivi
958 4739 1078 4802 nostro,
1103 4738 1150 4786 est
1170 4725 1300 4787 vendita
1324 4745 1384 4809 pro
1403 4727 1488 4793 duo·

215 4832 319 4894 decim
346 4832 414 4894 flor.
440 4834 506 4893 auri
533 4847 689 4915 perpetuo
714 4834 919 4914 possidenda.
