3142 5356
679 338 765 394 Anno
788 350 879 413 1439.
1354 353 1414 414 329

368 444 500 467 ,ΜΤ
554 443 737 448 --.....
917 445 933 448 -
977 444 1020 449 --
1083 445 1086 448 ,
1154 445 1191 449 ,,
1249 444 1263 448 -
1340 444 1359 448 .,
1381 443 1411 447 .-

257 550 334 610 Item
360 546 501 630 prefatus
533 547 679 608 Thomas
711 548 831 629 juratus
863 547 947 610 lilius
972 548 1078 609 Choni
1112 548 1225 625 judicis
1249 547 1413 630 quoddam

148 655 247 717 fenile
272 674 366 717 suum
392 655 424 715 in
450 674 564 735 campo
588 674 644 715 seu
668 656 829 716 territorio
858 656 995 716 civitatis
1028 656 1169 739 predicte
1209 656 1291 717 inter
1316 668 1415 715 terras

147 762 312 825 colendini
337 759 608 823 confraternitatis
632 761 817 822 carnificum
844 782 879 823 ac
908 762 1085 824 liberorum
1110 762 1247 823 condam
1273 761 1414 841 magistri

148 869 280 930 Thome
313 868 423 929 vicarii
455 867 534 928 olim
565 869 596 927 in
629 869 863 949 temporalibus
895 869 1098 951 episcopatus
1121 868 1337 948 zagrabicnsis
1361 867 1414 928 ha·

148 976 264 1054 bitum,
288 973 413 1036 fossatis
434 974 726 1051 circumvallatum,
753 975 792 1035 ad
825 974 937 1036 decem
962 975 1062 1035 dietas
1094 990 1175 1035 terre
1201 975 1232 1035 in
1257 995 1289 1035 se
1315 975 1414 1034 conti·

148 1103 239 1161 nens,
264 1082 389 1143 Marino
408 1074 505 1162 judici
530 1095 639 1142 nostro
657 1081 815 1142 moderno
840 1082 1001 1142 avunculo
1020 1081 1170 1142 videlicet
1186 1100 1244 1141 suo
1269 1080 1416 1141 vendidit

148 1203 305 1272 perpetuo
331 1188 562 1271 possidendum
588 1202 618 1248 et
650 1188 822 1269 superinde
855 1203 900 1248 est
925 1189 1014 1250 litera
1047 1190 1105 1249 sub
1132 1188 1284 1270 pendenti
1308 1188 1415 1268 sigillo

148 1295 391 1357 communitatis
415 1308 571 1356 emanata.

257 1419 335 1481 ltem
360 1419 515 1480 medietas
540 1418 666 1496 domus,
691 1417 783 1479 fundi
809 1433 839 1479 et
864 1417 1099 1497 hedificiorum‚
1124 1433 1206 1480 recta
1233 1432 1263 1479 et
1281 1417 1415 1499 equalis,

150 1524 308 1586 Anthonii
334 1525 450 1585 sutoris
475 1525 550 1585 dicti
577 1525 783 1602 Mozlawecz‚
815 1525 847 1585 in
880 1525 951 1585 vico
978 1525 1076 1607 ipsius
1108 1525 1244 1586 civitatis
1267 1523 1414 1584 exteriori

148 1645 295 1696 sutorum
333 1631 414 1692 inter
438 1631 554 1691 domos
579 1646 609 1692 et
633 1630 751 1692 londos
777 1630 930 1712 Stephani
967 1632 1075 1714 Bosyn
1102 1646 1132 1691 et
1159 1629 1322 1691 Benedicti
1351 1629 1415 1689 Ko-

148 1758 231 1821 pryn
265 1737 359 1814 dicti,
390 1738 519 1814 sutoris,
552 1737 658 1798 habite
692 1752 722 1798 et
759 1739 933 1815 existentis,
966 1757 1062 1798 unam
1096 1737 1245 1798 videlicet
1269 1750 1414 1817 quartam

149 1845 236 1908 curie
263 1845 294 1905 in
319 1865 351 1904 se
376 1845 556 1922 continens,
581 1864 653 1905 cum
689 1845 754 1905 suis
784 1844 990 1926 pertinenciis
1017 1844 1189 1905 Dominico
1222 1843 1321 1904 sutori
1346 1840 1414 1902 filio

150 1952 233 2035 Elye
257 1952 297 2014 de
323 1951 473 2030 Chasma,
498 1967 532 2012 ut
566 1970 651 2012 novo
686 1951 810 2013 concivi
842 1965 964 2029 nostro,
989 1971 1047 2033 pro
1080 1951 1229 2012 undecim
1254 1949 1322 2010 flor.
1347 1949 1415 2009 auri

149 2058 297 2120 vendidit
320 2074 477 2140 perpetuo
501 2058 730 2140 possidendam
750 2073 781 2120 et
805 2058 977 2140 superinde
1002 2072 1048 2119 est
1065 2058 1155 2119 litera
1179 2058 1238 2118 sub
1262 2055 1415 2138 pendenti

149 2165 257 2246 sigillo
283 2165 523 2226 communitatis
547 2180 704 2226 emanata.

258 2289 335 2350 ltem
360 2290 500 2370 quedam
526 2288 652 2367 domos,
678 2288 797 2350 fundus
822 2303 852 2349 et
871 2287 1018 2349 hedificia
1042 2287 1148 2349 medie
1172 2287 1258 2347 curie
1284 2287 1314 2346 in
1340 2285 1415 2346 civi·

151 2411 216 2459 tate
241 2395 381 2478 predicta
408 2397 489 2456 inter
513 2396 628 2456 domos
661 2411 691 2456 et
725 2395 842 2457 fundos
867 2395 1022 2456 Anthonii
1056 2393 1256 2476 Jerihowych
1282 2407 1312 2453 et
1336 2393 1415 2453 libe·

151 2522 260 2564 rorum
294 2502 430 2563 condam
464 2502 588 2563 Nicolai
623 2502 798 2584 Petrenych
832 2502 959 2579 habita,
994 2521 1049 2583 per
1081 2499 1252 2561 fossionem
1279 2499 1415 2560 Barbare

151 2608 218 2671 filie
243 2608 379 2671 condam
406 2608 529 2690 Gaspar
548 2609 663 2669 literati
689 2629 773 2670 nunc
805 2609 960 2669 consortis
979 2607 1111 2688 Georgii
1129 2606 1255 2683 Croaci‚
1274 2605 1415 2685 Georgio

151 2716 221 2777 lilio
247 2714 333 2777 Galli
359 2734 431 2776 curn
465 2715 685 2776 additamento
718 2716 862 2796 quinque
894 2715 962 2776 flor.
988 2715 1055 2775 auri
1088 2729 1118 2774 et
1143 2714 1278 2775 duarum
1303 2732 1415 2794 pensa·

151 2842 222 2884 rum
248 2822 454 2882 denariorum
479 2821 547 2901 iure
578 2823 827 2903 permutacionis
852 2823 923 2903 (est)
948 2823 1007 2882 snb
1026 2821 1177 2901 pendenti
1198 2820 1304 2901 sigillo
1329 2838 1415 2880 com-

151 2929 318 2990 munitatis
342 2929 584 3010 privilegialiter
608 2927 806 2991 confirmata.

260 3053 337 3114 ltem
362 3054 501 3135 quedam
520 3055 646 3131 domus,
671 3053 789 3115 fundus
814 3069 844 3115 et
861 3053 1006 3115 hedificia
1024 3052 1162 3113 condam
1188 3049 1319 3130 Georgii
1337 3049 1415 3127 lsak,

152 3161 234 3221 inter
259 3160 375 3220 domos
400 3175 429 3221 et
454 3159 572 3221 fundos
597 3160 725 3242 Mathye
751 3161 863 3221 decani
894 3175 924 3221 et
950 3159 1096 3241 Dyonisii
1121 3159 1268 3220 similiter
1293 3156 1416 3234 decani,

153 3285 225 3327 cum
252 3267 393 3347 quodam
427 3267 545 3347 (h)orto
569 3287 625 3327 sen
659 3266 760 3327 lundo
793 3287 850 3348 pro
883 3267 1000 3348 (hlorto
1033 3280 1107 3348 apto
1151 3278 1259 3347 supra
1280 3263 1416 3324 eandem

153 3371 290 3433 domum
314 3375 373 3433 sub
399 3393 492 3434 muro
517 3374 653 3435 civitatis
685 3374 826 3455 predicte
857 3374 965 3434 habito
999 3373 1056 3433 sita
1082 3386 1112 3434 et
1136 3372 1282 3448 existens,
1319 3388 1414 3429 unam

153 3493 299 3559 quartam
324 3493 355 3540 et
379 3494 525 3540 octavam
551 3481 582 3540 in
607 3500 639 3540 se
673 3481 852 3558 continens,
884 3501 940 3562 per
966 3479 1137 3540 fossionem
1170 3477 1332 3538 Ambrosii
1359 3474 1415 3535 lilii

153 3584 315 3646 Valentini
341 3585 417 3646 dicti
442 3587 575 3667 Zelnyk‚
601 3585 704 3647 fratris
729 3587 881 3668 patruelis
906 3588 1006 3669 ipsius
1031 3585 1164 3666 Georgii
1190 3585 1269 3660 lsak,
1294 3597 1340 3644 est
1366 3582 1415 3642 Ja-

154 3693 236 3753 cobo
269 3690 336 3753 filio
362 3691 509 3772 Gregorii
544 3694 666 3754 concivi
694 3709 801 3755 nostro
833 3697 891 3755 sub
924 3693 1076 3775 pendenti
1101 3691 1208 3772 sigillo
1233 3689 1413 3751 communi·

153 3799 226 3859 tatis
249 3799 492 3880 privilegialiter
518 3797 715 3861 confirmata.

259 3923 335 3983 ltem
363 3924 568 4001 Laurentius,
594 3923 707 3985 Gallus
732 3939 762 3986 et
780 3925 926 3985 Vrbanus
951 3924 1007 3985 filii
1033 3925 1169 3985 condam
1196 3923 1351 3984 lobannis
1376 3923 1415 3983 de

157 4028 301 4112 Dedych,
319 4029 524 4089 medietatem
543 4031 708 4091 cuiusdam
735 4031 861 4108 domus,
879 4030 981 4111 lundi,
1006 4032 1113 4092 celarii
1139 4045 1169 4091 et
1193 4029 1416 4090 hedificiorum

155 4136 339 4196 incivitate
365 4136 506 4217 predicta
541 4137 621 4198 inter
653 4137 768 4198 domos
800 4153 830 4199 et
855 4137 971 4198 fundos
1004 4138 1164 4198 Valentini
1198 4136 1362 4218 Jagodych
1386 4151 1416 4196 ct

156 4242 331 4303 liberorum
357 4243 486 4303 Andree
512 4243 550 4304 de
576 4245 724 4325 Ztupnylc
750 4265 785 4304 ac
817 4245 965 4305 similiter
990 4246 1163 4305 liberorum
1190 4245 1327 4304 condam
1354 4243 1414 4302 De·

155 4349 257 4410 metrii
284 4349 323 4409 de
349 4350 543 4410 Bethlrowcz
567 4350 672 4411 habite
698 4367 727 4411 et
761 4352 932 4428 existentis,
969 4371 1066 4411 unam
1093 4351 1241 4410 videlicet
1266 4365 1412 4430 quartam

154 4455 240 4515 curie
265 4456 296 4516 in
322 4477 355 4516 se
380 4457 558 4533 continens,
584 4457 690 4516 Blasio
727 4458 841 4517 cultori
868 4457 934 4517 filio
965 4458 1062 4517 Marci
1088 4457 1184 4516 aliam
1210 4457 1415 4516 medietatem

154 4562 297 4623 eiusdem
323 4563 450 4639 domus,
478 4562 579 4639 fundi,
604 4564 711 4623 celarii
737 4578 767 4624 et
792 4562 1014 4624 hedificiorum
1048 4564 1224 4644 possidenti
1262 4563 1415 4624 vendide-

155 4683 227 4729 runt
251 4684 406 4751 perpetuo
432 4671 660 4750 possidendam
686 4685 716 4730 et
740 4670 912 4750 superinde
936 4686 981 4730 est
1006 4671 1096 4731 litera
1121 4672 1179 4731 snb
1206 4670 1356 4751 pendenti
1375 4670 1414 4730 si·

153 4774 233 4865 gillo
258 4777 496 4836 communitatis
521 4777 625 4836 eidem
652 4777 757 4836 Blasio
782 4793 937 4838 emanata.
