3142 5356
150 550 193 610 ab
220 550 319 613 altera
346 570 422 613 vero
447 551 570 612 domini
598 551 737 612 Ladislai
770 552 917 613 similiter
948 551 1115 634 presbiteri
1139 551 1269 634 plebani
1294 552 1333 614 de
1358 552 1415 613 Za·

151 657 255 718 nabor
287 655 405 736 habita,
437 677 494 739 per
518 657 642 718 vicinos
674 671 704 718 et
737 657 974 719 commissarios
1005 657 1081 721 dicti
1113 656 1250 719 condam
1283 656 1416 739 Georgii

151 761 360 845 Pechathnyk
387 782 423 824 ac
454 754 633 824 daciatores
665 763 905 825 communitatis
936 778 1048 842 certos,
1072 763 1158 844 juxta
1189 776 1337 826 contenta
1362 765 1415 825 lta·

150 869 234 930 terni
260 869 358 931 nostri
384 868 542 949 judicialis
567 870 759 948 communis,
785 884 831 931 est
863 889 922 951 pro
946 883 1032 932 certa
1055 870 1265 952 pecuniarum
1290 869 1415 951 quanti·

151 989 217 1037 tate
242 975 415 1037 Valentino
447 975 514 1037 filio
547 974 695 1057 Gregorii
721 996 806 1037 novo
841 977 965 1038 concivi
997 990 1106 1038 nostro
1131 976 1259 1038 vendita
1284 990 1314 1038 et
1345 995 1414 1058 per-

150 1096 291 1166 petuata.

260 1189 338 1251 ltem
363 1189 503 1271 quedam
528 1189 645 1250 domus
668 1190 764 1250 simul
782 1208 854 1250 cum
880 1187 982 1250 fundo
1006 1201 1037 1250 et
1060 1186 1215 1250 hedificiis
1232 1187 1263 1249 in
1288 1187 1414 1250 civitate

150 1298 234 1358 inter
259 1296 374 1358 domos
398 1310 429 1357 et
454 1295 571 1357 fundos
596 1297 770 1357 liberorum
796 1295 934 1357 condam
960 1295 1088 1380 Mathye
1112 1295 1188 1356 dicti
1214 1293 1415 1374 Mozlauech,

150 1405 191 1465 ab
216 1422 280 1464 una
304 1417 403 1484 parte,
431 1406 470 1464 ab
495 1403 594 1463 altera
618 1422 694 1464 vero
726 1403 875 1463 similiter
897 1402 1072 1464 liberorum
1105 1401 1242 1463 condam
1266 1401 1349 1463 Petri
1374 1401 1414 1462 de

150 1510 233 1572 ultra
259 1510 364 1587 Zeus,
390 1524 420 1571 et
444 1511 483 1570 ab
508 1509 659 1571 anteriori
686 1523 773 1591 parte
799 1509 885 1589 juxta
918 1508 1052 1569 domum
1078 1522 1108 1570 et
1133 1506 1269 1570 fundum
1294 1508 1412 1570 libero-

150 1636 222 1678 rum
255 1616 392 1678 condam
418 1616 502 1677 lwan
535 1616 609 1677 dicti
636 1615 776 1677 Golozlo
811 1616 929 1693 habita,
962 1635 1058 1677 unam
1093 1629 1238 1697 quartam
1264 1615 1349 1677 curie
1381 1614 1415 1675 in

149 1743 184 1784 se
208 1723 388 1801 continens,
427 1742 498 1784 cum
531 1723 596 1783 suis
627 1723 831 1802 pertinenciis
855 1722 1011 1782 universis
1044 1722 1136 1783 Petro
1161 1720 1322 1802 lutifigulo
1346 1718 1414 1782 filio

150 1827 304 1913 Gyutgek
330 1829 404 1890 dicti
431 1827 561 1889 Werich
595 1848 680 1889 novo
718 1829 841 1888 concivi
876 1842 995 1907 nostro,
1029 1848 1084 1910 per
1109 1826 1285 1908 Georgium
1311 1824 1413 1888 filium

148 1935 306 1997 Anthonii
332 1934 464 1996 Werich
491 1932 592 1995 lilium
625 1931 729 1996 fratris
752 1935 801 1995 sui
824 1949 869 1996 est
887 1935 1001 2017 partim
1027 1934 1154 1996 vendita
1178 1949 1209 1995 et
1224 1933 1340 2016 partim
1356 1932 1413 1994 do·

149 2056 224 2103 nata
249 2055 280 2104 et
304 2040 545 2123 privilegialiter
571 2054 755 2122 perpetuata
781 2055 936 2123 perpetuo
960 2040 1163 2123 possidenda.

258 2148 335 2209 ltem
359 2147 549 2209 Valentinus
573 2146 657 2208 filius
681 2162 712 2208 et
737 2148 841 2209 lwana
867 2147 975 2209 relicta
1004 2146 1140 2209 condam
1165 2146 1250 2208 Petri
1275 2145 1314 2207 de
1339 2144 1411 2228 Gay

149 2254 315 2337 quandam
340 2254 475 2314 domum
499 2273 610 2314 eorum
644 2273 716 2314 cum
742 2252 843 2314 fundo
877 2268 907 2315 et
938 2252 1094 2315 hedificiis
1118 2254 1150 2314 in
1182 2253 1253 2314 vico
1278 2251 1414 2313 civitatis

149 2381 206 2422 seu
231 2361 334 2442 platea
353 2359 605 2421 Theuthonicali
624 2360 706 2420 inter
723 2359 838 2420 domos
862 2374 892 2421 et
911 2358 1028 2420 fundos
1046 2359 1190 2420 barnabe
1206 2356 1264 2419 filii
1281 2357 1410 2419 Andree

149 2483 180 2529 et
205 2467 288 2528 lwan
322 2466 361 2528 de
394 2465 552 2528 Grathsan
579 2465 731 2544 habitam,
765 2486 860 2527 unam
898 2481 1044 2548 quartam
1075 2465 1161 2527 curie
1194 2465 1225 2526 in
1250 2485 1284 2526 se
1310 2464 1410 2526 conti·

149 2586 290 2650 nentem,
314 2591 387 2632 cum
412 2572 477 2632 suis
509 2572 715 2653 pertinenciis
750 2572 859 2633 Marco
891 2571 1042 2633 Zwechar
1073 2570 1140 2633 filio
1166 2570 1330 2632 Benedicti
1353 2589 1412 2653 pro

147 2682 249 2743 tribus
274 2679 343 2741 flor.
367 2679 436 2740 auri
461 2678 676 2740 vendiderunt
700 2694 856 2760 perpetuo
880 2677 1120 2760 possidendam.

255 2785 331 2846 ltem
350 2785 489 2867 quedam
516 2785 632 2847 domus
649 2799 679 2847 et
704 2784 822 2846 fundus
846 2786 877 2846 in
896 2785 1022 2847 civitate
1040 2784 1181 2868 predicta
1198 2784 1280 2846 inter
1296 2783 1412 2845 domos

147 2908 179 2955 et
203 2891 322 2955 fundos
346 2892 425 2953 olim
453 2892 616 2954 Benedicti
635 2891 717 2970 ruffi,
740 2906 948 2953 truncantem
967 2892 1050 2954 Petri
1068 2891 1162 2971 jurati
1186 2891 1262 2953 dicti
1279 2891 1411 2974 Zablya,

148 3000 188 3061 ab
216 3018 289 3077 una,
314 3013 344 3060 et
368 3013 456 3080 parte
480 3001 520 3059 ab
545 2998 642 3059 altera
661 2998 839 3060 Clementis
863 2997 994 3059 cultoris
1018 3012 1048 3059 et
1071 2998 1246 3059 liberorum
1271 2997 1410 3058 condam

150 3106 280 3168 Thome
314 3104 532 3165 Pewchewich
566 3104 690 3183 habita,
723 3124 779 3186 per
818 3104 953 3166 condam
987 3104 1197 3166 Benedictum
1229 3102 1410 3165 carnificem

149 3212 252 3274 lilium
279 3211 408 3272 Martini
434 3212 547 3288 Zenar‚
566 3211 705 3271 mediam
730 3211 851 3272 curiam
870 3212 901 3272 in
926 3231 960 3272 se
984 3211 1162 3288 continens,
1187 3210 1326 3272 Martino
1343 3208 1410 3271 filio

150 3317 283 3397 Georgii
309 3331 355 3378 est
379 3317 507 3378 vendita
532 3331 562 3376 et
587 3317 827 3399 privilegialiter
851 3331 1048 3400 perpetuata.

255 3424 332 3486 ltem
359 3423 444 3484 idem
470 3423 626 3484 Martinus
650 3421 734 3484 filius
760 3422 905 3505 Georgii,
937 3424 1090 3486 directam
1115 3438 1146 3486 et
1170 3424 1318 3505 equalem
1343 3441 1409 3484 me·

147 3533 299 3592 dietatem
325 3530 469 3591 eiusdem
495 3528 585 3590 fundi
619 3543 742 3612 partem
771 3530 921 3592 videlicet
953 3531 1162 3612 posteriorem
1187 3549 1260 3591 cum
1285 3548 1409 3591 camera

147 3658 203 3699 seu
228 3637 327 3698 domo
353 3637 448 3697 unius
480 3655 615 3714 camere,
646 3656 742 3696 unam
776 3652 921 3717 quartam
947 3638 1033 3699 curie
1065 3637 1097 3697 in
1122 3657 1154 3697 se
1179 3636 1409 3714 continentem,

149 3746 235 3806 Luce
259 3742 328 3805 lilio
353 3744 478 3807 Nicolai
505 3763 562 3825 pro
588 3743 727 3823 quadam
752 3744 844 3804 vinea
870 3763 924 3804 seu
953 3743 1071 3804 vineali
1096 3743 1248 3825 porcione
1273 3760 1410 3824 suaper

147 3851 281 3912 modum
307 3850 557 3932 permutacionis
582 3863 613 3910 et
644 3849 824 3910 concambii
856 3849 996 3911 dedisset
1027 3863 1058 3911 et
1085 3849 1283 3928 contulisset,
1307 3848 1408 3909 immo

147 3958 236 4019 dedit
261 3971 291 4019 et
315 3958 451 4018 contulit
475 3970 631 4038 perpetuo
660 3956 898 4037 possidendam.

252 4062 329 4126 Item
355 4065 511 4126 medietas
544 4063 709 4124 cuiusdam
742 4063 858 4124 domus
891 4078 920 4124 et
944 4059 1035 4124 fundi
1068 4082 1103 4124 ac
1128 4059 1350 4123 hedifieiorum
1376 4061 1406 4121 in

146 4172 275 4233 civitate
300 4171 383 4233 inter
407 4171 522 4231 domos
547 4184 577 4230 et
610 4168 727 4229 fundos
759 4170 871 4231 Jacobi
898 4171 1029 4253 Konyar
1060 4184 1090 4230 et
1115 4167 1281 4230 Michaelis
1304 4168 1408 4229 barbi-

146 4278 286 4340 tonsoris
310 4277 493 4339 habitorum
519 4289 548 4337 et
570 4278 790 4353 existendum,
808 4296 904 4337 unam
930 4276 1078 4337 videlicet
1095 4288 1241 4357 quartam
1266 4275 1352 4336 curie
1375 4275 1406 4335 in

146 4406 179 4445 se
203 4384 381 4462 continens,
407 4398 489 4445 recta
523 4384 642 4443 scilicet
667 4398 697 4444 et
729 4383 854 4464 equalis
878 4403 950 4444 cum
975 4383 1040 4443 suis
1073 4381 1296 4464 pertinenciis;
1332 4381 1406 4441 item

147 4491 288 4574 quedam
320 4491 474 4573 particula
509 4490 642 4549 vinealis
674 4510 730 4550 seu
771 4490 913 4571 plantula
947 4489 1044 4570 vulgo
1075 4489 1184 4570 odltop
1216 4501 1409 4569 nuncupata,

148 4600 229 4660 inter
253 4599 363 4660 vineas
388 4598 563 4658 liberorum
589 4597 724 4657 condam
752 4596 952 4657 Jalsabethlte
979 4610 1009 4657 et
1032 4595 1193 4656 Valentini
1218 4592 1274 4655 filii
1301 4593 1406 4674 Egidii

146 4703 204 4766 lilii
230 4703 389 4766 Janchech
414 4704 532 4781 habita,
556 4703 692 4784 desuper
717 4723 732 4763 a
758 4704 807 4763 via
826 4723 940 4784 magna
966 4718 995 4764 et
1013 4702 1177 4764 communi
1202 4699 1282 4761 inira
1306 4718 1408 4780 usque

148 4811 289 4873 rivulum
316 4831 348 4871 se
374 4810 559 4888 extendens,
593 4830 664 4870 curn
698 4810 762 4870 suis
795 4810 999 4893 pertinenciis
1023 4814 1115 4872 Anne
1142 4807 1266 4872 mulieri
1299 4807 1407 4875 relicte
