3142 5356
221 512 261 573 30
592 492 678 551 Anno
701 488 797 570 1484.
824 526 865 535 —
890 507 916 551 1.
941 493 1115 566 septembris.

218 719 381 786 receperat
404 705 470 786 ipse
497 704 610 766 Gallus
634 704 801 788 Kudelycz
823 704 950 766 cuidam
976 705 1092 766 ancille
1109 704 1264 765 servitrici
1289 703 1404 786 prefati
1423 705 1487 765 Va-

218 811 331 872 lentini
356 811 483 890 sutoris,
507 811 612 893 ipsum
644 810 776 872 vadium
809 811 894 893 apud
922 831 955 873 se
988 823 1186 889 reservasset,
1222 809 1309 892 quod
1335 830 1400 871 non
1426 810 1485 870 de-

219 918 308 980 derat
324 917 364 979 ad
383 938 497 979 manus
513 917 629 1000 judicis
652 938 710 980 nec
727 917 922 997 juratorum
947 918 1162 998 iuramentum
1179 931 1286 978 autem
1309 916 1405 979 habet
1429 917 1486 979 de·

219 1043 339 1106 ponere
364 1023 396 1084 in
421 1044 475 1085 ara
499 1037 605 1085 sancte
630 1023 754 1102 Crucis,
776 1024 853 1087 dum
879 1024 1005 1105 jurabit,
1022 1024 1212 1086 Valentinus
1235 1036 1324 1085 autor
1347 1023 1486 1085 convin-

220 1143 308 1191 cetur
331 1129 363 1191 in
389 1130 536 1212 potencia
561 1144 672 1192 contra
705 1130 809 1212 ipsum
840 1130 971 1192 Gallum
1004 1129 1092 1211 quod
1118 1129 1149 1190 in
1182 1129 1313 1211 proprio
1337 1128 1485 1210 dampno

219 1255 275 1296 seu
299 1235 390 1297 milio
407 1234 548 1318 prelatus
573 1235 687 1298 Gallus
710 1250 872 1319 receperat
896 1237 1027 1297 vadium
1053 1236 1111 1318 ipsi
1130 1235 1257 1313 ancille,
1281 1235 1379 1297 etsie
1404 1254 1486 1296 con·

220 1342 365 1403 vincetur
389 1342 456 1424 ipse
480 1342 671 1404 Valentinus
694 1343 726 1404 in
751 1344 900 1425 potencia
925 1356 1034 1404 contra
1059 1343 1165 1424 ipsum
1191 1341 1333 1404 Gallum.

328 1447 406 1510 ltem
431 1449 463 1509 in
489 1468 582 1510 causa
607 1449 689 1511 inter
705 1449 914 1511 Valentinum
931 1463 1073 1510 sutorem
1098 1463 1128 1509 et
1150 1447 1281 1510 Gallum
1307 1446 1489 1531 Kudelycz‚

222 1554 310 1635 quod
335 1552 449 1616 famuli
474 1555 573 1637 ipsius
589 1555 752 1617 Valentini
778 1556 895 1617 sutoris
914 1556 1123 1617 vadiaverant
1141 1575 1242 1636 equos
1266 1553 1380 1637 prefati
1398 1553 1489 1616 Galli

223 1660 400 1743 Kudelycz,
425 1660 544 1722 habent
567 1660 784 1741 juramentum
816 1661 979 1744 deponere
1008 1663 1063 1729 sic.
1089 1662 1178 1743 quod
1210 1663 1242 1723 in
1266 1661 1399 1744 proprio
1431 1682 1491 1743 pa·

222 1766 300 1828 bulo
331 1767 430 1848 ipsius
461 1767 625 1829 Valentini
657 1767 854 1850 reperierant
886 1769 972 1850 ipsos
1005 1788 1127 1850 equos,
1162 1768 1317 1830 solusmet
1349 1767 1493 1849 quilibet

223 1873 385 1953 ipsorum;
409 1872 494 1933 idem
514 1871 629 1935 Gallus
652 1873 818 1935 convictus
842 1871 972 1936 infacto
990 1875 1137 1956 potencie
1162 1888 1270 1936 contra
1296 1874 1401 1955 ipsum
1425 1873 1492 1935 Va·

224 1978 394 2057 lentinum,
418 1980 494 2060 quia
519 1980 701 2061 potenciam
731 1982 920 2043 nominabat
953 1981 1077 2060 Gallus,
1109 1982 1252 2042 seniores
1283 1980 1493 2061 adjudicave-

224 2101 297 2148 runt
320 2089 513 2169 supradicta.
