3142 5356
215 503 255 587 36
584 494 787 578 Anno1485.
810 532 854 544 -
876 512 929 559 20.
952 495 1111 556 decembris.

214 715 316 780 filium
342 715 518 779 meretricis
542 727 573 776 et
596 731 727 774 uxorem
752 729 843 772 suam
865 708 1079 786 meretricem,
1104 706 1178 768 ideo
1204 702 1385 786 Stephanus
1409 702 1480 763 lite-

215 839 300 886 ratus
324 825 419 885 debet
442 824 599 905 aprobare
623 819 711 901 quod
736 818 804 900 ipse
828 831 909 878 esset
925 815 1010 878 filius
1033 814 1209 878 meretricis
1233 827 1264 874 et
1289 832 1369 874 uxor
1397 810 1486 872 eius·

220 931 294 992 dem
319 930 479 1008 meretrix,
504 928 543 989 ad
569 925 712 988 futurum
736 924 876 1007 primum
895 923 1063 1004 judicium.

322 1036 400 1098 item
427 1055 519 1097 causa
545 1035 627 1096 inter
659 1032 846 1094 Katarinam
877 1030 976 1092 filiam
1009 1029 1147 1092 condam
1173 1027 1313 1090 Emerici
1339 1025 1486 1088 Trakula

216 1143 291 1206 dicti
316 1163 352 1204 ac
377 1161 511 1205 uxorem
537 1140 667 1202 Martini
684 1139 802 1201 literati
827 1138 867 1200 de
885 1137 1028 1200 Abbacia
1045 1157 1081 1198 ac
1106 1136 1188 1198 inter
1212 1154 1344 1196 uxorem
1363 1132 1485 1195 Valen-

217 1251 275 1312 tini
301 1249 481 1312 Continsak
506 1248 635 1309 racione
660 1246 899 1328 possessionum
932 1242 1044 1326 prefati
1074 1243 1212 1305 condam
1238 1241 1377 1304 Emerici
1402 1240 1487 1300 Tra-

216 1357 290 1419 kula
315 1355 413 1439 patris
438 1353 561 1437 prefate
586 1355 738 1416 Katarine
762 1350 828 1414 filie
853 1351 1008 1430 eiusdem,
1033 1351 1121 1431 quod
1147 1349 1233 1411 idem
1259 1368 1340 1410 uxor
1363 1346 1485 1408 Valen-

215 1463 273 1526 tini
300 1464 416 1525 debeat
443 1462 519 1523 dare
544 1462 751 1523 medietatem
776 1460 903 1537 domus,
928 1459 1019 1519 vinee
1044 1471 1075 1520 et
1099 1456 1218 1538 (h)orti.

413 1679 508 1753 Faria
539 1679 645 1753 tercia
672 1678 706 1751 in
733 1680 852 1769 vigilia
880 1680 972 1750 beati
1001 1677 1127 1749 Thone
1156 1676 1313 1765 apostoli.

713 1835 779 1907 (20.
803 1833 977 1906 decembris).

322 1975 399 2037 Item
424 1995 517 2036 causa
535 1975 616 2036 inter
641 1975 775 2037 Paulum
794 1973 993 2036 aurifabrum
1012 1989 1042 2036 et
1060 1974 1239 2036 Johannem
1267 1972 1485 2054 Soldinarych

219 2083 347 2144 racione
365 2081 580 2164 quorumdam
606 2082 705 2142 boum
733 2082 931 2163 recepcionis
947 2081 987 2142 de
1005 2082 1091 2143 curia
1117 2081 1261 2142 eiusdem
1289 2079 1379 2141 Pauli
1397 2081 1488 2141 auri·

219 2186 299 2250 fabri
326 2187 440 2268 judicis
464 2206 503 2249 eo
526 2201 683 2269 tempore,
708 2202 738 2248 et
762 2188 848 2248 idem
882 2187 1044 2250 Johannes
1077 2187 1289 2271 Soldinarych
1314 2187 1411 2247 debet
1436 2207 1487 2248 re·

219 2294 378 2376 spondere
403 2294 509 2356 eidem
534 2293 635 2354 Paulo
660 2291 820 2356 aurifabro
845 2294 885 2355 ad
910 2295 1048 2376 primum
1079 2293 1222 2355 futurum
1247 2293 1415 2373 judicium.

325 2399 402 2462 Item
430 2401 461 2461 in
495 2419 588 2461 causa
623 2400 776 2462 Demetrii
811 2400 891 2462 Sicci
929 2415 960 2462 et
992 2402 1146 2462 Jacobum
1179 2416 1320 2462 sutorem
1354 2400 1486 2461 racione

220 2507 386 2569 cuiusdam
411 2507 514 2586 vinee,
539 2525 636 2587 quam
665 2507 791 2568 vineam
825 2507 1013 2568 vendiderat
1046 2507 1181 2569 honesta
1213 2507 1329 2568 mulier
1354 2507 1482 2588 Marga-

219 2613 307 2675 retba
332 2613 497 2697 Veryczna
521 2612 605 2673 dicta
630 2612 759 2674 cuidam
777 2613 911 2690 homini,
934 2614 1116 2676 Demetrius
1132 2628 1239 2676 autem
1258 2614 1339 2675 Sicci
1365 2629 1484 2676 aresta-

221 2733 310 2782 verat
333 2719 468 2781 eandem
486 2719 613 2780 vineam
631 2738 694 2800 qua
712 2719 846 2795 vicinus,
863 2739 901 2781 ex
925 2740 991 2803 quo
1008 2741 1082 2782 eum
1100 2722 1202 2802 magis
1218 2723 1486 2800 concernebatur‚

219 2846 317 2909 quam
349 2838 468 2888 serarat
499 2828 581 2887 bene
612 2827 703 2907 quasi
735 2846 791 2908 per
823 2827 905 2889 duos
937 2848 1038 2889 annos
1063 2844 1092 2889 et
1124 2828 1250 2889 nullum
1275 2826 1415 2890 fructum
1442 2831 1483 2890 ab

221 2933 296 2994 inde
322 2932 451 3014 recepit,
484 2932 583 2993 modo
607 2946 714 2993 autem
747 2933 885 2995 Jacobus
914 2948 1015 2996 sartor
1047 2935 1078 2994 in
1103 2953 1239 3015 persona
1273 2934 1403 2995 illorum
1437 2935 1486 3014 ju-

220 3058 339 3100 venum
364 3036 505 3099 filiorum
531 3037 674 3100 eiusdem
693 3038 837 3100 mulieris
862 3053 893 3102 et
909 3040 1058 3101 arestavit
1075 3040 1214 3118 vineam,
1238 3039 1331 3120 jurati
1357 3038 1486 3120 adjudi-

220 3159 382 3222 caverunt,
406 3144 492 3206 idem
518 3143 700 3206 Demetrius
733 3145 814 3206 Sicci
841 3145 937 3208 debet
968 3146 1182 3227 juramentum
1216 3146 1379 3228 deponere
1404 3143 1485 3207 feria

220 3264 306 3313 sexta
332 3251 413 3311 inter
436 3265 566 3312 octavas
590 3251 843 3332 Epiphaniarum
863 3252 995 3314 Domini
1020 3272 1116 3334 super
1132 3272 1220 3314 aram
1245 3268 1350 3313 sancte
1369 3250 1486 3313 Crucis

221 3377 316 3439 super
340 3376 390 3435 e0,
415 3370 571 3438 quantum
597 3357 664 3438 ipse
688 3358 836 3439 exposuit
859 3359 899 3419 ad
924 3360 1059 3420 eandem
1078 3359 1205 3420 vineam
1228 3373 1259 3420 et
1283 3359 1379 3420 debet
1394 3359 1486 3419 satis·

221 3461 325 3525 facere
349 3463 409 3544 ipsi
427 3463 566 3524 Jacobus
584 3477 703 3539 sartor3
728 3464 815 3525 idem
840 3465 978 3526 Jacobus
994 3479 1095 3527 sartor
1120 3465 1302 3527 inhibuerat
1326 3465 1484 3546 quasdam

221 3570 361 3647 arbores,
387 3569 452 3650 ipse
478 3569 562 3629 idem
588 3569 648 3630 sibi
673 3570 768 3631 debet
792 3573 926 3648 remitti;
952 3573 1089 3634 eandem
1114 3592 1241 3634 causam
1266 3571 1408 3655 prefatus
1434 3573 1488 3634 Ja-

221 3676 321 3737 cobus
344 3676 383 3736 ad
407 3676 549 3736 seniores
573 3675 759 3757 appellavit.

328 3781 405 3842 Item
431 3801 525 3842 causa
558 3781 640 3842 inter
664 3781 872 3845 Dominicum
902 3785 1078 3869 Perowych
1110 3799 1141 3848 et
1165 3786 1346 3848 Johannem
1379 3786 1489 3848 Soldi-

222 3887 341 3970 narych
365 3888 493 3949 racione
519 3887 731 3968 quarumdam
758 3889 938 3972 met(ar)um
959 3892 1185 3973 aprobacione‚
1211 3893 1297 3954 idem
1323 3892 1491 3957 Johannes

223 3994 425 4056 Soldinarich
450 4013 523 4056 cum
548 3994 695 4076 promisit
718 4016 750 4057 se
775 3998 923 4079 aprobari
948 3999 1121 4060 literatorie
1146 4012 1178 4060 et
1200 4000 1274 4060 vivo
1299 3999 1491 4064 testimonio

223 4100 351 4161 easdem
376 4115 475 4162 metas
499 4100 538 4160 ad
563 4099 704 4181 primum
729 4098 871 4164 futurum
896 4102 1062 4183 judicium.
