3142 5356
529 1287 658 1388 (Anno
685 1285 841 1374 Domini
868 1282 1193 1384 nccoofflfl.)

231 1607 267 1683 ln
296 1609 439 1683 nomine
468 1606 624 1682 Domini.
655 1604 782 1682 Amen.
819 1607 923 1682 Anno
952 1604 1162 1682 Nativitatis
1192 1604 1355 1680 eiusdem
1383 1605 1496 1680 mille-

233 1733 324 1807 simo
353 1728 709 1831 quadringentesimo
746 1730 929 1806 tricesimo
967 1730 1139 1820 secundo
1168 1729 1202 1804 in
1241 1728 1339 1804 festo
1362 1729 1504 1804 scilicet

235 1853 492 1930 Conversionis
529 1854 626 1930 beati
665 1854 765 1930 Pauli
799 1855 979 1954 apostoli,
1017 1863 1183 1953 tempore
1216 1851 1399 1951 judicatus
1440 1854 1504 1928 viri

233 1979 370 2077 providi
401 1987 439 2053 et
468 1978 716 2078 circumspecti
754 1976 894 2053 Nicolai
927 1977 1056 2076 judicis
1089 1979 1204 2052 nostri
1240 1977 1415 2068 modemi‚
1445 1975 1503 2051 titii

232 2101 260 2176 F
263 2103 391 2197 abiani,
410 2126 560 2202 presens
580 2111 743 2178 nostrum
760 2104 947 2178 katernum
972 2125 1159 2178 commune
1179 2111 1239 2176 est
1258 2101 1502 2200 conscriptum

232 2250 341 2325 super
368 2227 633 2325 registracione
663 2251 726 2301 seu
760 2227 1042 2326 consignacione
1076 2226 1259 2301 literarum
1296 2235 1503 2300 nostrarum

232 2349 504 2449 privilegialium
533 2372 642 2449 super
678 2350 972 2450 possessionibus
1002 2352 1036 2425 in
1079 2350 1226 2425 civitate
1265 2349 1431 2449 predicta
1468 2357 1506 2424 et

233 2473 309 2548 eius
341 2473 525 2549 territorio
545 2473 687 2565 habitis,
707 2498 772 2574 pro
797 2483 901 2574 parte
921 2475 1047 2550 civium
1074 2480 1112 2549 et
1135 2472 1379 2548 habitatorum
1411 2473 1502 2548 eius-

233 2597 313 2672 dem
343 2597 497 2672 civitatis
528 2597 773 2673 confectarum
802 2607 839 2673 et
868 2607 1115 2673 emanatarum
1143 2620 1208 2696 pro
1238 2597 1367 2672 maiori
1396 2597 1501 2672 certi·

557 2721 679 2800 tudine
709 2731 746 2797 et
774 2720 916 2821 refugio
947 2721 1165 2797 eorumdem.
1208 2818 1214 2833 ι

742 2933 804 3011 (25.
820 2935 981 3010 januarir).

342 3073 419 3135 item
444 3086 510 3134 tota
535 3072 749 3135 communitas
774 3073 969 3134 unanimiter
1000 3073 1163 3155 quendam
1190 3071 1325 3134 fundum
1355 3092 1500 3135 commu·

237 3200 310 3241 nem
343 3181 375 3240 in
407 3180 478 3243 vico
512 3181 611 3262 ipsius
652 3179 788 3241 civitatis
821 3180 969 3241 exteriori
1000 3179 1254 3261 lutifigulorum‚
1287 3179 1371 3242 inter
1401 3180 1500 3242 aliurn

235 3283 371 3348 fundum
391 3305 597 3348 communem
615 3305 632 3346 a
656 3285 910 3367 septemtrionali
928 3286 1033 3366 plaga,
1055 3306 1072 3347 a
1090 3284 1294 3346 meridionali
1313 3305 1391 3346 vero
1410 3286 1499 3368 plage

239 3392 319 3453 inter
344 3390 479 3451 fundum
498 3391 626 3452 Tborne
654 3390 784 3453 sartoris
809 3390 965 3469 habitum,
986 3391 1116 3453 racione
1134 3411 1198 3453 non
1224 3390 1402 3453 solucionis
1417 3405 1499 3454 tara·

234 3516 305 3558 rum
330 3510 360 3558 et
376 3496 514 3557 aliorum
532 3496 715 3560 debitorum
734 3511 765 3560 et
780 3513 1039 3579 opportunorum
1056 3498 1277 3576 servitiorum,
1301 3516 1398 3580 super
1414 3517 1498 3560 corn·

234 3603 389 3664 munitate
421 3603 621 3682 devolutum,
652 3624 747 3665 unam
780 3618 925 3686 quartam
951 3604 983 3664 in
1008 3623 1041 3664 se
1075 3604 1308 3682 continentem,
1333 3622 1406 3665 cum
1432 3604 1495 3665 suis

237 3709 443 3791 pertinenciis
467 3709 596 3770 Tborne
622 3709 690 3770 filio
715 3711 806 3771 Pauli
834 3708 890 3770 filii
918 3711 1083 3788 Demetrii,
1118 3709 1182 3790 jam
1206 3729 1293 3771 novo
1318 3711 1443 3772 concivi
1468 3723 1495 3771 et

237 3835 294 3897 per
318 3835 391 3876 eum
416 3815 481 3875 suis
512 3814 683 3877 heredibus
713 3836 771 3898 pro
796 3816 924 3877 duobus
956 3816 1025 3878 flor.
1057 3817 1125 3877 auri
1156 3836 1194 3878 ex
1219 3835 1378 3878 consensu
1404 3815 1495 3879 vicini

235 3922 370 4003 predicti
394 3921 539 3982 vendidit
564 3935 719 4004 perpetuo
745 3922 987 4003 possidendum.

342 4029 418 4089 Item
438 4029 556 4090 Paulus
580 4029 725 4090 literatus
742 4029 826 4090 filius
849 4029 978 4091 Thome
996 4031 1070 4091 dicti
1091 4031 1155 4091 Bon
1182 4031 1346 4112 quandam
1365 4032 1494 4095 domurn

235 4136 331 4196 simul
357 4155 428 4196 cum
455 4133 555 4196 fundo
581 4149 611 4196 et
636 4134 792 4196 hedificiis
824 4136 856 4196 in
890 4137 1017 4198 civitate
1042 4136 1184 4218 predicta
1217 4137 1300 4199 inter
1323 4137 1442 4200 domos
1472 4150 1498 4198 et

237 4240 355 4302 fundos
378 4242 507 4302 Martini
532 4243 571 4302 ab
597 4262 670 4319 una,
700 4255 731 4302 et
747 4256 835 4323 parte
859 4243 899 4303 ab
924 4244 1021 4304 altera
1041 4243 1195 4304 Demetrii
1216 4243 1293 4306 dicti
1320 4243 1429 4307 Sebko
1446 4242 1497 4306 filii

238 4347 358 4408 Vrbani
383 4347 536 4426 habitam,
561 4368 658 4409 unam
691 4362 838 4428 quartam
864 4349 895 4409 in
913 4369 945 4409 se
971 4349 1200 4427 continentem,
1225 4368 1297 4411 curn
1323 4351 1391 4412 suis
1407 4351 1497 4434 perti·

237 4453 359 4514 nenciis
383 4453 487 4514 eidem
522 4454 685 4515 Demetrio
718 4473 755 4514 ex
787 4474 943 4516 consensu
973 4453 1086 4536 prefati
1119 4455 1249 4516 Martini
1274 4475 1333 4538 pro
1359 4457 1499 4539 quinque

237 4558 305 4623 flor.
331 4572 361 4620 et
384 4559 545 4639 sexaginta
569 4560 808 4621 wiennensibus
833 4560 978 4622 vendidit
1002 4574 1158 4642 perpetuo
1182 4561 1425 4643 possidendam.

344 4665 421 4726 Item
447 4665 598 4726 dominus
622 4666 806 4727 Anthonius
838 4666 998 4746 quandam
1033 4666 1168 4728 domurn
1193 4679 1283 4730 suam
1307 4669 1406 4732 simul
1430 4688 1499 4732 curn

237 4772 337 4835 fundo
363 4786 393 4833 et
418 4771 535 4832 celario
561 4784 591 4833 et
615 4770 772 4833 hedificiis
797 4773 877 4833 inter
901 4773 1016 4834 domos
1040 4786 1072 4834 et
1101 4773 1220 4836 fundos
1243 4774 1423 4839 liberorum
1447 4795 1501 4839 seu
