3142 5356
157 106 214 168 188
542 110 626 166 Anno
650 120 741 183 1509.
766 140 809 150 -
832 117 881 182 27.
905 105 1019 178 aprilis.

257 319 363 382 Causa
397 319 487 381 Hans
519 319 650 402 pictoris
682 317 835 400 (racione)
866 317 1033 378 cuiusdam
1063 312 1153 375 fundi
1186 310 1331 373 eiusdem
1366 309 1451 369 lo·-

152 424 268 487 hannia
301 427 432 508 pictoris
456 440 487 488 et
519 427 637 505 literas,
670 426 755 487 idem
789 425 879 486 Hans
908 444 944 484 ex
976 423 1127 484 mandato
1160 419 1286 481 domini
1319 414 1451 478 nostri

151 530 359 593 illustrissimi
383 551 447 593 non
463 533 612 593 benivole
630 532 732 593 tocius
754 530 1008 606 communitatis,
1025 528 1086 590 sibi
1105 527 1212 588 literas
1237 524 1305 585 dari
1323 536 1451 605 super:

151 638 290 700 eundern
316 637 465 717 fundum,
489 638 582 720 jurati
608 641 653 699 sic
681 637 958 715 adjudicaverunt,
990 637 1015 697 si
1040 653 1116 695 vero
1141 633 1245 694 dictus
1271 631 1364 692 Hans
1386 643 1451 690 se

151 745 362 827 spoponderit
385 766 480 828 super
504 746 644 807 eundem
670 745 807 806 fundum
836 745 943 805 denuo
976 744 1091 805 domos
1115 737 1275 816 edificare,
1302 752 1451 800 extunc:

150 850 276 928 habeat,
301 851 325 911 si
359 868 463 913 autern
498 872 563 914 non
591 852 731 913 voluerit
762 850 921 928 edificare,
944 850 1016 911 ideo
1048 848 1198 909 volumus
1222 846 1313 906 alteri
1340 845 1451 905 dara

151 957 263 1037 quise
287 959 469 1040 spopondet
493 959 627 1019 domum
654 956 802 1020 edificare
828 976 923 1038 super
948 955 1097 1017 eundem.

257 1062 362 1125 Causa
387 1065 468 1126 inter
494 1064 673 1147 Georgium
691 1065 843 1126 colonum
868 1062 1011 1125 Bradach
1029 1077 1059 1123 et
1076 1063 1211 1123 alterum
1237 1057 1440 1138 Georgium.

150 1168 346 1252 Pahwthych
372 1171 411 1232 de
437 1172 597 1255 Pobresya
622 1171 752 1233 racione
777 1184 807 1231 et
839 1183 985 1252 pretextu
1010 1168 1217 1229 servitiorum
1242 1183 1379 1225 suorum
1402 1182 1431 1223 a

152 1274 338 1355 quindecim
363 1277 456 1338 annis
487 1278 606 1358 quibus
638 1277 778 1337 eundem
810 1277 992 1338 servivisset
1028 1288 1058 1335 et
1090 1272 1186 1334 nichil
1212 1271 1320 1332 eidem
1356 1271 1434 1331 sol-

149 1382 255 1460 visset,
280 1381 419 1463 prefatus
443 1404 519 1445 vero
545 1384 705 1465 Georgius
731 1382 924 1468 Pahwthych
957 1381 1138 1464 respondit:
1172 1380 1245 1441 licet
1268 1377 1426 1439 servierit

150 1485 229 1548 mihi
254 1502 360 1549 tamen
396 1490 518 1551 nullam
550 1491 805 1551 convencionem
837 1509 946 1550 secum
979 1487 1037 1550 feci
1071 1508 1108 1548 ex
1140 1505 1205 1568 quo
1230 1484 1419 1546 eundema

149 1594 291 1675 puericia
317 1595 449 1657 educavi
475 1609 505 1658 et
529 1616 815 1678 composueramus
848 1595 979 1657 insimul
1004 1609 1038 1656 ut
1061 1613 1188 1655 mecum
1213 1607 1361 1654 maneret
1387 1593 1421 1653 in

149 1699 301 1761 omnibus
325 1702 404 1762 meis
428 1715 583 1783 tanquam
607 1703 682 1781 suis,
707 1717 816 1765 tamen
849 1722 900 1763 me
925 1722 997 1764 cum
1031 1721 1130 1762 uxore
1154 1720 1210 1761 sua
1236 1698 1425 1760 inhonestis

150 1805 255 1866 verbis
279 1805 385 1869 affecit
408 1822 439 1870 et
463 1809 657 1890 vituperavit
681 1823 712 1871 et
736 1829 816 1870 uxor
840 1828 896 1869 sua
921 1808 1111 1886 verberavit,
1135 1819 1231 1888 prout
1254 1805 1317 1866 hoc
1343 1824 1419 1866 curn

148 1911 282 1973 testibus
306 1912 477 1996 fidedignis
500 1915 695 1977 sufficienter
727 1916 960 1998 comprobavit,
993 1929 1024 1976 et
1048 1915 1150 1976 eciam
1175 1912 1260 1974 idern
1288 1911 1435 1973 dicebat

149 2017 188 2077 de
212 2016 297 2080 furto
324 2040 382 2081 suo
400 2023 612 2103 quadraginta
631 2022 712 2100 flor,
735 2042 818 2103 quos
842 2022 974 2104 quidam
994 2020 1133 2082 famulus
1150 2039 1225 2080 suus
1249 2018 1426 2095 subtraxit,

149 2123 237 2203 quod
262 2124 323 2186 hoc
348 2125 474 2190 iecisset
497 2149 553 2210 per
585 2127 853 2190 informacionem
888 2129 994 2189 uxoris
1025 2147 1081 2189 sue
1106 2147 1143 2188 ex
1177 2145 1243 2207 quo
1268 2125 1339 2206 ipse
1373 2123 1425 2186 fa-

149 2230 256 2290 mulus
281 2234 414 2294 nescivit
439 2237 492 2296 ubi
519 2250 705 2317 reposuerat
729 2236 847 2296 dictam
881 2235 1062 2316 pecuniam,
1086 2233 1180 2314 jurati
1205 2231 1420 2312 adjudicave-

149 2350 233 2413 runt,
258 2340 344 2418 quod
370 2361 407 2401 ex
432 2361 497 2422 quo
530 2343 669 2403 eundem
704 2342 899 2424 Pahwtbych
933 2340 1140 2402 inhonoravit
1173 2355 1203 2400 et
1234 2338 1424 2400 verberavit

149 2441 248 2502 nichil
273 2443 368 2506 debet
391 2447 450 2507 sibi
475 2447 600 2508 solvere
633 2468 690 2529 pro
723 2449 864 2508 serviciis
896 2468 933 2507 ex
959 2466 1024 2527 quo
1050 2447 1081 2506 in
1114 2445 1226 2506 eadem
1251 2443 1354 2505 domo
1387 2457 1418 2504 et

149 2547 289 2610 sessione
314 2551 452 2613 eundem
486 2554 625 2629 dimisit;
656 2555 694 2613 de
729 2554 815 2614 furto
848 2569 954 2614 autem
979 2553 1067 2633 quod
1092 2571 1172 2613 uxor
1203 2550 1351 2611 eiusdem
1375 2549 1413 2610 ad

150 2665 298 2714 octavum
324 2656 408 2717 diem
435 2658 537 2735 jurare
563 2660 693 2720 debebit
714 2660 802 2740 quod
828 2679 900 2720 cum
926 2660 1007 2720 scitu
1024 2678 1082 2719 suo
1107 2655 1248 2739 prefatus
1273 2655 1413 2717 famulus

151 2756 254 2819 dictos
278 2763 489 2844 quadraginta
517 2765 585 2826 flor.
621 2786 684 2826 non
711 2767 829 2847 recepit
862 2785 967 2846 neque
1000 2763 1185 2825 informavit
1209 2762 1363 2839 eundem,
1387 2761 1411 2822 si

150 2861 300 2942 juraverit
320 2870 359 2929 ab
378 2869 508 2931 infamia
533 2873 769 2952 expurgabitur,
787 2874 811 2932 si
831 2892 906 2932 vero
922 2891 986 2932 non
1005 2870 1155 2950 juraverit
1178 2883 1254 2929 tunc
1279 2869 1411 2929 eosdem

150 2969 273 3030 solvere
305 2975 482 3051 tenebitur;
508 2977 547 3038 de
572 2997 637 3058 quo
661 2977 781 3057 jndicio
807 2980 899 3038 ambe
924 2990 1028 3058 partes
1052 2987 1201 3037 contente
1226 2989 1311 3035 sunt.

256 3077 340 3149 Quia
366 3081 507 3160 religiosi
533 3097 563 3143 et
588 3083 794 3144 honorabiles
820 3082 930 3144 fratres
955 3082 1117 3143 lohannes
1141 3094 1171 3142 et
1196 3079 1335 3141 Michael
1360 3100 1411 3141 or·

152 3180 236 3242 dinis
259 3185 358 3246 sancti
384 3187 544 3248 Dominici
572 3190 602 3249 in
627 3191 763 3250 claustro
784 3190 883 3250 sancti
902 3189 1025 3250 Nicolai
1044 3188 1200 3269 Zagrabie
1224 3184 1361 3249 fundato
1380 3200 1412 3248 et

151 3289 397 3372 circumspectus
422 3293 611 3356 Dominicus
643 3296 818 3377 Perowych
852 3296 955 3356 dictus
979 3296 1087 3356 senior
1118 3294 1212 3374 judex
1237 3307 1346 3355 noster
1378 3293 1409 3354 in

149 3395 224 3456 sede
248 3411 355 3458 nostra
380 3398 544 3478 judiciaria
570 3422 627 3482 pro
645 3403 796 3462 tribunali
822 3403 1008 3463 sedentibus
1032 3421 1138 3462 coram
1157 3401 1251 3461 nobis
1274 3413 1411 3481 utreque

149 3502 290 3581 parcium
317 3503 459 3565 confesse
484 3519 514 3566 et
540 3505 620 3567 fasse
645 3523 728 3585 sunt,
761 3509 848 3588 quod
883 3509 1030 3588 quamvis
1063 3508 1144 3568 inter
1168 3505 1299 3567 eosdem
1324 3519 1412 3567 certe

150 3604 308 3669 discordie
333 3623 363 3670 et
388 3612 518 3672 materie
543 3613 608 3673 litis
639 3629 768 3695 propter
797 3615 959 3695 quandam
992 3615 1105 3675 silvam
1131 3626 1238 3674 exorte
1263 3610 1410 3690 fuissent,

150 3712 182 3772 in
207 3713 282 3774 sede
306 3729 412 3776 nostra
438 3717 603 3795 judiciaria
628 3720 780 3781 ventilare
805 3741 841 3780 ac
859 3722 959 3780 eciam
985 3719 1123 3801 quedam
1149 3738 1243 3780 cause
1266 3717 1332 3779 litis
1357 3737 1412 3779 oc·

149 3820 276 3881 casione
301 3841 467 3901 processus
492 3824 522 3884 in
548 3824 622 3885 sede
649 3842 754 3887 nostra
780 3827 964 3888 evenientes
989 3840 1019 3888 et
1047 3840 1114 3887 orte
1140 3844 1246 3887 coram
1272 3824 1411 3885 domino

148 3925 268 3987 vicario
293 3927 424 3989 insede
455 3931 612 4010 spirituali
646 3947 731 3993 mote
764 3932 963 4013 diversisque
1000 3934 1081 3994 inter
1115 3932 1218 3993 dictos
1242 3931 1355 3992 iratres
1379 3944 1413 3992 et

148 4031 357 4095 Dominicum
382 4036 648 4099 altercacionibus
664 4038 781 4099 habitis
797 4040 913 4120 quovis
930 4039 1028 4100 modo
1046 4039 1220 4099 exorbitata
1245 4051 1276 4098 et
1299 4034 1412 4098 fulmi-

148 4152 243 4200 nante
270 4138 384 4216 lorent,
411 4161 466 4222 per
497 4144 640 4203 medium
670 4144 878 4206 honestorum
909 4160 940 4206 et
972 4147 1131 4206 bonorum
1165 4144 1306 4205 virorum
1339 4155 1412 4205 tum

148 4245 362 4327 spiritualium
388 4260 455 4308 tum
482 4248 624 4309 civilium
651 4251 801 4311 omnibus
830 4251 1052 4312 contraversiis
1083 4251 1220 4311 vicissim
1245 4260 1413 4312 cessarunt

148 4365 179 4414 et
202 4352 477 4415 concordaverunt
505 4352 815 4436 pacificaveruntque
849 4358 1070 4434 amicabiliter,
1102 4358 1144 4417 ita
1168 4370 1286 4434 tamen,
1318 4356 1411 4436 quod

147 4458 261 4520 silvam
293 4459 444 4521 antedicti
478 4459 639 4520 Dominici
673 4461 845 4544 Perowych
878 4483 936 4544 pro
969 4482 1031 4542 qua
1063 4462 1102 4522 lis
1130 4459 1189 4522 fuit
1214 4474 1321 4523 exorta
1347 4461 1410 4542 ipsi

148 4565 321 4636 Dominico
346 4579 380 4627 ut
396 4585 485 4626 suam
504 4565 737 4647 relinquerunt,
754 4588 821 4632 sese
846 4589 977 4655 quoque
994 4582 1107 4632 mutuo
1125 4567 1264 4629 vicissim
1288 4566 1411 4649 quitos,
