3142 5356
550 332 635 389 Anno
659 345 749 409 1401.

124 541 203 603 ltem
228 542 378 603 dedimus
394 542 502 603 literas
525 556 649 603 nostras
664 541 704 604 de
728 557 920 604 testamento
945 543 1076 605 domine
1102 544 1203 606 Kathe
1222 565 1281 627 pro

71 649 140 710 obo
164 647 251 709 dicto
276 647 418 709 Barzech
442 667 537 730 super
563 649 667 725 vinea,
692 663 837 727 tempore
862 649 936 711 dicti
962 648 1085 729 judicis.

123 754 201 816 Item
237 755 343 816 Adam
373 752 459 816 filius
494 755 638 816 Franche
672 755 822 839 Kulavyn
857 756 1003 818 vendidit
1037 772 1154 819 terram
1189 777 1281 819 suam

70 879 147 922 orne
172 861 258 923 dicto
284 862 364 940 lsan,
388 876 534 943 ternpore
558 860 635 922 dicti
660 860 784 941 judicis.

123 986 201 1047 Item
237 986 348 1047 Petrus
383 984 467 1046 lilius
503 985 665 1046 Dominici
702 985 847 1047 vendidit
881 985 1018 1048 fundum
1054 1006 1147 1048 suum
1185 988 1280 1050 Petro

73 1091 156 1153 uach
188 1105 219 1153 et
243 1093 381 1154 Barbare
405 1112 462 1154 sue
486 1092 638 1170 consorti,
661 1106 806 1174 tempore
831 1093 908 1153 dicti
933 1092 1058 1172 judicis.

122 1198 199 1260 Item
232 1199 330 1260 iidem
365 1200 476 1261 Petrus
509 1213 540 1261 et
573 1199 710 1260 Barbara
743 1201 995 1281 comprobarunt
1027 1199 1077 1278 id,
1110 1199 1198 1281 quod
1223 1200 1280 1261 do·

68 1326 123 1366 rus
155 1306 336 1388 Stephanus
368 1306 543 1367 Fancasina
575 1305 651 1387 ipsis
683 1306 804 1367 dimisit
836 1305 972 1366 fundum
1004 1326 1110 1385 suum,
1134 1321 1280 1388 tempore

68 1413 92 1474 ti
119 1411 244 1493 judicis.

124 1520 202 1581 ltern
227 1520 390 1582 Fabianus
414 1518 488 1582 lecit
504 1524 781 1602 permutacionem
806 1539 879 1581 eum
905 1519 1071 1581 Anthonio
1095 1533 1126 1582 et
1149 1520 1280 1581 domina

67 1625 142 1688 atha
167 1647 240 1688 cum
266 1627 417 1688 domibus
441 1647 566 1704 eorum,
590 1640 736 1707 tempore
761 1626 837 1686 dicti
862 1625 988 1706 judicis.

121 1750 198 1811 item
224 1751 387 1812 Johannes
411 1750 495 1812 iilius
528 1750 666 1811 condam
692 1749 847 1811 Johannis
871 1751 988 1812 literati
1022 1749 1095 1811 lecit
1120 1765 1280 1832 permuta-

68 1875 141 1917 nem
168 1876 241 1918 cum
268 1857 397 1940 Endrey
431 1857 499 1918 filio
532 1857 631 1918 luank
656 1857 687 1917 in
722 1857 812 1917 terris
837 1876 948 1917 eorum
981 1871 1105 1933 mutuo,
1135 1871 1281 1940 tempore

72 1963 149 2026 dicti
174 1964 299 2045 judicis.

123 2070 201 2132 Item
227 2071 408 2153 Stephanus
440 2085 542 2131 sartor
574 2090 646 2132 cum
672 2071 772 2132 Elena
805 2091 862 2131 sua
888 2086 1034 2132 consorte
1067 2070 1281 2133 vendiderunt

68 2198 132 2239 ram
168 2197 280 2239 eorum
313 2177 546 2239 Zauerthnicha
580 2178 717 2256 dictam,
750 2178 879 2238 Thome
911 2177 997 2238 dicto
1022 2176 1103 2256 isan,
1135 2191 1280 2260 tempore

68 2285 91 2346 ti
116 2284 242 2366 judicis.

122 2407 200 2469 item
233 2407 396 2469 Johannes
427 2408 531 2468 dictus
563 2408 748 2490 Bazoulych
788 2405 862 2469 fecit
895 2408 1171 2489 permutacionem
1205 2427 1277 2469 cum

70 2514 147 2575 theo
171 2513 238 2575 filio
263 2514 401 2575 condam
427 2514 581 2575 Johannis
604 2515 739 2591 literati;
769 2513 931 2575 Johannes
955 2513 1045 2575 dedit
1069 2514 1278 2595 jobagionem

72 2620 222 2682 Grachan
248 2633 278 2681 et
312 2620 441 2681 Matheo
474 2621 533 2681 sibi
567 2621 646 2681 duas
679 2621 782 2680 dietas
806 2633 887 2680 terre
920 2619 951 2679 in
977 2618 1102 2699 Zigeth‚
1134 2633 1278 2701 tempore

68 2728 89 2789 ti
116 2726 241 2808 judicis.

121 2833 198 2895 Item
223 2832 371 2895 dedimus
402 2834 510 2895 literas
542 2848 665 2895 nostras
690 2854 784 2915 super
818 2831 918 2894 fundo
944 2832 1068 2894 Nicolai
1093 2832 1279 2912 Doberden,

68 2961 77 3002 ›
111 2941 241 3001 nomine
275 2940 427 3016 Hudden‚
459 2954 523 3000 tam
557 2961 612 3022 per
644 2940 922 3019 adjudicationem
956 2958 1052 3019 quam
1089 2940 1189 3000 eciam
1222 2959 1278 3021 per

72 3067 105 3108 m
125 3046 308 3123 laesionem,
327 3046 465 3107 iohanni
482 3045 550 3107 filio
568 3047 697 3107 Martini
716 3044 883 3124 carnificis,
899 3059 1044 3127 tempore
1061 3046 1136 3107 dicti
1154 3045 1277 3127 judicis.

120 3169 196 3231 item
223 3170 413 3231 Valentinus
437 3171 541 3231 dictus
562 3170 732 3254 Lepchych
750 3170 896 3232 vendidit
920 3167 1056 3231 fundum
1071 3191 1175 3231 suum
1194 3172 1277 3232 Mar·

68 3298 81 3339 n
108 3277 222 3354 Zenar‚
246 3290 391 3358 tempore
422 3277 497 3338 dicti
523 3277 645 3357 judicis.
1002 3341 1005 3348 ,

121 3384 198 3444 item
223 3383 335 3445 habuit
360 3384 467 3445 literas
492 3383 616 3464 Agatha
646 3384 753 3465 puella
782 3404 837 3465 per
862 3383 1082 3445 dimissionem
1108 3397 1276 3445 matertere

95 3488 197 3552 Chala
222 3504 334 3550 vocate
358 3510 453 3571 super
477 3488 588 3566 fundo,
613 3504 758 3569 tempore
783 3490 859 3551 dieti
886 3489 1009 3567 judicis.

120 3614 197 3675 item
215 3614 326 3674 Petrus
351 3613 490 3675 carnifex
510 3614 613 3674 dictus
636 3613 790 3674 Scornich
807 3628 838 3675 et
856 3612 1016 3694 Georgius
1040 3612 1148 3673 Zudor
1165 3612 1276 3674 vendi·

71 3735 129 3783 unt
153 3719 290 3780 fundum
316 3740 428 3782 eorum
462 3720 623 3782 Clementi
657 3719 724 3781 filio
749 3719 916 3798 Anthonii,
949 3734 1094 3802 tempore
1119 3718 1194 3780 dicti
1219 3719 1275 3781 do·

68 3828 92 3888 ri
118 3827 295 3910 Mychaelis
320 3826 445 3905 judicis.

119 3934 196 3995 item
230 3933 384 3994 Nicolaus
409 3931 493 3993 lilius
526 3934 625 4017 Stoyk
656 3933 801 3993 vendidit
832 3952 928 3993 unam
961 3932 1150 4013 particulam
1182 3932 1275 3994 vinee

95 4038 259 4121 Stephano
284 4037 351 4100 filio
377 4040 467 4117 Jako,
492 4054 637 4120 tempore
663 4039 797 4120 predicti
823 4038 946 4116 judicis.

120 4164 196 4225 Item
224 4163 406 4224 anthonius
430 4162 515 4223 lilius
539 4162 694 4223 Johannis
718 4163 757 4224 de
782 4160 1011 4246 Chihlynouch
1036 4162 1180 4223 vendidit
1204 4161 1274 4224 fun-

68 4291 89 4332 n
115 4290 208 4332 suum
235 4270 403 4331 Elizabeth
436 4271 544 4331 relicte
570 4270 693 4331 Nicolai
730 4271 768 4331 de
794 4269 945 4348 Chasma,
969 4285 1115 4352 tempore
1140 4270 1274 4352 predicti

70 4379 138 4441 icis.

118 4483 197 4546 item
222 4485 415 4546 Benedictus
434 4484 589 4565 Damyani
615 4482 699 4543 filius
724 4484 870 4545 vendidit
887 4485 1013 4544 vineam
1039 4503 1128 4544 suam
1147 4483 1274 4544 Andree

67 4589 152 4652 nilici
189 4592 242 4667 ita,
278 4591 366 4672 quod
400 4591 465 4671 ipse
502 4590 647 4650 Andreas
682 4605 804 4651 sextum
838 4591 991 4651 cubulum
1025 4590 1089 4650 vini
1123 4605 1153 4650 et
1178 4609 1273 4651 unam

68 4718 143 4760 taam
177 4699 382 4760 denariorum
417 4712 522 4758 nostre
555 4698 777 4758 communitati
811 4697 885 4759 dare
919 4698 1097 4773 tenebitur,
1129 4711 1274 4778 ternpore

69 4805 145 4869 dicti
169 4806 293 4887 judicis.
