3156 5364
71 729 206 812 ¹prefatus
230 728 412 812 Stephanus
446 730 567 810 absque
599 731 679 792 scitu
711 751 770 792 suo
798 732 940 794 ladulam
974 735 1093 816 recepit
1117 735 1155 796 de
1181 736 1330 798 manibus

71 838 173 899 uxoris
197 856 252 897 sue
278 853 309 898 et
333 837 403 917 ipso
428 838 558 897 absente
583 853 614 897 et
638 857 745 898 coram
770 836 892 901 famulo
921 840 996 902 dicti
1021 841 1183 903 Valentini
1209 842 1329 904 inordi-

71 959 135 1006 nate
161 945 344 1005 numeravit
369 957 399 1004 et
423 943 579 1025 ipsemetb
598 945 767 1024 pecuniam
785 965 874 1006 suam
900 947 1030 1028 prodiit,
1048 962 1079 1009 et
1103 968 1208 1030 neque
1226 949 1329 1010 dictus

71 1051 253 1112 Valentinus
269 1049 422 1130 deinceps
447 1049 552 1110 eidem
571 1048 734 1130 Stephano
759 1070 817 1131 pro
842 1051 962 1113 eisdem
980 1055 1076 1114 rebus
1091 1073 1155 1116 non
1180 1073 1327 1137 compro·

71 1157 159 1235 nisit,
184 1157 226 1218 ob
252 1154 313 1216 hoc
337 1156 440 1216 dictus
459 1155 641 1236 Stephanus
665 1176 697 1216 se
723 1157 828 1237 ipsum
846 1158 1041 1240 culpabilem
1067 1160 1182 1239 reddit,
1206 1182 1242 1222 ex
1261 1181 1327 1242 quo

71 1263 166 1325 lictus
191 1262 241 1323 fur
265 1263 348 1323 inter
372 1262 450 1323 alias
475 1262 627 1344 pecunias
651 1281 716 1323 non
750 1264 878 1345 recepit,
906 1265 1011 1326 solum
1036 1266 1107 1327 illas
1132 1268 1273 1348 proditas
1297 1282 1329 1331 et

71 1371 230 1432 >reserum
255 1368 343 1450 quod
368 1369 438 1450 ipso
456 1370 586 1429 absente
611 1368 802 1431 Valentinus
819 1371 989 1452 pecuniam
1014 1373 1133 1455 recepit
1158 1375 1188 1435 in
1214 1395 1328 1437 manus

71 1496 132 1537 ‚uas
157 1496 216 1557 pro
241 1494 280 1536 eo
304 1488 335 1535 et
359 1474 444 1535 dicto
471 1475 644 1536 Valentino
668 1475 884 1555 iuramentum
910 1491 956 1540 est
981 1479 1211 1559 adjudicatum,
1236 1482 1324 1562 quod

71 1583 122 1644 ale
147 1579 267 1644 furtum
293 1600 397 1662 neque
423 1580 462 1641 de
496 1600 654 1642 consensu
685 1601 744 1643 suo
775 1581 976 1662 estfactum,
1009 1599 1040 1647 et
1064 1586 1152 1666 quod
1184 1586 1326 1669 prefatus

71 1689 251 1751 Valentinus
267 1687 307 1748 de
324 1687 459 1770 pecunia
478 1703 508 1748 et
526 1687 564 1748 de
583 1687 724 1768 dampno
743 1708 807 1749 non
825 1691 1047 1771 compromisit
1064 1706 1135 1772 post
1159 1694 1319 1775 recepcio-

71 1815 133 1857 tem
159 1795 243 1856 dicte
261 1794 396 1877 pecunie
421 1809 452 1855 et
469 1814 574 1874 neque
596 1795 742 1856 conscius
759 1794 819 1856 luit
836 1810 907 1877 post
923 1797 1145 1878 recepcionem
1163 1799 1246 1861 dicte
1265 1819 1319 1881 pe-

71 1903 165 1966 :unie.
175 1901 320 1964 Prolatus
332 1901 512 1983 Stephanus
526 1921 589 1961 noa
608 1916 776 1962 contentus
794 1902 968 1984 appellavit
981 1904 1020 1964 ad
1034 1905 1175 1966 seniores
1189 1905 1320 1986 judices.

169 2008 294 2069 Eodem
320 2009 382 2087 die,
407 2028 500 2069 causa
526 2009 607 2068 inter
625 2009 772 2069 Vrsulam
789 2009 933 2071 relictam
951 2010 1088 2070 condam
1114 2011 1242 2072 Thome
1259 2032 1322 2073 sar·

72 2117 137 2177 oris
163 2115 204 2177 de
226 2115 370 2175 Abbacia
396 2129 426 2175 et
451 2115 662 2175 Benedictum
683 2129 849 2189 sartorem
882 2116 1009 2176 racione
1034 2130 1065 2178 et
1089 2131 1233 2198 pretextu
1258 2138 1322 2179 cer-

71 2241 163 2283 arum
189 2241 295 2282 rerum
321 2221 353 2281 in
378 2221 511 2301 registro
530 2221 793 2303 conscriptarum,
819 2241 874 2302 per
891 2221 1045 2304 prefatam
1070 2223 1211 2284 relictam
1237 2224 1322 2304 apud

71 2329 180 2390 lictum
197 2327 408 2388 Benedictum
425 2342 579 2388 sartorem
594 2327 816 2408 repositarum,
834 2327 926 2408 jurati
941 2327 1216 2410 adjudicaverunt,
1241 2350 1322 2410 quo·

71 2437 144 2497 riam
169 2455 208 2495 ex
232 2453 298 2516 quo
323 2432 463 2515 prefatus
487 2434 680 2495 Benedictus
704 2433 804 2494 dictas
818 2454 867 2494 res
892 2434 923 2494 in
948 2435 1047 2496 domo
1070 2455 1126 2496 sua
1159 2436 1320 2518 deponere

71 2547 233 2619 consensit,
248 2554 328 2602 etex
343 2540 406 2600 illis
420 2541 513 2601 rebus
527 2555 642 2600 certam
653 2554 776 2622 partem
790 2540 906 2601 vidisse
921 2541 1107 2619 dinoscitur,
1121 2543 1163 2603 ob
1181 2542 1240 2604 hoc
1250 2563 1321 2624 pre·

71 2663 141 2711 atus
159 2647 353 2710 Benedictus
371 2647 402 2707 in
428 2647 578 2708 omnibus
596 2647 659 2707 illis
683 2649 788 2726 rebus,
808 2666 887 2726 quas
912 2647 1011 2708 videri
1037 2662 1068 2708 et
1085 2647 1245 2730 deponere
1271 2670 1319 2711 as·

73 2756 155 2818 eruit
180 2769 211 2816 et
235 2775 253 2816 a
277 2774 310 2816 se
335 2774 400 2815 non
427 2754 552 2835 repulit,
578 2767 624 2814 est
655 2767 765 2814 contra
797 2752 951 2834 prefatam
978 2754 1120 2816 relictam
1154 2756 1319 2819 convictus

71 2879 99 2926 ta
112 2879 144 2926 et
162 2863 278 2940 taliter,
293 2861 381 2944 quod
396 2859 517 2942 prefata
534 2861 641 2922 relicta
658 2860 823 2922 terciamet
839 2860 899 2920 sibi
918 2860 1077 2920 similibus
1095 2861 1126 2921 in
1143 2880 1195 2922 ara
1213 2876 1320 2924 sancte

71 2969 171 3033 Irucis
195 2988 291 3050 super
322 2968 431 3028 valore
463 2966 657 3048 prelatarum
695 2986 799 3027 rerum
831 2966 935 3047 jurare
968 2966 1107 3045 debebit,
1139 2966 1320 3047 juramento

71 3090 166 3158 taque
190 3074 350 3156 deposito,
382 3074 546 3135 convictus
579 3087 625 3134 cst
656 3073 686 3133 in
722 3073 888 3134 solucione
919 3073 1022 3134 dictus
1046 3073 1255 3151 Benedictus;
1280 3074 1319 3137 de

71 3182 127 3245 liis
150 3202 228 3244 vero
254 3183 358 3259 rebus,
383 3201 462 3262 quas
487 3179 627 3263 prefatus
653 3180 844 3242 Benedictus
869 3180 1028 3261 allegabat
1052 3200 1084 3241 se
1103 3200 1166 3241 non
1192 3180 1319 3261 vidisse,

71 3291 97 3353 le
121 3291 188 3352 illis
212 3290 245 3351 in
269 3289 360 3351 altari
387 3302 492 3349 sancte
519 3287 631 3349 Crucis
663 3306 838 3369 expurgare
862 3307 895 3347 se
920 3286 1061 3366 habebit,
1085 3287 1174 3368 quod
1198 3288 1319 3370 absque

71 3411 89 3458 :t
112 3395 279 3457 voluntate
304 3407 335 3455 et
359 3395 439 3455 scitu
471 3395 510 3455 de
544 3394 643 3454 domo
676 3413 732 3454 sua
764 3407 837 3454 sunt
868 3392 1043 3474 deperdita.
1076 3391 1219 3456 Prefatus
1243 3415 1318 3458 vero

71 3503 254 3565 ienedictus
278 3521 343 3562 non
369 3515 539 3562 contentus
563 3500 737 3581 appellavit
762 3500 802 3559 ad
826 3499 968 3560 seniores
991 3498 1122 3579 judices.

163 3608 323 3686 Sabbata,
361 3607 412 3668 die
449 3621 520 3688 post
556 3606 844 3668 circumcisionem
882 3606 1024 3667 Domini,
1061 3605 1166 3667 Causa
1198 3605 1317 3687 prelata

71 3716 144 3776 rrius
169 3734 225 3796 per
250 3713 369 3794 juratos
387 3713 568 3790 adjudicata
586 3728 616 3773 et
640 3712 768 3773 tandem
787 3713 827 3773 ad
844 3712 987 3773 seniores
1003 3711 1124 3791 judices
1147 3714 1317 3795 appellata,

71 3819 213 3883 »relatam
237 3840 364 3882 causam
391 3821 531 3881 seniores
555 3819 676 3900 judices
701 3821 775 3881 satis
807 3821 1000 3880 suminatam
1025 3820 1130 3880 taliter
1154 3820 1317 3901 adjudica·

71 3943 145 4009 unt,
178 3928 266 4009 quod
298 3924 417 4010 prefata
458 3927 588 3987 domina
631 3927 662 3987 in
703 3926 793 3986 altari
828 3940 933 3987 sancte
975 3925 1087 3987 Crucis
1118 3924 1194 3988 seria
1230 3942 1316 3990 sexta

73 4051 126 4098 nte
159 4033 425 4096 Purificacionem
458 4035 549 4094 beate
582 4033 713 4113 vir‘ginis
744 4053 839 4114 super
868 4033 1023 4094 universis
1056 4035 1150 4094 rebus
1174 4035 1205 4095 in
1231 4034 1316 4096 dicto

71 4143 189 4226 egistro
222 4141 416 4222 consignatis
448 4141 551 4221 jurare
587 4139 727 4217 debebit,
760 4139 847 4220 quod
874 4141 1020 4200 universe
1053 4159 1102 4200 res
1134 4153 1164 4201 et
1195 4142 1315 4224 absque

73 4250 162 4331 liqua
188 4248 408 4308 diminucione
434 4248 519 4307 dicto
546 4247 721 4307 Benedicto
742 4246 857 4307 tradite
882 4261 955 4307 sunt
971 4248 1230 4323 conservacioni;
1248 4264 1315 4309 tan-

71 4375 127 4417 ,em
152 4368 226 4437 post
249 4336 436 4415 huiusmodi
465 4353 685 4432 juramentalis
718 4352 934 4435 deposicionis
966 4373 1090 4413 rursum
1115 4351 1234 4434 prefata
1259 4355 1311 4415 do·

71 4463 141 4524 aina
166 4461 286 4522 ibidem
312 4461 343 4522 in
369 4461 459 4521 altari
484 4475 590 4520 sancte
616 4460 729 4521 Crucis
753 4460 792 4520 ad
817 4475 1093 4541 quantoscumque
1119 4460 1186 4522 flor.
1212 4460 1314 4540 jurare

73 4568 192 4631 oluerit
205 4583 236 4629 et
252 4567 467 4648 juramentum
486 4586 578 4626 suum
598 4566 767 4627 extendere
785 4581 815 4627 et
829 4566 959 4627 honeste
978 4565 1060 4627 lame
1079 4566 1267 4627 mulieribus
1285 4582 1315 4628 et

75 4678 178 4739 uabus
191 4674 252 4735 sibi
267 4674 425 4735 similibus
440 4694 499 4755 pro
517 4674 663 4754 quolibet
680 4674 749 4736 fior.
768 4689 797 4733 et
814 4673 941 4753 singulo
952 4672 1054 4753 jurare
1072 4673 1218 4747 debebit;
1233 4673 1314 4749 iura-

71 4797 163 4845 tento
188 4782 296 4863 itaque
321 4780 506 4842 huiusmodi
524 4781 671 4862 deposito
697 4781 799 4841 dictus
818 4780 1008 4840 Benedictus
1025 4779 1187 4840 convictus
1212 4794 1257 4840 est
1282 4780 1312 4839 in

71 4890 127 4952 stis
159 4887 228 4950 flor.
269 4888 300 4949 in
333 4903 489 4969 quantum
522 4887 737 4966 juramentum
769 4887 952 4967 deposuerit
992 4900 1023 4946 et
1054 4884 1239 4946 extenderit.
1273 4921 1313 4929 -

71 4994 197 5058 'relatus
228 4995 420 5056 Benedictus
453 5014 516 5054 non
547 5007 714 5054 contentus
746 4992 922 5075 appellavlt
952 4992 992 5051 ad
1016 4991 1156 5051 seniores
1181 4991 1313 5072 judices.

1218 5096 1234 5123 t
