3142 5356
648 327 733 382 Antra
756 336 845 401 1432.
1318 339 1378 401 233

119 433 334 441 -.——-..--.—.
363 434 398 439 -.
430 433 489 438 4....-
513 433 568 438 .-
600 433 641 437 —
669 432 731 438 ..-.
761 430 902 437 ..--·.——
945 431 1066 437 -.-....-.
1128 428 1379 435 -.-—-—.-.-.

141 547 226 619 Item
256 550 288 618 io
328 537 446 635 vigilia
475 544 552 617 lesti
580 543 836 618 Purificacionis
870 546 1015 634 gloriose
1044 562 1174 632 semper
1210 540 1353 630 virginis

687 670 801 741 Maris.

627 829 668 896 (1.
684 821 861 900 februarii).

224 964 302 1026 lteru
326 963 482 1025 medietas
506 963 673 1024 cuiusdam
691 962 817 1042 domus,
843 961 933 1024 lundi
958 978 989 1023 et
1006 959 1229 1023 hedificiorum
1256 960 1287 1020 in
1305 958 1381 1019 civi·

115 1087 180 1134 tate
206 1071 359 1153 predicta,
377 1070 459 1132 inter
478 1069 593 1131 domos
618 1070 793 1131 liberorum
812 1071 949 1131 condam
968 1068 1123 1131 Johannis
1149 1067 1224 1128 dicti
1249 1065 1380 1148 Terbyn

118 1194 149 1240 et
174 1178 314 1239 Francza
346 1175 407 1236 viri
430 1176 474 1237 sic
504 1176 608 1237 vocati
640 1176 767 1255 habite,
800 1177 940 1238 mediam
966 1177 997 1237 in
1036 1189 1104 1236 toto
1139 1174 1259 1235 curiam
1285 1173 1316 1233 in
1349 1192 1381 1232 se

116 1284 323 1360 continentis,
349 1301 445 1344 unam
470 1283 697 1344 tantummodo
729 1297 876 1364 quartam
905 1282 992 1343 curie
1018 1282 1048 1342 in
1075 1300 1108 1342 se
1134 1280 1285 1354 retinens,
1309 1297 1381 1339 cum

116 1391 184 1452 suis
209 1389 414 1472 pertinenciis
438 1388 566 1470 Mathye
590 1386 659 1450 filio
685 1389 849 1451 Benedicti
881 1389 956 1450 dicti
976 1387 1173 1449 Kormanich
1199 1406 1255 1468 per
1271 1385 1381 1446 vendi·

119 1498 248 1558 cionem
275 1496 361 1557 Luce
395 1495 558 1573 institoris,
576 1493 679 1556 affinis
703 1496 763 1573 sui,
788 1497 842 1576 qui
874 1495 969 1556 aliam
1002 1495 1206 1556 medietatem
1239 1492 1381 1554 eiusdem

117 1604 247 1680 domus,
271 1599 362 1665 fundi
387 1617 417 1663 et
441 1600 677 1679 hedificiotutn,
703 1621 799 1663 unam
829 1602 975 1663 similiter
998 1616 1142 1682 quartam
1169 1600 1199 1661 in
1225 1619 1257 1660 se
1282 1598 1381 1660 conti·

118 1725 249 1772 nentem
288 1728 346 1791 pro
378 1729 409 1769 se
443 1709 625 1786 reservavit,
650 1722 697 1770 est
727 1708 970 1790 privilegialiter
1002 1710 1061 1769 sub
1093 1706 1245 1789 pendenti
1275 1705 1382 1786 sigillo

119 1829 318 1900 perpetuata.

226 1922 303 1984 ltem
336 1921 476 2003 quedam
501 1922 636 1983 vinealis
669 1941 740 2003 pars
771 1942 827 1983 seu
861 1922 972 2004 porcio
997 1921 1029 1982 in
1063 1920 1223 1981 territorio
1248 1918 1383 1980 civitatis

121 2031 204 2091 inter
227 2030 337 2090 vineas
362 2029 530 2090 Laurencii
557 2029 649 2106 jurati
681 2027 739 2089 filii
768 2029 862 2108 Petri,
886 2049 902 2090 a
936 2027 1125 2105 meridione,
1150 2040 1181 2088 et
1204 2047 1221 2087 a
1245 2040 1382 2107 septem·

117 2136 224 2197 trione
248 2133 361 2217 prelati
386 2135 510 2196 Nicolai
535 2134 649 2217 judicis
674 2136 771 2196 nostri
800 2135 946 2196 moderni
972 2135 1089 2212 habita,
1131 2134 1267 2214 desuper
1291 2153 1308 2193 a
1333 2132 1382 2193 via

118 2243 341 2303 communiet
373 2239 452 2302 inira
487 2261 586 2322 usque
611 2242 763 2318 rivulum,
795 2241 892 2303 simul
936 2261 1008 2302 curn
1034 2238 1121 2302 senili
1154 2258 1209 2300 seu
1234 2253 1315 2301 terra
1348 2258 1383 2299 ac

118 2348 259 2428 virgulto
290 2349 349 2409 sub
382 2347 496 2409 eadem
528 2347 655 2426 habitis,
690 2366 747 2408 nec
781 2367 846 2408 non
871 2367 944 2408 cum
975 2367 1084 2409 secura
1109 2347 1159 2407 via
1192 2345 1329 2406 curruali
1353 2358 1385 2407 et

117 2455 256 2516 semitali
282 2475 337 2537 per
361 2469 477 2517 terram
503 2469 533 2516 et
565 2454 663 2515 fenile
696 2453 808 2536 prefati
836 2455 1004 2515 Laurencii
1038 2454 1142 2535 jurati,
1167 2468 1199 2515 et
1223 2452 1294 2514 aliis
1319 2450 1384 2512 suis

118 2561 243 2623 cunctis
266 2561 459 2622 utilitatibus
484 2576 514 2622 et
545 2561 750 2642 pertinenciis
782 2562 937 2622 universis
970 2561 1149 2622 Laureucio
1190 2558 1256 2621 filio
1283 2559 1383 2619 Rene·

121 2667 199 2729 dicti
226 2667 340 2729 marito
367 2668 454 2728 leike
487 2665 552 2729 filie
577 2667 706 2728 Martini
739 2686 795 2748 per
828 2668 962 2727 eandem
989 2667 1111 2728 leikant
1143 2680 1188 2727 est
1211 2664 1329 2726 donata
1354 2676 1384 2725 et

118 2776 179 2835 sub
205 2773 358 2856 pendenti
383 2773 491 2854 sigillo
516 2772 759 2854 privilegialiter
783 2787 829 2834 est
853 2787 1050 2854 perpetuata.

226 2881 304 2942 Item
330 2881 469 2962 quedam
504 2881 597 2941 vinea
630 2880 863 2941 condicionalis
887 2881 918 2940 in
944 2880 1103 2941 territorio
1135 2879 1271 2940 civitatis
1303 2879 1385 2940 inter

122 2988 232 3048 vineas
256 2987 432 3048 liberorum
456 2987 593 3048 condam
627 2985 760 3067 Georgii
795 2985 947 3048 Wolkow
973 3000 1003 3047 et
1028 2986 1157 3047 Andree
1189 3005 1224 3046 ac
1250 2984 1383 3065 Georgii

122 3093 261 3156 filiorum
289 3093 375 3156 Galli
401 3092 507 3154 habita
533 3107 562 3154 et
594 3094 741 3170 existens,
767 3093 903 3174 desuper
930 3114 947 3154 a
972 3094 1021 3154 via
1047 3092 1211 3154 communi
1237 3105 1267 3153 et
1303 3089 1384 3152 infra

121 3220 222 3282 usque
247 3200 388 3263 rivulum
412 3200 508 3261 simul
533 3219 604 3260 curn
630 3200 771 3280 virgulto
803 3199 909 3260 eidem
933 3200 1025 3260 vinee
1049 3198 1225 3279 subjacenti
1250 3218 1287 3260 ac
1311 3216 1383 3259 cum

121 3307 314 3369 condicione
338 3306 437 3369 medii
463 3307 571 3368 eubuli
597 3307 662 3366 vini
688 3307 727 3366 ab
752 3306 865 3366 eadem
882 3307 975 3367 vinea
1000 3326 1056 3388 per
1080 3324 1278 3388 possessores
1302 3303 1384 3364 eius·

122 3413 197 3474 dem
222 3414 389 3475 universos
412 3413 577 3474 annuatim
602 3412 778 3493 adprimus
803 3412 958 3494 Vesperas
973 3409 1153 3475 festivitatis
1177 3412 1261 3474 beati
1285 3409 1384 3473 Marci

123 3521 330 3602 ewangeliste
355 3521 387 3581 in
412 3520 523 3580 eadem
550 3519 682 3580 ecclesia
714 3519 753 3580 de
780 3538 868 3580 more
893 3519 971 3580 alias
996 3533 1148 3580 consveto
1183 3517 1252 3581 fieri
1277 3531 1308 3579 et
1332 3537 1384 3579 ex·

125 3627 227 3689 hiberi
242 3647 277 3689 ac
290 3626 516 3688 amministrati
532 3625 642 3704 debiti,
656 3625 784 3687 Thome
801 3623 868 3686 filio
890 3626 1005 3687 Jarnek
1019 3626 1094 3687 dicti
1113 3626 1233 3703 Kusek,
1253 3644 1309 3706 per
1325 3624 1383 3684 Fa·

122 3734 254 3795 bianum
280 3732 383 3795 filium
409 3731 542 3812 Georgii
567 3732 689 3793 dictum
715 3731 907 3813 Gonychich
925 3746 971 3793 est
995 3732 1123 3794 vendita
1148 3747 1176 3793 et
1203 3730 1383 3813 privilegia·

121 3839 193 3902 liter
217 3841 276 3901 sub
293 3839 446 3921 pendenti
471 3838 579 3920 sigillo
596 3851 795 3922 perpetuata,
813 3838 1004 3920 possidenda
1022 3853 1053 3900 et
1076 3838 1384 3920 quomodocumque

121 3946 260 4007 voluerit
283 3945 498 4028 disponenda.

227 4052 305 4114 Item
330 4051 441 4113 Petrus
465 4052 584 4136 Zablya
602 4051 723 4132 juratus
748 4052 910 4134 quandam
932 4052 1065 4114 domum
1083 4071 1172 4112 suam
1197 4051 1293 4111 simul
1311 4069 1383 4111 curn

122 4157 222 4220 luudo
247 4173 278 4220 et
302 4158 459 4220 hedificiis
483 4160 514 4219 in
540 4159 667 4220 civitate
689 4159 832 4239 predicta
856 4160 938 4221 inter
956 4159 1070 4220 domos
1094 4174 1124 4219 et
1147 4154 1265 4220 fundos
1284 4157 1383 4218 Bene·

122 4266 197 4328 dicti
222 4266 380 4327 Venthich
406 4281 437 4327 et
461 4266 545 4327 Petri
579 4264 636 4327 filii
662 4266 798 4343 Nicolai,
823 4268 863 4327 ab
896 4286 958 4327 una
990 4279 1088 4346 parte,
1121 4266 1160 4325 ab
1185 4264 1283 4325 altera
1309 4282 1384 4324 vero

124 4373 253 4435 Martini
279 4372 319 4433 de
345 4371 503 4454 Brezthya
535 4388 565 4433 et
597 4372 723 4433 Lucasii
749 4373 881 4433 cultoris
905 4371 1057 4449 habitam,
1090 4370 1229 4432 mediam
1262 4370 1384 4431 curiam

121 4479 212 4540 inse
237 4478 468 4556 continentem,
494 4498 566 4539 curn
592 4479 658 4539 suis
683 4478 889 4561 pertinenciis
918 4493 1044 4539 etcum
1069 4477 1289 4538 additamento
1314 4496 1384 4557 sep·

121 4585 293 4647 temdecim
312 4583 382 4649 flor.
407 4586 488 4664 auri,
506 4585 640 4646 domino
664 4584 831 4646 Anthonio
848 4585 987 4666 plebano
1013 4584 1144 4645 ecclesie
1168 4583 1267 4644 sancti
1286 4583 1384 4643 Marci

124 4692 330 4774 ewangeliste
355 4711 413 4772 pro
438 4691 577 4772 quadarn
603 4692 713 4769 domu,
743 4690 842 4752 fundo
866 4705 897 4752 et
922 4689 1076 4752 hedificiis
1094 4691 1158 4752 suis
1183 4689 1384 4750 concambia-

136 4800 193 4860 iter
217 4797 307 4860 dedit
330 4813 486 4881 perpetuo
512 4799 751 4880 possidendam.
