3142 5356
154 325 209 385 ¹5²
678 306 765 363 Anno
789 298 881 372 1428.

148 516 300 578 missione
326 516 425 598 ipsius
457 515 560 592 Pauli,
593 512 737 594 predicto
769 512 935 594 Stephano
959 512 1067 574 ricino
1098 532 1158 574 suo
1191 531 1251 594 pro
1285 511 1420 591 triginta

149 623 295 704 quinque
319 623 433 683 marcis
457 622 662 683 denariorum
694 619 911 680 vendiderunt
934 634 1092 700 perpetuo
1116 618 1365 700 possidendam.

255 746 333 807 ltem
358 747 432 827 quia
457 766 516 807 nos
533 747 564 806 in
581 757 774 806 testamento
799 743 857 803 viri
875 743 1013 804 condam
1031 744 1159 825 providi
1185 743 1336 804 Barnahe
1354 763 1421 803 sar·

148 853 225 914 toris
259 849 317 913 filii
351 851 526 933 Stephani,
557 850 636 912 olim
669 849 811 910 concivis
843 849 955 926 nostri,
988 868 1095 910 coram
1133 850 1227 910 nobis
1252 850 1285 910 in
1310 850 1422 931 specie

148 958 307 1040 producto
333 959 364 1018 id
397 959 480 1019 clare
514 957 656 1018 vidimus
688 956 858 1034 contineri,
889 956 1057 1036 quomodo
1081 955 1224 1038 prelatus
1256 956 1424 1017 Barnabas

148 1078 250 1126 sartor
285 1062 362 1124 dum
388 1065 420 1124 in
446 1063 595 1124 extremis
618 1062 682 1123 vite
715 1081 771 1122 sue
796 1062 985 1139 laborasset,
1016 1075 1093 1122 tunc
1117 1062 1186 1143 ipse
1209 1062 1421 1123 medietatem

148 1170 316 1232 cuiusdam
341 1169 458 1230 domus
483 1170 588 1250 lignee
613 1168 711 1229 simul
746 1187 819 1228 cum
845 1168 1017 1229 medietate
1049 1166 1141 1228 fundi
1166 1187 1224 1229 seu
1247 1168 1359 1246 (hlorti
1386 1188 1422 1230 ac

149 1274 384 1352 hedificiorum,
403 1295 461 1335 nec
485 1294 550 1335 non
569 1274 709 1355 coquine
733 1288 829 1354 atque
847 1289 938 1355 porte
963 1274 1107 1335 eiusdem
1125 1293 1198 1334 cum
1215 1275 1307 1334 totali
1325 1275 1422 1335 stuba

148 1383 293 1445 eiusdem
327 1382 445 1442 domus
477 1380 618 1441 indicta
650 1380 777 1440 civitate
810 1379 892 1440 inter
923 1379 1040 1441 domos
1071 1395 1103 1441 et
1132 1378 1251 1441 fundos
1274 1381 1420 1441 virorum

148 1488 360 1570 providorum
389 1484 523 1567 Georgii
548 1485 679 1547 sartoris
702 1500 732 1546 et
761 1486 925 1546 Benedicti
950 1486 1097 1546 similiter
1121 1487 1252 1547 sartoris
1276 1502 1307 1547 et
1335 1487 1420 1548 Petri

148 1614 183 1655 ac
209 1593 361 1676 Stephani
387 1593 463 1653 dicti
491 1592 569 1669 Ban,
592 1612 732 1653 necnon
759 1592 934 1652 liberorum
955 1591 1108 1673 Stephani
1126 1594 1285 1654 tributarii
1311 1615 1329 1654 a
1349 1615 1420 1676 sep-

148 1701 344 1763 terntrionali
370 1713 468 1781 parte,
493 1701 533 1760 ab
558 1698 705 1760 orientali
727 1714 833 1760 autem
860 1699 953 1780 plaga
978 1717 1077 1781 penes
1101 1699 1217 1761 domos
1233 1714 1265 1762 et
1281 1700 1422 1781 (h)ortos

149 1806 305 1869 lobannis
329 1806 417 1888 parvi
443 1805 519 1865 dicti
537 1804 674 1867 Chonlta
699 1825 736 1865 ac
753 1804 929 1865 liberorum
954 1824 1010 1865 seu
1035 1825 1257 1867 successorum
1275 1807 1419 1868 condam

151 1913 286 1996 predicti
313 1912 458 1973 Barnabe
476 1911 604 1972 sartoris
628 1912 668 1971 ab
693 1911 829 1988 oriente,
846 1931 863 1971 a
881 1911 1085 1972 meridionali
1110 1932 1201 1973 secus
1225 1914 1310 1974 viam
1329 1934 1421 1976 com-

150 2037 282 2080 munem
307 2037 363 2078 seu
389 2018 527 2099 plateam
560 2016 666 2078 habite
692 2031 722 2076 et
755 2017 930 2095 existentis,
962 2032 1082 2079 rectam
1108 2033 1138 2081 et
1163 2021 1327 2100 equalem,
1353 2041 1421 2082 me·

151 2126 236 2186 diam
263 2123 412 2185 videlicet
437 2123 557 2184 curiam
582 2138 613 2183 et
637 2123 776 2184 mediam
802 2138 947 2184 octavam
973 2125 1004 2185 in
1029 2144 1062 2185 se
1087 2127 1319 2204 continentem,
1345 2148 1421 2189 curn

149 2233 214 2293 suis
238 2230 443 2313 pertinenciis
461 2231 640 2292 Laurencio
666 2229 732 2291 filio
766 2231 843 2291 dicti
862 2231 1028 2312 Stephani,
1044 2230 1131 2294 fratri
1149 2253 1220 2312 sun,
1245 2235 1421 2316 legavisset

149 2352 305 2421 perpetuo
330 2336 575 2419 possidendam
602 2337 676 2399 ideo
701 2357 760 2398 nos
788 2337 924 2398 eandem
957 2337 1164 2400 medietatem
1189 2340 1274 2401 dicte
1298 2341 1421 2403 domus

151 2465 224 2507 cum
251 2445 413 2527 premissis
437 2445 558 2505 cunctis
582 2445 647 2504 suis
671 2445 876 2526 pertinenciis
900 2443 1005 2506 eidem
1032 2445 1213 2507 Laurencio
1245 2449 1422 2510 statuimus

151 2565 307 2634 perpetuo
342 2549 568 2631 possidendam
601 2564 631 2611 et
655 2550 963 2631 quomodocumque
995 2551 1134 2613 voluerit
1158 2552 1422 2635 disponendam3

150 2677 247 2740 quarn
272 2656 402 2718 tandem
428 2656 634 2717 medietatem
661 2656 760 2737 ipsius
785 2656 901 2718 domus
926 2656 1011 2717 idem
1038 2657 1236 2719 Laurencius
1261 2679 1334 2720 cum
1354 2661 1423 2722 suis

149 2763 356 2847 pertinenciis
389 2763 560 2844 premissis,
594 2762 738 2844 predicto
772 2762 914 2842 Georgio
940 2765 1053 2824 sartori
1085 2765 1182 2826 aliam
1208 2767 1421 2829 medietatem

150 2870 295 2934 eiusdem
332 2869 449 2930 domus
480 2869 652 2929 literatorie
686 2869 879 2950 possidentis
918 2889 976 2951 pro
1013 2870 1163 2932 undecim
1200 2892 1274 2934 cum
1310 2875 1421 2935 media

150 2976 265 3039 marcis
288 2975 384 3056 plene
407 2975 579 3056 persolutis
603 2975 748 3036 vendidit
771 2990 927 3057 perpetuo
951 2977 1191 3057 possidendam.

256 3100 332 3162 ltem
358 3099 433 3180 quia
458 3118 495 3159 ex
527 3099 796 3179 comprobacione
830 3099 926 3159 Blasii
960 3099 1035 3160 dicti
1070 3101 1268 3162 Kurmanich
1302 3122 1418 3166 coram

151 3206 246 3267 nobis
270 3203 464 3266 sufficienter
489 3201 569 3263 lacta
595 3204 626 3263 in
651 3203 727 3265 sede
762 3219 868 3264 nostra
898 3203 1074 3283 judiciaria,
1099 3207 1262 3286 quandam
1287 3208 1420 3271 vineam

150 3312 407 3375 condicionalem
426 3311 565 3371 condam
585 3309 716 3391 Georgii
737 3310 831 3387 Glad,
850 3311 953 3392 ipsum
972 3312 1145 3373 literatorie
1164 3331 1419 3378 concernentem

151 3420 182 3481 in
208 3418 368 3480 territorio
394 3417 530 3477 civitatis
555 3417 637 3477 inter
662 3417 788 3476 vineam
807 3417 982 3478 liberorum
1000 3418 1137 3479 condam
1163 3418 1313 3501 Gregorii
1340 3423 1421 3484 dicti

150 3526 267 3587 Vsuras
292 3539 322 3584 et
354 3523 490 3602 virgulta
523 3536 630 3583 nostre
662 3523 901 3583 communitatis
934 3524 1086 3603 habitam,
1115 3545 1189 3586 cum
1221 3528 1420 3590 condicione

150 3631 232 3693 infra
248 3629 450 3706 declaranda,
475 3648 614 3689 necnon
646 3630 738 3690 metis
756 3628 888 3690 inferius
912 3631 1059 3692 similiter
1076 3632 1288 3711 declarandis,
1307 3636 1417 3698 eidem

150 3735 257 3798 Blasio
291 3734 486 3796 Kurmanich
519 3755 575 3816 per
606 3735 709 3815 ipsum
745 3735 922 3818 Georgium
956 3739 1051 3798 vendi
1084 3754 1115 3799 et
1139 3759 1197 3820 pro
1221 3742 1332 3802 anima
1359 3763 1417 3805 sua

150 3845 295 3906 distribui
319 3858 350 3905 et
373 3843 508 3924 expendi
534 3844 750 3922 commissam,
782 3845 918 3924 provido
945 3845 1073 3906 Thome
1097 3844 1166 3908 filio
1191 3847 1348 3930 Stephani
1375 3851 1416 3910 de

150 3951 286 4013 Goricza
312 3971 369 4032 pro
394 3950 546 4011 tredecim
573 3970 645 4010 cum
671 3950 776 4011 media
807 3952 921 4011 marcis
946 3951 1153 4014 denariorum
1179 3954 1327 4016 vendidit
1343 3975 1414 4038 per·

151 4073 248 4140 petuo
272 4057 499 4138 possidendam
526 4056 650 4116 Blasius
682 4070 876 4136 prenotatus.
907 4057 1009 4118 Cuius
1033 4059 1126 4120 vinee
1159 4072 1243 4120 mete
1276 4060 1337 4121 hoc
1363 4081 1415 4121 or·

150 4165 224 4224 dine
250 4176 424 4245 ponuntur,
449 4162 536 4242 quod
564 4162 665 4242 prima
692 4175 775 4222 meta
808 4163 919 4243 incipit
943 4163 973 4223 in
1001 4164 1140 4244 quadam
1166 4166 1280 4226 arbore
1306 4167 1411 4243 breza,

150 4271 189 4332 de
215 4289 277 4351 qua
303 4270 410 4330 eundo
428 4289 444 4329 a
464 4269 513 4328 via
535 4269 698 4328 communi
725 4283 808 4330 recte
826 4269 865 4329 ad
883 4271 1030 4330 arborem
1048 4270 1135 4350 jalsa,
1153 4270 1193 4331 de
1217 4290 1281 4352 qua
1299 4273 1412 4333 transit

149 4377 188 4437 ad
214 4377 360 4436 arborem
386 4375 505 4455 querci,
531 4389 560 4433 et
585 4374 624 4433 ab
650 4374 716 4454 ipsa
733 4376 845 4434 arbore
871 4375 975 4435 tendit
998 4375 1037 4436 ad
1063 4377 1212 4436 arborem
1237 4377 1288 4437 iva
1314 4391 1346 4438 et
1370 4377 1407 4437 de

149 4483 260 4543 eadem
287 4481 371 4541 cadit
397 4481 427 4541 in
453 4480 593 4540 rivulum
627 4493 657 4540 et
686 4480 729 4540 sic
760 4481 958 4559 terminatur,
983 4481 1025 4541 ita
1057 4495 1174 4560 tamen,
1208 4484 1298 4563 quod
1323 4484 1405 4543 idem

148 4588 293 4649 Thomas
318 4602 348 4648 et
371 4587 419 4647 sui
445 4586 578 4647 heredes
603 4585 642 4646 de
667 4586 779 4646 eadem
805 4588 897 4647 vinea
918 4588 1054 4667 singulis
1078 4589 1170 4648 annis
1193 4589 1340 4670 quinque
1356 4608 1405 4648 cu·

148 4695 240 4755 bulos
265 4695 359 4754 musti
385 4693 558 4753 colendino
583 4692 784 4752 sacerdotum
809 4712 935 4774 semper
960 4694 1033 4753 dare
1058 4695 1265 4757 tenebuntur.
