3156 5364
546 496 633 554 Anno
656 507 744 572 1507.
769 530 812 539 -
837 509 882 571 15.
901 499 1053 572 januarii.
1378 498 1434 579 163

169 707 358 770 huiusmodi
376 707 476 768 nichil
496 708 688 789 percepisset
705 722 736 768 et
752 709 851 768 eciam
871 707 970 769 nichil
987 709 1080 769 sciret
1096 707 1312 787 juramentum
1338 710 1436 792 depo·

172 834 245 875 nere
279 828 309 875 et
340 827 478 896 prestare
512 813 660 891 debebit,
693 827 723 874 et
749 813 896 894 deposito
927 815 1114 877 huiusmodi
1146 814 1328 895 juramento
1365 836 1435 898 pre·

174 919 255 982 latus
280 921 447 983 Emericus
470 921 614 982 literatus
637 921 668 981 in
694 940 788 981 causa
808 921 992 982 absolvetur
1015 937 1046 983 et
1069 922 1267 1000 liberabitur,
1290 923 1436 1003 alioquin

174 1026 197 1086 ai
221 1026 409 1088 huiusmodi
433 1025 650 1106 juramentum
674 1046 739 1086 non
765 1026 961 1107 deposuerit,
976 1041 1085 1088 contra
1111 1028 1233 1089 dictum
1258 1027 1435 1109 Georgium

173 1145 313 1193 actorem
339 1132 371 1193 in
396 1133 549 1194 omnibus
566 1132 718 1194 adversus
742 1133 881 1194 eundem
898 1133 1072 1216 propositis
1092 1134 1300 1196 convincetur
1324 1149 1355 1196 et
1378 1135 1437 1195 erit

176 1239 349 1301 convictus.

275 1345 325 1407 De
349 1344 534 1407 huiusmodi
559 1345 680 1426 judicio
709 1347 804 1408 ambe
832 1358 937 1427 partes
959 1359 1032 1408 sunt
1056 1359 1205 1408 contente
1230 1359 1260 1406 et
1276 1344 1435 1426 juramen·

174 1465 237 1512 tum
263 1451 492 1533 prolongatum
519 1465 564 1514 est
582 1473 619 1514 ex
637 1471 795 1514 consensu
812 1454 980 1515 ambarum
998 1454 1142 1535 parcium
1167 1453 1207 1514 ad
1232 1452 1344 1514 feriam
1368 1472 1436 1513 sex-

176 1572 236 1619 tam
259 1559 439 1640 proximam
453 1573 526 1640 post
541 1557 659 1620 festum
675 1557 928 1640 Epiphaniarum
948 1560 1078 1621 Domini
1096 1559 1240 1641 proxime
1253 1572 1436 1621 venturum.

320 1793 416 1868 leria
444 1805 541 1868 sexta
570 1799 725 1885 proxima
752 1805 829 1886 post
858 1805 998 1868 octavas
1027 1796 1300 1885 Epipbnnlaram.

573 1951 632 2027 (15.
649 1952 801 2026 januarii,
824 1970 894 2011 ann.
920 1951 1022 2027 1507).

275 2090 323 2151 De
340 2089 461 2170 judicio
478 2091 643 2152 seniorum
661 2090 700 2151 ad
718 2090 934 2168 juramentum
952 2090 1182 2172 deponendum
1201 2092 1433 2171 circumspecto

174 2193 320 2257 Emerico
344 2195 471 2258 literato
495 2197 614 2258 seniori
634 2196 733 2278 judici
758 2211 965 2278 prorogatum
983 2209 1094 2258 contra
1120 2196 1298 2278 Georgium
1324 2196 1433 2257 Sthur-

170 2297 254 2384 lych,
280 2302 335 2364 ubi
360 2302 446 2364 idem
473 2303 639 2364 Emericus
662 2302 806 2364 literatus
828 2319 924 2384 prout
948 2304 1090 2364 seniores
1113 2303 1235 2385 judices
1259 2303 1433 2364 adinvene-

167 2424 237 2471 rant
261 2408 477 2490 juramentum
493 2411 676 2472 mettercius
693 2410 860 2491 deposuit;
878 2410 916 2470 de
935 2430 1000 2491 quo
1018 2409 1199 2491 juramento
1217 2412 1311 2471 ambe
1328 2423 1434 2491 partes

164 2529 241 2577 sunt
265 2529 425 2579 contente.

274 2622 352 2684 ltem
370 2622 562 2684 Valentinus
580 2621 720 2685 carnifex
744 2637 853 2684 contra
871 2637 901 2684 et
922 2623 1073 2683 adversus
1090 2623 1270 2684 lohannem
1290 2624 1433 2705 Posegay

158 2729 310 2790 secundo
335 2730 448 2790 citatus
473 2749 537 2789 non
564 2730 753 2811 comparuit.

274 2834 352 2895 ltem
379 2835 493 2896 eodem
519 2834 571 2896 die
597 2834 758 2917 Georgius
783 2835 1000 2916 carpentarius
1024 2850 1134 2896 contra
1159 2835 1335 2916 Georgium
1362 2836 1434 2897 lite-

164 2954 276 3002 ratum
302 2941 416 3002 citatus
439 2941 629 3022 comparuit,
653 2955 761 3003 tamen
785 2941 1005 3002 testimonium
1034 2942 1121 3022 quod
1147 2942 1309 3004 debuisset
1333 2942 1433 3024 depo-

153 3048 269 3109 suisse
296 3047 430 3108 minime
454 3048 559 3128 potuit
582 3048 637 3109 sed
663 3048 702 3109 ad
727 3049 826 3109 alium
850 3047 1004 3126 judicium
1029 3062 1075 3109 est
1099 3062 1317 3130 prorogatum.

274 3153 351 3216 ltem
376 3154 528 3216 Albertus
552 3155 655 3235 pictor
680 3170 789 3216 contra
812 3168 843 3216 et
867 3154 1019 3215 adversus
1045 3156 1173 3216 Petrum
1199 3157 1303 3216 Zobar
1328 3157 1431 3238 primo

151 3275 195 3324 et
221 3260 368 3322 secundo
392 3261 506 3321 citatus
531 3280 595 3322 non
621 3263 810 3343 comparuit.

274 3365 379 3429 Causa
403 3367 489 3431 inter
513 3367 650 3429 Paulum
675 3369 793 3450 Valyas
818 3383 848 3431 et
866 3370 1042 3432 Sinkonem
1060 3369 1221 3430 literatum
1247 3369 1375 3430 racione
1401 3383 1433 3430 et

151 3487 314 3556 pretextu
340 3473 505 3534 cuiusdam
531 3474 594 3535 tele
611 3495 708 3555 quam
727 3495 806 3536 uxor
828 3474 942 3556 prefati
961 3476 1113 3537 Sinkonis
1137 3476 1247 3553 texuit,
1273 3475 1326 3536 ubi
1345 3475 1431 3536 idem

152 3577 288 3643 Paulus
314 3580 440 3641 dicebat
453 3599 518 3641 non
534 3600 602 3642 esse
619 3594 718 3642 totam
737 3580 833 3642 fuisse
851 3582 958 3659 telam,
984 3581 1076 3660 jurati
1090 3581 1324 3662 adjudicarunt,
1343 3581 1431 3661 quod

151 3685 288 3766 prefata
323 3705 403 3746 uxor
434 3686 587 3747 Sinltonis
619 3687 711 3747 illum
744 3687 904 3748 delectum
929 3688 992 3749 tele
1024 3688 1148 3748 solvere
1178 3686 1309 3768 (debet),
1333 3706 1430 3767 quem

154 3793 329 3855 delectum
356 3792 506 3853 mulieres
531 3793 669 3874 quedam
689 3793 838 3853 dicebant
859 3794 993 3854 minime
1010 3814 1077 3855 esse
1103 3792 1263 3854 delectum
1288 3807 1431 3867 tantum;

155 3903 203 3962 de
230 3900 296 3961 alio
320 3920 397 3960 vero
422 3899 549 3961 defectu
568 3899 688 3982 prefata
714 3921 793 3961 uxot
811 3901 962 3961 Sinkonis
980 3901 1142 3962 mettercia
1159 3900 1263 3980 jurare
1288 3899 1431 3977 debebit,

158 4007 253 4088 quod
280 4005 367 4068 idem
393 4007 510 4068 mulier
534 4007 573 4067 de
605 4007 726 4089 prefata
759 4007 821 4068 tela
856 4008 988 4067 minime
1021 4007 1140 4088 recepit
1172 4021 1202 4067 et
1227 4025 1331 4086 neque
1356 4025 1429 4064 cum

157 4113 246 4174 scitu
271 4132 331 4174 suo
357 4112 441 4173 dicta
465 4113 529 4174 tela
547 4111 705 4174 desectum
732 4114 868 4193 recepit;
894 4114 987 4174 ambe
1005 4128 1109 4194 partes
1135 4132 1198 4172 non
1224 4124 1372 4172 contente
1390 4110 1429 4170 ad

161 4219 308 4281 seniores
332 4217 454 4298 judices
478 4219 692 4301 appellarunt.

271 4325 395 4386 Eodem
422 4325 473 4386 die
506 4345 600 4386 causa
637 4327 718 4386 inter
751 4327 841 4387 Hans
865 4327 998 4388 Zniczar
1029 4341 1059 4388 et
1085 4328 1203 4387 Lucam
1236 4326 1314 4387 alias
1339 4324 1429 4386 fami-

166 4430 275 4493 liarem
301 4450 396 4492 suum
422 4431 551 4493 racione
583 4431 749 4493 cuiusdam
783 4433 1032 4514 vituperacionis
1061 4448 1090 4493 et
1123 4432 1261 4512 quedam
1288 4430 1429 4506 infamis,

167 4538 218 4599 ubi
242 4537 331 4599 idem
358 4537 458 4599 Lucas
490 4538 617 4599 dicebat
650 4558 724 4600 eum
756 4540 871 4599 merito
904 4539 1018 4620 expelli
1052 4539 1091 4598 de
1124 4539 1249 4598 civitate
1274 4550 1428 4616 tanquam

168 4662 266 4705 unum
301 4642 471 4721 latronem,
495 4642 589 4723 jurati
621 4643 857 4723 adjudicarunt,
889 4645 976 4725 quod
1009 4645 1094 4705 idem
1126 4646 1225 4704 Lucas
1258 4642 1297 4703 ad
1329 4643 1427 4702 alium

165 4746 321 4827 judicium
348 4749 485 4811 civitatis
510 4749 641 4812 debebit
658 4752 804 4832 probare,
830 4752 917 4832 quod
935 4752 1022 4813 idem
1052 4751 1140 4811 Hans
1165 4751 1297 4810 Zniczar
1315 4751 1428 4810 merito

166 4854 282 4917 debeat
306 4855 434 4937 expelli,
459 4856 596 4938 quodsi
621 4877 687 4918 non
712 4858 896 4938 probaverit
927 4858 967 4918 ad
991 4859 1091 4918 alium
1124 4857 1290 4937 judicium,
1315 4870 1428 4916 extunc

164 4960 249 5023 idem
278 4961 383 5023 Lucas
407 4962 438 5023 in
463 4960 584 5044 prefata
605 4962 737 5024 infamia
763 4979 808 5025 est
832 4965 1009 5025 convictus.
