3142 5356
219 342 281 406 ²30
747 322 835 380 Anno
857 335 948 399 1432.

218 556 274 619 per
306 533 532 596 vendicionem
558 531 721 593 Valentini
756 547 786 594 et
822 531 954 613 Georgii
987 530 1128 596 filiorum
1152 533 1278 596 Nicolai
1310 546 1358 594 est
1386 531 1481 614 privi-

219 641 377 725 legialiter
401 641 459 702 sub
485 638 640 721 pendenti
664 638 773 720 sigillo
797 653 994 722 perpetuata.

324 747 402 809 Item
428 744 567 827 quedam
592 745 710 807 domus
733 745 828 808 unius
857 760 970 829 quarte
994 747 1089 809 simul
1115 766 1187 809 cum
1212 746 1314 809 fundo
1338 761 1370 809 et
1393 747 1483 809 hedi·

215 853 296 917 ficiis
320 853 402 914 iuter
419 851 535 913 domos
553 850 686 933 Georgii
704 852 769 914 lsac
794 867 825 916 et
844 853 953 916 relicte
970 854 1091 915 Vrbani
1109 854 1226 916 sutoris
1243 853 1363 933 habita,
1380 854 1484 932 certis,

216 959 532 1039 racionabilibusque
557 957 596 1018 de
621 959 724 1020 causis
749 959 780 1020 in
806 959 871 1021 alio
895 961 1030 1022 lraterno
1055 974 1165 1022 nostro
1190 959 1333 1042 judiciali
1359 960 1484 1041 consig-

217 1067 308 1146 natis,
342 1064 470 1147 Mathye
502 1064 602 1126 sutori
634 1063 702 1126 filio
735 1064 884 1147 Gregorii
916 1066 978 1147 jam
1013 1087 1100 1129 novo
1134 1067 1257 1129 concivi
1291 1081 1402 1129 nostro
1439 1081 1485 1128 est

217 1171 459 1256 privilegialiter
482 1172 541 1233 sub
567 1170 719 1253 pendenti
745 1171 852 1253 sigillo
877 1186 1075 1255 perpetuata.

323 1278 399 1339 Item
426 1276 558 1358 quidam
582 1273 704 1339 fundus
727 1278 822 1339 unius
854 1293 965 1360 quarte
990 1279 1087 1341 simul
1112 1299 1184 1342 cum
1210 1278 1312 1342 fundo
1338 1296 1370 1342 et
1394 1280 1485 1342 hedi·

217 1385 306 1464 ficiis,
324 1385 459 1465 aliisque
476 1383 598 1445 cunctis
623 1384 688 1445 suis
705 1384 896 1447 utilitatibus
913 1399 943 1447 et
960 1386 1166 1468 pertinenciis
1184 1387 1340 1448 universis
1354 1387 1386 1449 io
1412 1387 1484 1448 vico

219 1491 365 1554 exteriori
390 1491 507 1568 lutoso,
541 1490 622 1551 inter
647 1488 764 1551 fundos
797 1491 972 1554 liberorum
997 1493 1135 1554 condam
1161 1494 1308 1576 Dyonisii
1342 1492 1425 1556 fabri
1455 1507 1486 1555 et

221 1597 398 1661 Sebastiani
423 1595 560 1674 habitus,
585 1615 642 1678 per
666 1596 889 1659 vendicionem
916 1598 1049 1680 Georgii
1074 1597 1132 1660 filii
1158 1598 1290 1682 Georgii
1325 1615 1357 1661 et
1383 1601 1484 1662 Elene

219 1725 275 1767 sue
306 1703 463 1765 consortis
487 1715 533 1764 est
564 1702 805 1784 privilegialiter
838 1707 896 1767 sub
928 1705 1081 1787 pendenti
1113 1705 1220 1786 sigillo
1246 1705 1382 1790 Symoni
1417 1705 1485 1768 filio

220 1810 345 1872 Nicolai
371 1822 586 1892 perpetuatus.

327 1916 404 1978 ltem
429 1915 568 1996 quedam
593 1915 709 1976 domus
733 1916 837 1977 medie
866 1917 951 1978 curie
985 1917 1080 1978 simul
1112 1937 1185 1979 cum
1210 1915 1313 1978 fundo
1338 1930 1370 1978 et
1396 1915 1485 1978 hedi·

220 2022 301 2084 ficiis
318 2023 349 2084 in
369 2022 495 2084 civitate
516 2021 597 2083 inter
621 2020 737 2083 domos
755 2023 883 2105 Mathye
905 2038 935 2084 et
961 2024 1089 2086 Martini
1108 2037 1253 2084 sutorum
1277 2022 1397 2100 habita,
1414 2041 1485 2083 curu

221 2129 287 2191 suis
312 2128 512 2207 utilitatibus,
547 2148 602 2210 per
634 2128 859 2190 vendicionem
886 2129 1033 2211 Dyonisii
1066 2130 1232 2212 piscatoris
1255 2129 1486 2191 Bartholomeo

223 2235 337 2297 culturi
356 2234 424 2296 lilio
439 2235 594 2296 lobannis
608 2247 654 2296 est
667 2235 910 2316 privilegialiter
923 2237 981 2297 sub
996 2236 1149 2318 pendenti
1166 2236 1273 2317 sigillo
1287 2249 1486 2318 perpetuata.

329 2341 406 2402 ltem
432 2341 494 2402 due
512 2355 616 2422 partes
632 2360 688 2401 seu
702 2341 871 2423 porciones
889 2341 1056 2403 cuiusdam
1074 2343 1200 2420 domus,
1218 2340 1309 2403 fundi
1327 2357 1360 2403 et
1376 2338 1486 2403 hedifi-

224 2449 346 2510 ciorum
373 2449 404 2509 in
423 2447 494 2509 vico
512 2447 660 2509 exteriori
679 2447 932 2510 Theutbonicali
951 2448 1087 2509 civitatis
1103 2448 1256 2529 predicte,
1273 2448 1356 2509 inter
1374 2447 1487 2508 domos

224 2569 255 2617 et
279 2554 398 2616 fundos
430 2554 591 2616 Francisci
626 2555 842 2635 corrigiatoris
874 2569 904 2616 et
938 2555 1029 2615 Pauli
1062 2554 1221 2615 sellatoris
1251 2552 1379 2632 habite,
1411 2552 1488 2614 duas

224 2677 353 2745 quartas
387 2663 473 2723 curie
506 2663 537 2722 in
566 2682 598 2724 se
631 2663 843 2742 continentes,
877 2682 933 2743 per
956 2661 1170 2722 collacionem
1202 2674 1232 2720 et
1263 2658 1486 2720 vendicionem

225 2768 400 2831 Katherine
424 2769 569 2829 mulieris
592 2768 700 2829 relicte
726 2768 863 2829 condam
887 2767 1020 2849 Georgii
1038 2765 1208 2844 sellatoris,
1233 2764 1373 2826 Johanni
1397 2765 1487 2828 sella·

225 2877 287 2939 tori
311 2874 379 2937 filio
407 2876 501 2937 Blasii
527 2889 600 2936 sunt
628 2875 871 2957 privilegialitcr
900 2888 1088 2956 perpetuate
1120 2874 1179 2934 sub
1203 2871 1357 2954 pendenti
1383 2871 1488 2953 sigillo

226 2983 475 3060 communitatis,
508 2982 594 3043 salva
618 2983 713 3043 tercia
746 2995 834 3063 parte
866 2980 1011 3042 eiusdem
1044 2979 1169 3057 domus,
1202 2976 1294 3039 fundi
1320 2992 1351 3040 et
1377 2976 1488 3039 hedifi-

227 3091 361 3169 ciorum,
385 3091 515 3151 terciam
541 3103 684 3171 quartam
712 3089 742 3149 in
772 3108 805 3150 se
830 3089 1025 3166 continente,
1050 3086 1159 3148 liberis
1188 3085 1287 3146 Eleoe
1312 3085 1432 3146 sororis
1459 3098 1488 3145 et

228 3197 368 3258 Ladislai
394 3196 545 3278 patruelis
562 3195 695 3277 predicti
715 3193 846 3276 Georgii
868 3194 1026 3256 sellatoris
1043 3193 1142 3254 libera
1160 3191 1265 3253 adhuc
1290 3205 1489 3254 remanente.

334 3303 410 3365 ltem
430 3301 589 3383 Georgius
606 3303 744 3384 piscator
769 3299 854 3362 filius
871 3300 1012 3382 Philippi
1034 3299 1074 3361 de
1091 3299 1225 3377 Nowalr,
1249 3297 1385 3360 totalem
1401 3316 1491 3360 suam

228 3412 416 3494 porcionem
450 3410 566 3471 domus
598 3424 628 3471 et
660 3408 750 3470 fundi
783 3407 948 3469 cuiusdam
981 3427 1017 3468 ac
1051 3403 1273 3467 hedificiorum
1299 3405 1332 3466 in
1365 3404 1491 3466 civitate

229 3519 370 3601 predicta
397 3518 477 3578 inter
493 3515 610 3577 fundos
635 3529 664 3577 et
682 3515 797 3576 domos
822 3514 947 3575 Nicolai
967 3513 1147 3596 Boldotvyn
1166 3527 1197 3574 et
1221 3513 1332 3574 iacobi
1360 3513 1493 3594 Konyar

229 3625 335 3686 habite
360 3639 391 3685 et
408 3623 579 3700 existentis,
598 3642 694 3684 unam
719 3621 868 3682 videlicet
885 3633 1031 3702 quartam
1050 3619 1136 3681 curie
1154 3619 1186 3680 in
1205 3638 1238 3680 se
1262 3619 1493 3697 continentem,

230 3731 358 3792 Andree
390 3728 456 3791 filio
490 3730 640 3812 Symonis
669 3749 705 3789 ex
736 3748 893 3790 consensu
926 3726 1105 3789 Clementis
1137 3725 1194 3789 filii
1227 3727 1300 3788 Jure
1325 3727 1494 3809 piscatoris

231 3838 304 3899 dicti
331 3838 423 3916 Zore,
448 3836 551 3917 quiin
577 3835 738 3918 premissis
756 3835 865 3913 domo,
882 3832 983 3896 fundo
1009 3849 1039 3895 et
1056 3832 1213 3895 hedificiis
1231 3853 1327 3894 unam
1346 3846 1495 3916 quartam

231 3947 318 4006 curie
344 3945 519 4005 dinoscitur
552 3943 734 4025 possidere,
767 3943 912 4004 vendidit
936 3955 1092 4023 perpetuo
1125 3940 1353 4024 possidendam
1378 3955 1409 4002 et
1434 3942 1493 4002 sub

232 4050 386 4135 pendenti
412 4049 517 4130 sigillo
543 4049 648 4111 eidem
672 4049 801 4111 Andree
826 4063 872 4111 est
896 4049 987 4111 litera
1012 4063 1169 4110 emanata.

339 4157 416 4219 ltem
441 4156 580 4237 quedam
606 4156 697 4217 vinea
731 4155 964 4216 condicionalis
996 4156 1029 4215 in
1053 4154 1213 4216 territorio
1244 4152 1382 4214 civitatis
1414 4153 1498 4215 inter

233 4265 342 4325 vineas
367 4263 521 4325 Anthonii
547 4263 638 4342 jurati
674 4277 704 4323 et
733 4263 895 4324 Ambrosii
929 4260 1072 4322 liliorum
1098 4258 1230 4340 Georgii
1261 4272 1292 4319 et
1317 4258 1497 4320 liberorum

234 4370 371 4432 condam
396 4369 522 4431 Nicolai
548 4368 699 4430 aurifabri
732 4368 850 4447 habita,
883 4368 1019 4450 desuper
1043 4389 1059 4429 a
1084 4367 1135 4428 via
1169 4363 1333 4426 communi
1359 4377 1390 4426 et
1414 4362 1498 4426 inlra

239 4497 340 4558 usque
365 4477 504 4537 rivulum
532 4496 604 4536 cum
627 4476 766 4556 virgulto
791 4475 896 4535 eidem
926 4475 1018 4535 vinee
1050 4471 1225 4554 subjacenti
1249 4490 1282 4531 se
1307 4471 1498 4551 extendeus,

236 4581 359 4665 prefato
392 4582 558 4644 Anthonio
591 4582 693 4661 jurato
735 4603 790 4664 per
822 4582 1048 4643 vendicionem
1081 4580 1181 4641 Elene
1214 4579 1325 4641 relicte
1358 4580 1497 4643 condam

236 4690 391 4751 Demetrii
418 4689 558 4769 magistri
585 4703 631 4749 est
655 4688 897 4770 privilegialiter
914 4691 972 4749 sub
993 4685 1145 4769 pendenti
1170 4685 1278 4767 sigillo
1295 4700 1499 4770 perpetuata,

236 4798 277 4859 ita
303 4810 421 4876 tamen,
446 4795 532 4878 quod
552 4796 618 4878 ipse
637 4795 818 4858 Anthonius
843 4809 873 4856 et
897 4815 953 4878 per
970 4814 1042 4856 eum
1060 4793 1109 4856 sui
1126 4793 1259 4858 heredes
1284 4794 1386 4879 ipsius
1401 4795 1497 4860 vinee
