3142 5356
681 357 883 431 Ann01399·
1358 374 1420 437 109

258 568 336 631 Item
353 569 455 631 eciam
473 568 623 631 dedimus
640 568 749 631 literas
766 567 872 629 eidem
890 566 1025 629 domino
1049 567 1150 630 Paulo
1166 587 1261 651 super
1277 567 1419 651 quadam

147 690 232 737 terra
256 674 430 737 duodecim
455 675 549 736 dietis
573 689 654 736 terre
687 674 787 756 ipsius
820 671 952 736 domiue
976 671 1141 752 Mareche,
1172 688 1319 757 tempore
1344 674 1421 737 dicti

148 779 294 845 Miklini.

255 888 335 950 Item
369 888 511 950 Briccius
544 887 629 950 filius
662 886 795 968 Georgii
833 886 922 950 dedit
952 885 1215 949 concumbiuliter
1246 886 1420 969 quemdam

148 1014 243 1056 suum
268 992 406 1056 fundum
431 994 491 1055 sibi
516 1014 573 1076 per
597 994 675 1055 olim
701 993 778 1055 luan
804 992 909 1055 loffan
942 992 1064 1055 dictum
1089 992 1353 1055 testamentaliter
1376 993 1420 1054 le·

146 1114 258 1183 garum
284 1119 343 1182 pro
362 1080 512 1182 ‘quodam
536 1100 602 1162 alio
627 1099 728 1162 fundo
753 1099 886 1161 domine
907 1097 1124 1182 Margarethe‚
1149 1099 1257 1161 relicte
1283 1098 1419 1162 condam

148 1206 238 1285 luan,
264 1220 410 1288 tempore
435 1206 512 1268 dicti
536 1203 679 1270 Miklini.

256 1311 334 1374 ltem
360 1311 510 1374 dedimus
534 1311 667 1393 (literas)
692 1330 748 1394 per
772 1325 999 1374 testamentum
1017 1309 1115 1373 Blasii
1144 1311 1302 1394 selliparis
1325 1330 1421 1394 super

148 1418 290 1500 quadam
315 1432 429 1499 quarta
451 1416 596 1481 Martino
621 1415 709 1479 fratri
734 1437 804 1496 suu,
828 1432 975 1500 tempore
1001 1416 1077 1478 dicti
1102 1415 1245 1480 Miklini.

256 1525 335 1587 ltem
370 1525 509 1586 lacobus
540 1539 629 1586 sutor
654 1524 801 1586 vendidit
832 1544 922 1586 suam
955 1524 1081 1584 vineam
1117 1522 1275 1605 Gregorio
1306 1522 1421 1603 jurato,

148 1643 296 1712 tempore
321 1630 398 1694 dicti
426 1629 571 1694 Miklini.

256 1738 334 1800 Item
357 1736 519 1800 Martinus
544 1738 648 1799 dictus
673 1735 859 1799 Hanschich
884 1750 915 1798 et
935 1734 1040 1796 Katha
1066 1735 1182 1798 mulier
1207 1735 1419 1797 vendiderunt

148 1846 286 1908 fundum
313 1864 425 1907 eorum
451 1845 546 1906 Petro
571 1863 690 1924 magno
715 1844 853 1905 condam
878 1841 987 1923 judici,
1011 1854 1157 1922 tempore
1182 1841 1258 1903 dicti
1276 1839 1418 1905 Millini.

256 1951 335 2012 item
360 1955 475 2032 Agnya
501 1951 611 2012 relicta
644 1949 782 2011 condam
813 1947 983 2009 Laurencii
1008 1947 1155 2009 vendidit
1188 1967 1278 2009 suam
1302 1961 1419 2009 terram

149 2060 245 2120 Petro
270 2077 400 2138 magn0,
424 2070 571 2139 tempore
596 2056 671 2117 dicti
696 2054 839 2118 Miklini.

255 2164 333 2225 ltem
357 2161 509 2246 Mychael
533 2161 619 2224 filius
643 2162 769 2224 Nicolai
793 2159 851 2222 filii
873 2162 965 2223 Lubk
984 2160 1073 2222 dedit
1097 2179 1195 2221 unam
1219 2171 1367 2241 quartam
1388 2171 1420 2221 et
1503 2192 1508 2202 ·

149 2270 357 2333 medietatem
383 2291 439 2332 sue
464 2270 558 2331 vinee
582 2269 756 2332 Valentino
785 2267 872 2330 fratri
897 2288 967 2346 suo,
994 2282 1140 2350 tempore
1165 2266 1241 2328 dicti
1265 2263 1419 2348 Myklini.

258 2377 337 2440 Item
362 2377 516 2439 Nicolaus
536 2375 622 2438 filius
646 2376 738 2437 Lublr
772 2374 933 2458 predictus
958 2374 1046 2436 dedit
1077 2373 1242 2456 quandam
1266 2386 1413 2433 octavam

150 2504 207 2546 sue
233 2484 350 2545 domus
375 2484 406 2544 in
431 2483 504 2544 vico
536 2482 685 2543 exteriori
717 2480 883 2543 Anthonio
915 2478 1065 2542 filiosuo
1097 2477 1323 2562 proquodam
1359 2497 1418 2539 suo

152 2590 266 2669 fundo,
291 2605 435 2673 tempore
462 2590 538 2651 dicti
563 2587 702 2653 Miclini.

259 2698 336 2759 item
360 2696 544 2758 Anthonius
569 2695 654 2757 filius
678 2696 803 2757 Nicolai
829 2696 919 2757 dedit
939 2714 1032 2757 suurn
1059 2692 1195 2754 fundum
1221 2690 1345 2774 prelato
1364 2691 1416 2752 Ni·

151 2805 245 2866 coluo
262 2824 321 2865 suo
338 2803 419 2885 putri
436 2822 494 2884 pro
519 2802 658 2883 quadam
677 2822 732 2863 sua
750 2816 862 2864 octava
887 2802 985 2879 curie,
1009 2815 1155 2882 tempore
1172 2798 1247 2859 dicti
1272 2796 1414 2860 Miklini.

259 2910 337 2972 Item
361 2909 542 2991 Stephanus
567 2909 717 2991 Furnyalr
735 2907 823 2969 dedit
847 2927 940 2968 suum
958 2905 1094 2969 fundum
1121 2905 1235 2967 Burich
1259 2923 1318 2986 pro
1336 2923 1415 2984 quo·

150 3017 225 3079 dam
242 3037 302 3078 suo
320 3015 422 3077 fundo
439 3034 513 3077 cum
530 3014 751 3076 additamento
768 3034 821 3075 sex
835 3014 905 3076 flor,
922 3015 1001 3091 auri,
1018 3027 1163 3095 tempore
1181 3010 1256 3072 dicti
1274 3009 1417 3073 Miklini.

259 3123 336 3184 Item
363 3121 513 3182 dedimus
530 3119 673 3201 Georgio
692 3121 731 3181 de
756 3120 912 3182 Rakouch
930 3139 1025 3202 super
1042 3118 1180 3200 quadam
1200 3130 1308 3178 nostra
1325 3116 1418 3176 vinea

151 3232 261 3291 literas
285 3243 409 3291 nostras
426 3227 693 3289 condicionaliter
719 3228 772 3305 ite,
794 3228 881 3308 quod
900 3227 1035 3308 singulis
1059 3226 1151 3287 annis
1176 3225 1242 3306 ipse
1260 3223 1419 3302 Georgius

151 3351 206 3398 aut
231 3336 331 3417 ipsius
354 3335 446 3396 vinee
480 3353 680 3414 possessores
714 3335 808 3394 nobis
840 3334 985 3394 medium
1018 3332 1088 3394 flor,
1114 3332 1188 3393 dare
1213 3331 1419 3407 tenebuntur,

150 3457 297 3525 tempore
322 3441 398 3503 dicti
423 3439 566 3503 Miklini.

258 3548 335 3609 ltem
361 3545 506 3608 vendidit
531 3545 693 3607 lohannes
717 3545 819 3627 Bolye
852 3544 1015 3625 quandam
1048 3557 1164 3604 terram
1188 3543 1325 3604 condam
1352 3546 1417 3602 An·

150 3655 254 3716 thonii
293 3653 392 3714 Renis
416 3672 474 3734 pro
506 3652 700 3733 quibusdam
734 3651 850 3713 debitis
875 3651 975 3733 ipsius
1006 3650 1174 3728 Anthonii,
1207 3649 1350 3729 Georgio
1375 3648 1414 3707 de

152 3760 320 3839 Rakouch,
345 3774 490 3841 ternpore
515 3759 591 3820 dicti
615 3757 758 3820 Miklini.

258 3867 334 3928 item
361 3867 511 3927 dedimus
535 3866 654 3946 (literas
678 3865 812 3945 nostras)
847 3866 939 3926 Petro
963 3861 1123 3926 Merichin
1156 3883 1251 3945 super
1276 3861 1415 3943 quadam

150 3973 305 4055 particula
330 3973 433 4050 vinee,
458 3986 602 4053 tempore
627 3971 702 4032 dicti
728 3969 881 4053 Myklini,
905 3990 968 4051 que
995 3970 1073 4032 olim
1099 3969 1191 4030 Pauli
1208 3966 1417 4031 Merichichie

149 4078 354 4163 preufuisset.

258 4184 335 4247 Item
362 4186 482 4246 Rosina
508 4184 652 4246 vendidit
677 4184 805 4246 vineam
823 4203 913 4245 suam
938 4182 1073 4244 domino
1098 4181 1249 4259 Johanni,
1273 4194 1416 4263 ternpore

150 4294 226 4355 dicti
251 4291 395 4356 Miklini.

256 4400 333 4462 ltem
344 4399 474 4460 domina
489 4396 694 4479 Margaretha
711 4396 776 4457 filia
790 4396 927 4457 condam
943 4396 967 4457 F
971 4395 1102 4457 rancisci
1120 4394 1272 4456 aurilabri
1282 4394 1414 4455 donavit

150 4505 323 4588 quemdam
349 4525 443 4566 suum
461 4502 597 4566 fundum
623 4504 758 4564 Nicolao
776 4523 834 4563 suo
859 4503 985 4582 marito,
1002 4516 1147 4582 ternpore
1168 4501 1242 4562 dicti
1265 4498 1417 4582 Myklini.

257 4612 333 4673 item
359 4609 481 4673 Mathei
508 4611 612 4672 dictus
636 4611 790 4690 laruasyn
813 4630 848 4670 ac
867 4613 994 4689 Agnesa
1018 4629 1073 4669 sua
1091 4628 1221 4669 consors
1247 4621 1277 4667 et
1302 4607 1417 4667 lauros

149 4738 206 4779 sua
241 4736 351 4779 socrus
383 4717 598 4779 vendiderunt
631 4715 766 4776 fundum
804 4735 916 4777 eorum
950 4714 1108 4794 Gregorio
1142 4713 1209 4774 tilio
1235 4712 1353 4773 Wlkcli
1387 4725 1416 4772 ct

151 4829 278 4906 Agneso
303 4843 358 4886 sue
384 4824 536 4901 consorti,
560 4836 705 4903 tempore
731 4823 806 4883 dicti
831 4820 974 4884 Miklini.
