3142 5356
154 473 210 536 ¹7²
520 459 605 513 Anno
628 466 717 530 1507.
743 488 782 498 —
805 467 838 529 9.
862 455 1030 513 novembris.

149 665 306 729 Schitatio
330 667 488 748 requirat;
513 667 552 728 de
570 667 640 727 aliis
656 681 764 728 autem
786 666 1053 747 possessionibus,
1067 665 1179 742 vineis,
1204 666 1306 741 terris,
1333 662 1415 726 leni-

140 774 242 850 lrbus,
265 773 353 834 silvis
377 794 414 834 ac
437 775 507 834 altis
531 775 570 834 ad
596 773 724 834 easdem
749 773 966 855 possessiones
992 772 1235 854 pertinentibus,
1260 772 1315 833 ubi
1338 773 1414 832 dicit

150 895 336 962 procurator
361 880 479 960 egregii
507 880 644 940 Emerici
670 879 799 940 Therek
828 879 867 939 ad
893 879 992 940 dictas
1016 878 1234 960 possessiones
1258 891 1343 940 certa
1362 899 1412 939 ex·

148 987 302 1068 posuisse,
327 987 387 1047 hoc
412 990 511 1048 eciam
536 986 641 1047 taliter
666 986 902 1063 adinvenimus,
923 985 947 1045 si
973 981 1114 1066 prelatus
1138 983 1291 1044 dominus
1317 984 1412 1045 Eme·

147 1093 231 1154 ricus
257 1092 386 1155 Therek
411 1093 534 1174 aliquid
551 1093 709 1174 exposuit,
723 1090 859 1154 fructum
878 1105 908 1153 et
932 1091 1103 1153 utilitatem
1124 1090 1320 1173 prelatarum
1338 1110 1410 1172 pos·

149 1200 328 1262 sessionum
359 1198 552 1261 sufficienter
583 1219 621 1259 ex
653 1199 717 1259 illis
749 1199 870 1260 habuit.
902 1233 945 1242 -
977 1195 1120 1260 Prelatus
1150 1217 1226 1259 vero
1258 1196 1413 1257 dominus

149 1306 264 1367 Sowan
291 1320 477 1389 procurator
502 1306 620 1386 egregii
646 1306 769 1366 domini
796 1305 935 1366 Emerici
953 1304 1082 1365 Therelt
1106 1323 1202 1385 super
1224 1302 1349 1382 judicio
1366 1323 1413 1364 se·

148 1411 276 1472 niorum
302 1431 367 1473 non
392 1427 562 1473 contentus
586 1412 641 1472 sed
658 1412 790 1473 totalem
816 1431 944 1472 causam
963 1411 1137 1492 appellavit
1161 1410 1199 1470 ad
1226 1410 1414 1489 magistrum

151 1516 428 1594 thavernicorum3
470 1518 632 1579 lohannes
671 1538 747 1579 vero
780 1517 936 1579 Saronich
968 1536 1065 1598 super
1096 1515 1216 1596 judicio
1248 1515 1415 1576 seniorum

149 1623 293 1704 judicum
317 1625 349 1685 in
374 1625 526 1686 omnibus
550 1625 693 1706 partibus
717 1637 763 1684 est
787 1637 967 1700 contentus,
985 1623 1091 1683 solum
1117 1642 1212 1704 super
1235 1621 1415 1702 expositio-

148 1749 222 1792 nem
248 1730 363 1793 domus
387 1732 560 1814 appellavit
584 1731 624 1792 ad
650 1731 837 1811 magistrum
862 1730 1133 1792 thavernicorum.

177 1967 271 2042 letia
301 1979 397 2042 sexta
425 1963 578 2059 proxima
615 1978 691 2059 post
719 1970 842 2041 testum
874 1967 1067 2040 beatissime
1098 1969 1201 2039 llarie
1228 1969 1267 2038 de
1297 1967 1390 2042 Nive.

675 2120 720 2199 (6.
745 2122 886 2198 augum).

255 2262 394 2324 Jacobus
417 2263 495 2324 alias
527 2262 668 2324 decanus
698 2263 841 2324 secundo
873 2263 987 2323 citatus
1012 2263 1052 2324 ad
1086 2262 1273 2325 instanciam
1301 2262 1414 2323 Jacobi

148 2369 283 2430 senioris
308 2369 422 2450 judicis
445 2390 510 2431 nou
535 2371 725 2451 comparuit.

255 2475 392 2537 Michael
416 2474 556 2558 irenipar
574 2477 613 2537 ad
632 2477 818 2539 instanciam
838 2478 1001 2540 Valentini
1028 2477 1160 2539 Bedualt
1176 2477 1281 2558 primo
1300 2475 1416 2537 citatus

148 2601 213 2642 nou
238 2583 428 2664 comparuit.

254 2689 393 2750 lacobus
417 2689 495 2750 alias
519 2690 658 2750 decanus
682 2689 721 2751 ad
759 2690 947 2752 instanciam
974 2689 1126 2752 Sinkonis
1158 2687 1274 2749 literati
1307 2688 1415 2768 primo

148 2793 262 2854 citatus
286 2813 350 2855 non
375 2796 565 2876 comparuit.

254 2899 383 2985 Mathey
407 2900 527 2980 juratus
544 2901 582 2962 de
605 2902 675 2963 vico
693 2915 837 2963 sutorum
857 2903 896 2963 ad
915 2902 1103 2963 instanciam
1121 2899 1251 2961 Andree
1268 2899 1415 2962 Kowach

58 2987 60 2991 ¹
147 3005 289 3068 secundo
313 3007 427 3069 citatus
452 3028 517 3069 non
542 3010 732 3090 comparuit.

256 3111 367 3174 Petrus
392 3112 529 3176 carnifex
554 3114 593 3175 ad
619 3115 808 3176 instanciam
835 3115 954 3177 Mathei
979 3114 1146 3197 ireniparis
1171 3113 1275 3196 primo
1300 3113 1417 3176 citatus

152 3236 218 3278 non
243 3220 433 3302 comparuit.

210 3447 306 3526 teria
334 3459 442 3528 tercia
471 3460 627 3545 proxima
656 3469 735 3531 ante
764 3460 887 3531 testum
916 3462 1005 3530 beati
1035 3460 1172 3530 Martini
1201 3456 1360 3548 episcopi.

654 3614 697 3688 (9.
722 3613 904 3678 novembris).

256 3751 400 3812 Ratione
425 3751 590 3813 cuiusdam
616 3752 746 3815 infamie
779 3768 809 3815 et
834 3753 907 3817 furti
933 3755 1014 3814 inter
1040 3754 1216 3815 Sinkonem
1248 3753 1414 3819 literatum

151 3871 182 3919 et
212 3858 368 3919 iacobum
393 3858 471 3918 alias
502 3858 670 3937 decanum,
703 3862 757 3922 ubi
790 3862 893 3923 dictus
918 3863 1055 3924 Jacobus
1081 3863 1167 3943 prius
1191 3861 1312 3923 dictum
1341 3863 1414 3925 Sin-

151 3965 268 4025 konem
304 3963 432 4024 racione
469 3964 652 4026 huiusmodi
687 3965 761 4027 furti
793 3968 926 4048 juridice
970 3969 1160 4030 convincere
1193 3988 1256 4029 non
1294 3971 1413 4050 potuit,

149 4069 204 4130 sed
228 4089 261 4130 se
286 4069 388 4131 dictus
414 4068 513 4132 Sinlto
539 4070 578 4130 de
610 4070 795 4133 huiusmodi
829 4073 913 4135 furto
938 4096 970 4136 se
996 4076 1193 4157 expurgavit,
1225 4075 1318 4156 jurati
1354 4078 1409 4138 ad·

148 4174 341 4256 judicarunt,
366 4176 454 4256 quod
480 4176 564 4236 idem
597 4178 735 4239 Jacobus
767 4182 932 4242 convictus
964 4196 1010 4242 est
1035 4197 1143 4243 contra
1177 4182 1357 4244 Sinkonem
1382 4185 1413 4246 in

149 4282 224 4342 vivo
249 4281 419 4361 homagi03
445 4283 498 4342 ubi
524 4282 627 4344 dictus
656 4285 793 4346 Jacobus
825 4289 864 4348 de
889 4287 1008 4364 judicio
1043 4289 1220 4369 juratorum
1245 4309 1310 4350 non
1337 4310 1416 4352 con-

150 4401 256 4448 tentus
280 4387 454 4469 appellavit
477 4387 517 4448 ad
541 4390 681 4450 seniores
709 4391 840 4473 judices.

255 4494 377 4556 Eodem
412 4495 463 4555 die
496 4515 589 4557 causa
624 4498 705 4558 inter
742 4498 918 4580 Georgium
952 4503 1187 4582 carpentarium
1213 4517 1243 4564 et
1266 4503 1415 4568 Vlricum

147 4601 320 4682 lapicidam
346 4601 474 4662 racione
508 4615 538 4663 et
568 4618 713 4684 pretextu
745 4607 959 4687 percussionis
989 4622 1021 4668 et
1044 4627 1146 4689 usque
1176 4608 1215 4670 ad
1247 4613 1417 4691 sanguinis

149 4706 339 4769 effusionem
364 4728 420 4790 per
452 4708 610 4790 prelatum
642 4711 785 4772 Vlricum
820 4714 851 4773 in
884 4713 1061 4793 Georgium
1092 4729 1122 4776 et
1154 4716 1222 4776 eius
1253 4715 1415 4782 famulum

148 4810 243 4893 facte,
275 4813 367 4895 jurati
401 4814 635 4895 adjudicarunt,
668 4818 755 4897 quod
789 4820 891 4880 dictus
923 4821 1050 4881 Vlricus
1081 4822 1218 4902 lapicida
1243 4823 1274 4883 in
1300 4822 1415 4887 decern

150 4923 258 5004 pensis
281 4936 411 4985 monete
436 4924 555 4986 usualis
571 4939 636 4986 tam
661 4923 784 5006 prelato
803 4925 944 5007 Georgio
972 4947 1069 5009 quam
1095 4929 1195 4990 eciam
1213 4927 1337 4992 famulo
1354 4952 1416 4996 suo
