3142 5356
229 326 292 387 208
693 392 696 398 .
761 327 847 382 Anno
870 338 960 400 1431.

228 540 258 600 in
285 560 317 599 se
342 539 571 615 continentem,
597 556 668 598 cum
688 536 753 596 suis
778 535 984 616 pertinenciis
1014 535 1163 596 Michaeli
1189 535 1406 598 barbitonsori
1427 533 1493 595 filio

229 643 348 706 Mathie
372 642 522 724 lutifiguli
547 662 605 724 pro
632 641 725 703 certis
744 641 809 701 suis
833 641 976 702 serviciis
995 655 1026 701 et
1051 641 1299 723 complacenciis
1315 640 1406 702 dedit
1423 660 1494 722 per·

228 765 325 833 petuo
349 749 592 832 possidendum.

335 855 411 917 ltem
437 857 587 937 magister
612 855 774 917 Johannes
798 853 936 936 lapicida
961 851 1047 914 filius
1072 852 1213 933 magistri
1239 853 1325 915 Petri
1349 853 1497 915 similiter

229 961 366 1044 lapicide
390 961 428 1022 de
455 962 568 1042 Praga,
588 961 751 1042 quandam
770 960 897 1022 vineam
915 979 1005 1020 suam
1032 959 1063 1019 in
1081 959 1243 1020 territorio
1263 959 1402 1020 civitatis
1420 960 1500 1021 inter

229 1069 338 1129 vineas
363 1068 446 1128 lwan
472 1066 529 1128 lilii
555 1067 717 1128 Valentini
744 1081 775 1127 et
799 1065 890 1127 Pauli
915 1065 1045 1126 sartoris
1078 1063 1134 1126 filii
1161 1064 1328 1144 lobannis,
1353 1085 1389 1126 ac
1415 1065 1498 1127 Petri

229 1172 286 1235 filii
311 1172 463 1255 Stephani
490 1173 567 1234 dicti
591 1173 708 1250 Videk,
743 1193 798 1254 per
830 1186 931 1233 certas
954 1185 1055 1233 metas
1087 1172 1237 1233 arborum
1271 1172 1302 1233 in
1328 1172 1420 1234 litera
1446 1193 1496 1234 ex·

230 1299 420 1362 pressatum,
446 1279 599 1356 habitam,
618 1279 754 1360 desuper
778 1279 863 1340 avia
886 1277 1064 1356 communi,
1081 1276 1163 1339 infra
1180 1298 1282 1360 usque
1306 1278 1424 1340 vallem
1444 1297 1500 1340 seu

230 1387 397 1448 decursum
416 1405 498 1467 aque
522 1385 671 1467 pluvialis
695 1385 760 1445 sive
779 1404 880 1466 usque
898 1384 1102 1446 medietatem
1121 1385 1303 1445 communis
1321 1385 1370 1446 vie
1396 1386 1495 1466 ipsius

231 1493 349 1554 montis
366 1512 397 1552 se
416 1491 665 1552 demonstrantis
685 1491 920 1568 extendentem,
938 1510 1009 1551 cum
1029 1491 1094 1551 suis
1107 1491 1324 1572 pertinenciis,
1341 1505 1497 1553 annotato

232 1599 325 1687 Petro
342 1598 448 1658 vicino
465 1617 524 1658 suo
542 1616 600 1679 pro
619 1597 732 1678 viginti
750 1596 819 1658 flor.
837 1597 905 1657 auri
920 1596 1066 1658 vendidit
1082 1611 1237 1679 perpetuo
1254 1596 1497 1679 possidendam.

336 1704 412 1765 ltem
439 1704 578 1784 quedam
606 1704 700 1764 vinea
734 1705 766 1764 in
792 1704 952 1764 territorio
985 1717 1095 1765 nostro
1131 1705 1212 1764 inter
1234 1704 1344 1764 vineas
1368 1704 1501 1788 Mathye

231 1811 340 1892 generi
367 1811 505 1871 condam
531 1810 671 1890 magistri
700 1809 854 1889 Stephani
888 1810 1003 1871 literati
1029 1824 1059 1870 et
1084 1809 1208 1871 domini
1234 1810 1391 1872 Demetrii
1418 1831 1502 1892 pres·

231 1917 322 1977 biteri
347 1914 403 1976 filii
439 1916 594 1977 iohannis
626 1913 683 1975 filii
721 1915 847 1976 Millini
880 1915 999 1992 habita,
1032 1915 1169 1997 desuper
1193 1936 1210 1976 a
1236 1916 1287 1976 via
1320 1917 1501 1994 communi,

231 2021 311 2083 inira
337 2043 438 2103 usque
463 2023 582 2083 vallem
607 2042 663 2082 seu
688 2022 858 2082 decursum
877 2042 958 2102 aque
983 2022 1133 2103 pluvialis
1155 2042 1189 2083 se
1214 2023 1404 2100 extendens,
1429 2043 1500 2084 cum

231 2129 355 2191 duabus
378 2130 482 2210 glebis
507 2130 621 2190 vitium
654 2129 753 2209 vulgo
782 2129 877 2209 greda
912 2143 1117 2204 vocatarum;
1150 2129 1226 2189 item
1252 2129 1392 2209 quedam
1418 2143 1500 2189 terra

230 2235 359 2296 arabilis
384 2237 414 2295 in
448 2255 563 2316 campo
588 2235 724 2296 civitatis
756 2235 838 2296 inter
871 2233 968 2295 fenile
1002 2234 1178 2295 liberorum
1211 2234 1349 2296 condam
1384 2235 1497 2296 Jacobi

232 2340 362 2419 Pulech,
387 2340 549 2402 mediante
567 2340 708 2422 quodam
736 2341 839 2401 rivulo
864 2361 880 2400 a
910 2339 1023 2420 Zigeth
1049 2341 1212 2401 communi
1239 2341 1431 2402 decurrente
1455 2343 1495 2402 ab

231 2447 406 2525 oriente,a
440 2447 619 2508 meridione
652 2467 750 2527 penes
782 2447 865 2507 viam
898 2447 1074 2527 publicam,
1107 2448 1146 2507 ab
1179 2447 1348 2509 occidente
1373 2463 1406 2509 et
1430 2468 1499 2530 sep-

232 2553 404 2614 temtrione
439 2572 537 2634 penes
569 2552 748 2634 predictum
782 2551 894 2631 Zigeth
931 2551 1059 2631 habita,
1092 2573 1164 2614 curn
1198 2554 1264 2614 suis
1296 2554 1502 2635 pertinenciis

231 2660 375 2740 quinque
401 2658 451 2718 vel
478 2659 556 2720 citra
581 2658 682 2720 dietas
707 2659 739 2719 in
764 2679 796 2719 se
815 2658 995 2737 continens,
1022 2659 1200 2741 Elyzabeth
1227 2660 1337 2722 relicte
1362 2661 1499 2722 condam

232 2765 342 2826 Jacobi
368 2765 515 2826 Horuath
548 2786 585 2825 ex
617 2763 785 2827 sufficienti
821 2766 1093 2846 comprobacione
1118 2780 1165 2828 est
1188 2781 1399 2848 perpetuata,
1423 2787 1500 2848 quas

232 2869 344 2930 Friche
369 2871 484 2931 marito
500 2890 559 2931 suo
584 2891 620 2931 ac
645 2890 682 2931 ex
708 2871 783 2952 ipsis
800 2871 1017 2952 superviventi
1043 2871 1199 2954 (donavit)
1222 2887 1381 2954 perpetuo
1399 2873 1498 2955 possi-

234 2974 364 3038 dendas.

286 3176 366 3247 llem
398 3175 480 3247 leria
510 3186 608 3247 sexta
642 3177 796 3266 proxima
824 3188 900 3267 post
939 3179 1061 3250 festum
1092 3176 1328 3250 conversionis
1357 3181 1446 3252 beati

724 3302 819 3372 Pauli
849 3303 1005 3390 apostoli.

739 3468 803 3545 (26.
821 3474 987 3547 junuarii).

341 3610 417 3669 ltem
444 3611 543 3689 proha
569 3610 684 3670 mulier
706 3612 906 3691 Margaretha
936 3627 1047 3673 vocata
1072 3613 1183 3675 relicta
1207 3613 1348 3675 condam
1366 3613 1494 3694 Georgii

234 3715 382 3796 lapicide,
408 3735 492 3775 nunc
511 3734 642 3775 consors
660 3716 742 3777 Petri
766 3717 985 3778 Theuthonici
1004 3718 1164 3793 Delinich‚
1182 3719 1345 3800 quandam
1364 3720 1492 3782 domum

233 3840 323 3880 suant
350 3835 506 3881 muratam
525 3821 621 3881 simul
647 3842 717 3882 cum
738 3822 838 3885 lundo
856 3839 886 3883 et
911 3822 1077 3902 hedificiis,
1097 3826 1178 3886 inter
1203 3825 1319 3887 domos
1336 3841 1367 3888 et
1384 3825 1498 3888 fundos

188 4006 190 4010 λ
234 3928 409 3987 liberorum
436 3927 571 3987 condam
599 3929 727 4012 Mathyc
760 3927 924 4008 institoris,
949 3932 988 3990 ab
1021 3950 1084 3991 una
1109 3946 1210 4014 parte,
1234 3932 1274 3993 ab
1299 3932 1400 3994 altera
1425 3952 1497 3994 vero

234 4034 380 4093 similiter
405 4033 580 4094 liberorum
606 4035 741 4095 condam
769 4036 986 4097 Bartholomei
1011 4051 1041 4098 et
1066 4037 1194 4100 Andree
1218 4051 1406 4100 nostrorum
1424 4059 1497 4100 con·

234 4140 352 4200 civium
378 4139 518 4200 habitam
555 4139 640 4217 juxta
666 4161 792 4201 murum
818 4142 953 4203 civitatis
986 4142 1106 4224 prefate
1131 4144 1332 4222 existentem,
1359 4146 1496 4208 mediam

240 4245 358 4304 curiam
398 4245 427 4304 in
454 4266 486 4306 se
518 4246 701 4323 habentem,
734 4267 805 4306 cum
831 4248 896 4307 suis
928 4249 1133 4330 pertinenciis
1165 4250 1272 4312 Blasio
1305 4251 1496 4313 stacionario

232 4349 299 4411 filio
326 4351 414 4410 Pauli
440 4351 584 4411 vendidit
609 4372 666 4432 pro
692 4354 803 4433 viginti
829 4354 898 4416 flor.
924 4356 992 4415 auri
1019 4369 1175 4438 perpetuo
1200 4358 1443 4438 possidendam.

342 4457 417 4517 Item
445 4458 570 4517 nobiles
594 4457 725 4534 juvenes
758 4460 924 4520 Ladislaus
956 4476 987 4522 et
1011 4462 1173 4523 lohannes
1196 4460 1255 4524 filii
1280 4463 1419 4524 condam
1446 4464 1497 4525 Ni·

235 4565 315 4625 colai
342 4564 398 4625 filii
426 4565 509 4625 lwan
536 4565 575 4626 de
595 4566 808 4643 Brezowicza,
833 4568 995 4648 quandam
1015 4569 1149 4631 domum
1168 4589 1280 4632 eorum
1307 4590 1380 4632 cum
1399 4571 1497 4632 fundo

235 4686 266 4733 et
290 4671 446 4733 hedificiis
472 4673 501 4732 in
529 4671 611 4733 dicta
645 4673 770 4734 civitate
805 4674 886 4734 inter
918 4674 1033 4735 domos
1065 4689 1096 4738 et
1120 4675 1238 4739 fundos
1263 4677 1367 4738 Kusse
1393 4676 1496 4740 Gerli·

235 4779 368 4840 chichna
394 4793 504 4838 vocate
530 4779 637 4838 relicte
666 4779 802 4839 condam
830 4780 930 4858 Pauli,
950 4795 979 4840 et
997 4780 1172 4843 liberorum
1197 4781 1337 4845 condam
1363 4782 1495 4865 Georgii
