3142 5356
462 466 549 522 Anno
572 475 660 541 1527.
686 498 727 508 -
751 479 779 523 1.
804 462 970 539 februarii.
1291 480 1349 542 ²4¹

551 675 698 738 Thomas
727 676 886 758 Bosnyak.

554 782 731 864 Gregorius
755 801 876 864 sporar.
908 806 912 813 ·

552 888 714 971 Georgius
738 909 865 971 parvus.

553 996 691 1059 Mathias
715 1015 835 1078 sporar.

552 1102 712 1184 Georgius
741 1100 934 1184 Golwbych.

551 1210 664 1272 Simon
689 1209 729 1270 de
752 1209 824 1270 vico
848 1223 1003 1270 sutorum.

551 1317 653 1398 Kyrin
678 1314 762 1376 filius
787 1315 921 1376 Francz.

547 1421 693 1503 Angelus
717 1421 823 1484 Italus.

551 1527 799 1590 Bartholomeus
824 1527 863 1590 de
889 1529 969 1591 vico.

550 1633 705 1696 Nicolaus
733 1653 838 1698 cocus.

553 1740 643 1802 Hans
668 1760 785 1802 mezar.

552 1847 720 1908 Emericus
745 1845 843 1909 saber.

552 1953 711 2016 Martinus
734 1967 846 2016 sartor.

553 2060 650 2143 Elyas
674 2059 779 2144 dwgy.

469 2330 565 2405 Feria
594 2340 695 2404 sexta
721 2332 799 2422 post
828 2333 969 2422 Georgii.

614 2490 676 2566 (27.
701 2490 829 2563 aprilis).

102 2706 109 2718 ·
195 2630 353 2712 Georgius
376 2649 476 2711 gener
493 2630 636 2692 Baltasar
661 2631 775 2692 citatus
793 2630 832 2691 ad
851 2632 1039 2692 instanciam
1065 2632 1193 2693 Martini
1220 2631 1352 2693 sartoris

20 2775 22 2778 ⁴
61 2715 202 2815 pr¹¹110,
225 2757 289 2798 non
316 2736 508 2818 comparuit.

193 2860 268 2922 item
293 2860 409 2922 eodem
435 2860 487 2921 die
511 2859 696 2920 Anthonius
726 2880 825 2940 gener
851 2859 999 2940 Gregorii
1025 2859 1208 2942 Zabwchky
1232 2860 1352 2922 citatus

60 2932 102 2993 ad
139 2952 338 3028 instanciam
365 2965 485 3028 Mathie
502 2966 651 3027 similiter
668 2965 723 3027 filii
743 2967 925 3048 Zabwchky
943 2967 1059 3048 primo,
1077 2986 1142 3026 non
1158 2967 1349 3048 comparuit.

60 3159 183 3274 Faria
210 3214 308 3277 sexta
337 3209 491 3294 proxima
512 3209 603 3277 intra
636 3215 778 3279 octavas
799 3204 1049 3294 Assumpcionis
1070 3206 1173 3276 Mario
1193 3208 1348 3292 virginis.

592 3360 655 3437 (17.
679 3358 824 3437 augusti).

193 3501 297 3563 Causa
323 3502 405 3563 inter
430 3502 573 3562 Marcum
592 3503 716 3583 Posgay
742 3516 772 3562 et
797 3499 1026 3582 prebendarios
1044 3520 1102 3581 pro
1130 3515 1219 3581 parte
1245 3501 1350 3562 cuius-

57 3593 160 3743 juam
188 3608 260 3688 equi
293 3607 399 3668 delata
432 3621 463 3667 et
494 3623 621 3690 accepta
655 3622 702 3668 est
733 3605 907 3667 adsedem
943 3606 1128 3667 immediate
1161 3622 1348 3689 sequentem

100 3693 262 3776 ridicam.

192 3836 265 3898 item
292 3837 408 3899 eodem
426 3838 476 3898 dic
503 3839 614 3899 Petrus
631 3839 751 3899 Rwsko
777 3839 815 3899 de
841 3840 982 3899 Abbacia
1009 3840 1182 3899 Martinum
1208 3853 1348 3901 sutorem

58 3913 96 3965 et
130 3933 297 4004 decanum
324 3963 436 4005 eorum
462 3945 500 4005 ad
527 3945 666 4025 primum
698 3943 854 4023 judicium
879 3945 998 4022 citavit,
1025 3965 1088 4005 non
1116 3945 1304 4026 comparuit.

81 4140 199 4251 Feria
227 4193 325 4254 sexta
354 4181 505 4271 proxima
535 4193 612 4253 ante
642 4183 726 4253 diem
756 4175 1013 4253 Purificacionis
1044 4182 1148 4252 iiarie
1177 4182 1330 4270 virginis.

495 4351 537 4430 (1.
555 4355 716 4428 februarii,
739 4374 808 4414 ann.
836 4354 940 4428 1527).

194 4493 364 4555 Scolastica
390 4513 521 4555 consors
546 4494 672 4555 Nicolai
697 4495 813 4555 sutoris
845 4495 884 4554 de
908 4495 1063 4555 suburbio
1089 4494 1127 4554 ad
1154 4494 1344 4554 instanciam

54 4587 219 4733 pomino
245 4601 413 4664 Elizabeth
446 4601 602 4663 consortis
636 4602 725 4662 Pauli
758 4603 873 4662 literati
907 4603 1011 4682 primo
1029 4603 1132 4678 citata,
1165 4621 1230 4661 non
1260 4620 1342 4661 com·

87 4690 202 4768 ‘ruis

194 4831 269 4895 Item
293 4831 410 4895 eodem
441 4832 493 4893 die
527 4832 664 4894 Michael
698 4832 886 4916 Oprasnych
918 4835 958 4894 ad
994 4834 1181 4894 instanciam
1218 4833 1348 4894 domine

99 4926 259 5001 ‘theriac
285 4939 325 5001 de
350 4938 650 5021 Quinqueecclesiis
674 4940 787 5000 citatus
820 4941 936 5021 primo,
961 4959 1025 5000 non
1050 4940 1240 5020 comparuit.

1261 5042 1300 5092 to
