3156 5364
693 365 780 424 Anno
803 377 892 443 1435·
1361 387 1423 450 277

164 592 280 635 norum
312 573 528 656 predictorum
562 588 593 636 et
625 594 661 635 er
694 595 852 638 consensu
885 576 1017 659 Georgii
1049 578 1165 640 literati
1199 578 1312 641 Thucz
1346 580 1422 643 dicti

162 679 259 741 aliam
284 680 490 742 medietatem
515 680 658 742 eiusdem
684 681 800 744 domus
824 697 947 746 mutate
972 698 1003 746 et
1016 682 1111 746 fundi
1135 685 1340 768 possidentis,
1353 707 1423 769 per·

162 798 261 869 petuo
284 787 514 870 possidendam
538 787 762 858 vendiderunt.
1208 801 1211 807 '

258 1006 340 1079 lten
371 1007 457 1080 feria
485 1010 593 1080 tercia
623 1009 770 1081 infesto
799 1010 957 1082 videlicet
984 1008 1217 1084 Conversionis
1245 1012 1335 1085 beati
1373 1040 1375 1045 >

654 1133 750 1204 Pauli
778 1134 934 1222 apostoli.

672 1288 734 1362 (25.
751 1287 917 1363 junuarii).

269 1425 346 1487 Item
372 1425 523 1488 dominus
546 1426 730 1489 Anthonius
754 1427 912 1509 plebanus
944 1428 1076 1489 ecclesie
1100 1442 1207 1489 nostre
1230 1426 1422 1509 parochialis

161 1532 245 1594 beati
271 1533 369 1594 Marci
394 1533 612 1614 ewangeliste,
630 1533 782 1595 directam
805 1546 836 1595 et
861 1534 1008 1615 equalem
1027 1534 1231 1596 medietatem
1256 1533 1421 1594 cuiusdam

160 1637 277 1700 domus
300 1659 356 1700 sue
381 1652 412 1700 et
436 1637 528 1701 lundi
552 1659 588 1700 ac
622 1639 846 1701 hedificiorum
871 1640 903 1700 in
937 1639 1020 1701 dicta
1045 1640 1171 1701 civitate
1195 1641 1277 1700 inter
1308 1639 1423 1699 domos

160 1757 191 1807 et
214 1743 333 1806 fundos
357 1745 498 1807 virorum
524 1745 735 1827 providorum
761 1746 927 1808 Benedicti
950 1746 1042 1807 aliter
1065 1744 1239 1807 Wenthich
1264 1745 1368 1805 vocati
1392 1760 1422 1806 et

161 1850 246 1912 Petri
271 1849 328 1913 filii
355 1852 491 1929 Nicolai,
524 1853 564 1913 ab
597 1872 671 1930 una,
703 1865 734 1913 et
765 1866 854 1935 parte
879 1854 919 1913 ab
951 1853 1050 1914 altera
1075 1853 1208 1914 Fabiani
1241 1865 1271 1914 et
1296 1851 1421 1912 Lucasii

160 1970 345 2018 nostrorum
369 1958 517 2019 similiter
541 1958 722 2019 concivium
747 1959 866 2037 habite,
902 1978 998 2020 unam
1024 1959 1174 2022 videlicet
1195 1950 1421 2020 tantummodo

161 2078 307 2146 quartam
332 2065 419 2125 curie
444 2065 476 2125 in
501 2084 533 2125 se
559 2065 789 2144 continentem,
815 2065 923 2127 Blasio
958 2066 1072 2128 cultori
1098 2064 1184 2126 lratri
1209 2085 1268 2126 suo
1292 2064 1421 2145 juniori,

160 2184 194 2232 ut
220 2170 283 2252 jam
309 2190 395 2233 novo
421 2171 545 2233 concivi
577 2187 697 2249 nostro,
730 2171 861 2234 donavit
886 2186 1040 2255 perpetuo
1071 2170 1310 2255 possidendam,
1334 2171 1420 2233 salva

151 2276 223 2348 ,alia
248 2277 420 2339 medietate
445 2277 589 2340 eiusdem
608 2278 724 2340 domus
749 2293 779 2340 et
804 2277 895 2339 fundi
913 2299 949 2340 ac
973 2277 1207 2356 hedificiorum,
1231 2297 1328 2338 unam
1345 2296 1420 2338 con·

158 2383 305 2445 similiter
338 2398 484 2466 quartam
517 2385 604 2446 curie
637 2386 668 2445 in
701 2405 732 2447 se
765 2383 949 2465 habentem,
977 2405 1075 2467 quarn
1106 2384 1247 2468 prelatus
1270 2383 1421 2445 dominus

158 2488 341 2551 Anthonius
364 2509 422 2572 pro
447 2511 480 2553 se
504 2491 678 2553 reservavit
702 2491 940 2573 possidendam.

264 2595 341 2657 ltem
367 2597 485 2658 Paulus
510 2596 692 2679 Kerpanich
717 2595 802 2658 filius
820 2595 953 2678 Georgii
978 2612 1008 2659 et
1033 2597 1215 2679 Stephanus
1231 2612 1320 2660 sutor
1335 2597 1420 2660 filius

159 2702 300 2782 Martini,
325 2703 476 2765 concives
500 2704 610 2782 nostri,
635 2704 846 2765 commissarii
879 2718 910 2765 et
933 2717 1117 2766 executores
1140 2705 1321 2767 testamenti
1345 2724 1418 2786 pro·

157 2809 231 2870 vide
263 2809 408 2872 mulieris
440 2810 536 2872 Lucia
570 2824 682 2872 vocate
714 2810 823 2872 relicte
863 2811 1000 2872 condam
1033 2810 1160 2873 Thorne
1193 2811 1309 2874 sutoris
1343 2811 1418 2873 dicti

151 2912 389 2998 .Gerdsewych,
414 2916 575 2997 quendem
601 2916 755 2999 (hlortum
789 2917 888 3000 ipsius
912 2917 1010 2979 anie
1042 2917 1186 2978 mulieris
1216 2917 1312 2979 simul
1345 2936 1418 2978 cum

156 3021 284 3082 stabulo
308 3021 482 3102 vulgariter
513 3023 613 3104 stagel
637 3022 734 3101 dicto,
766 3043 825 3085 nec
856 3043 920 3084 non
945 3023 1069 3103 (hloreo
1103 3024 1135 3083 in
1160 3022 1241 3085 facie
1273 3023 1417 3086 eiusdem

151 3125 264 3208 (h)orti
289 3129 446 3207 existenti,
471 3129 504 3189 in
528 3130 684 3190 suburbio
709 3129 792 3192 dicte
818 3129 954 3192 civitatis
978 3130 1059 3191 inter
1084 3128 1217 3210 (h)ortos
1240 3129 1415 3191 liberorum

152 3231 294 3294 condam
321 3234 411 3295 Pauli
443 3235 572 3297 sartoris
603 3249 633 3295 et
662 3235 801 3296 Ladislai
834 3234 985 3297 aurifabri
1009 3235 1102 3317 jurati
1136 3235 1234 3297 nostri
1270 3235 1417 3296 moderni

155 3337 315 3417 habitum,
339 3340 474 3402 domino
498 3341 664 3402 Anthonio
689 3341 756 3402 filio
774 3342 918 3403 Barnabe
935 3356 966 3403 et
983 3341 1090 3403 Blasio
1115 3342 1229 3403 cultori
1254 3339 1341 3402 lratri
1358 3360 1416 3403 suo

156 3447 274 3528 carnali
298 3465 357 3528 pro
381 3447 495 3528 viginti
519 3446 588 3509 flor.
613 3448 681 3508 auri
705 3448 919 3509 vendiderunt
942 3461 1098 3529 perpetuo
1122 3447 1364 3530 possidendum.

263 3552 340 3614 ltem
365 3552 482 3615 domus
506 3567 629 3615 murata
654 3568 684 3615 et
709 3552 827 3615 lundus
850 3573 886 3615 ac
910 3554 1062 3615 celarium
1086 3554 1232 3616 similiter
1256 3569 1416 3617 muratum

156 3658 262 3719 eidem
295 3658 406 3721 domui
439 3673 562 3722 murate
592 3659 771 3740 subjacens,
806 3679 865 3721 nec
896 3679 961 3720 non
993 3659 1140 3721 hedificia
1171 3660 1309 3722 condam
1334 3661 1416 3722 Lau·

155 3765 256 3826 rencii
280 3765 439 3847 Hungari,
456 3766 560 3848 jurati,
584 3765 642 3828 filii
667 3766 822 3827 Johannis
839 3780 870 3827 et
886 3766 1016 3828 domine
1033 3767 1167 3846 Agnetis
1189 3765 1254 3829 filie
1278 3767 1415 3828 condam

158 3871 243 3932 Luce
268 3870 436 3950 carnificis,
460 3874 617 3934 consortis
648 3892 724 3934 vero
753 3873 908 3954 legittime
941 3873 1040 3954 ipsius
1065 3873 1233 3934 Laurencii
1259 3873 1416 3955 Hungari,

156 3977 263 4058 jurati,
287 3979 318 4040 in
344 3979 471 4041 civitate
496 3980 637 4061 predicta
668 3981 748 4041 inter
780 3979 895 4040 domos
920 3994 950 4039 et
982 3977 1100 4039 fundos
1123 3979 1298 4041 liberorum
1325 3979 1416 4040 Pauli

156 4084 377 4164 Zidowchich,
410 4089 449 4147 ab
481 4106 555 4167 una,
581 4100 612 4149 et
639 4101 728 4168 parte
759 4087 799 4147 ab
823 4086 921 4146 altera
946 4083 1093 4164 Gregorii
1127 4085 1214 4166 parvi
1239 4084 1296 4145 frlii
1330 4084 1417 4147 Galli

154 4191 277 4271 habita,
302 4211 398 4253 unam
432 4194 589 4274 integram
615 4194 734 4254 curiam
768 4193 799 4252 in
824 4211 856 4251 se
880 4191 1058 4268 continens,
1082 4191 1178 4251 simul
1210 4210 1281 4251 cum
1314 4192 1417 4252 omni·

157 4300 217 4360 bus
252 4299 317 4360 suis
354 4299 543 4360 utilitatibus
578 4315 609 4361 et
644 4298 849 4381 pertinenciis
890 4297 1045 4358 universis
1081 4297 1149 4358 viro
1183 4298 1318 4379 provido
1351 4318 1415 4360 rna·

154 4409 256 4490 gistro
281 4408 411 4469 Matheo
436 4408 561 4469 notario
587 4422 617 4469 et
641 4406 764 4469 concivi
786 4420 896 4466 nostro
920 4405 987 4467 filio
1012 4404 1125 4486 prelati
1152 4406 1237 4466 Luce
1261 4405 1417 4468 carnificis

158 4533 213 4596 per
237 4514 438 4595 legacionem
463 4515 605 4596 predicte
630 4514 761 4574 domine
786 4512 920 4593 Agnetis
937 4527 968 4573 et
991 4531 1047 4594 per
1072 4511 1283 4573 collacionem
1307 4528 1338 4574 et
1362 4513 1416 4575 da·

156 4622 284 4682 cionem
310 4620 422 4704 prelati
449 4621 616 4683 Laurencii
644 4619 789 4700 Hungari
815 4633 861 4680 est
883 4618 1124 4700 privilegialiter
1148 4615 1332 4681 confirmata
1357 4622 1416 4681 sub

157 4727 310 4809 pendenti
342 4729 450 4810 sigillo
482 4728 721 4789 communitatis
758 4740 913 4808 perpetuo
945 4723 1139 4807 possidenda
1172 4739 1202 4785 et
1235 4725 1416 4807 quomodo·

157 4855 298 4920 cumque
322 4837 461 4899 voluerit
488 4835 699 4918 disponenda.
