3142 5356
541 469 628 527 Anno
650 480 738 544 1525.
763 500 807 511 -
829 481 859 545 4.
884 469 1011 542 augusti.

566 679 757 740 Valentinus
782 680 932 760 agricola.

570 785 730 866 Georgius
759 784 950 868 Golwbych.

567 891 728 972 Georgius
752 891 881 973 sellipar
906 892 945 954 de
970 894 1041 954 vico
1066 908 1222 956 sutorum.

569 998 730 1078 Georgius
754 1018 874 1060 cursor.

565 1106 723 1166 Martinus
747 1105 975 1186 carpentarius.

567 1210 713 1272 Thomas
738 1211 968 1293 carpentarius.

567 1318 713 1379 Andreas
737 1338 848 1399 sporar
872 1318 912 1379 de
936 1318 1008 1379 vico
1032 1332 1190 1380 sutorum.

568 1423 722 1485 Nicolaus
745 1423 876 1508 thyslar.

568 1530 746 1613 Stephycza
771 1545 870 1592 sutor.

568 1637 730 1720 Georgius
751 1640 917 1723 Kranyecz
942 1639 982 1701 de
1008 1640 1078 1702 vico
1102 1654 1261 1702 sutorum.

568 1745 687 1807 Paulus
710 1760 809 1807 sutor.

568 1852 722 1913 Nicolaus
746 1852 917 1914 aurifaber.

254 2065 331 2126 item
357 2065 388 2125 in
414 2083 508 2126 causa
532 2064 615 2125 inter
640 2064 837 2126 Dorotheum
863 2083 996 2125 uxorem
1022 2063 1176 2145 Stephani
1202 2064 1359 2143 Kalman,
1385 2072 1462 2127 ut:

146 2170 308 2249 actricem,
333 2185 364 2231 et
387 2175 514 2232 Annam
539 2170 682 2232 relictam
709 2171 846 2232 condam
872 2170 982 2231 iacobi
1009 2170 1121 2231 decani
1146 2183 1177 2231 et
1201 2170 1418 2233 Katherinam

148 2297 282 2340 uxorem
307 2277 434 2360 Repecz
458 2276 557 2339 filiam
575 2277 726 2338 videlicet
750 2276 907 2355 eiusdem,
928 2296 1008 2354 reas,
1025 2296 1120 2338 causa
1144 2290 1232 2338 mota
1256 2290 1289 2339 et
1314 2279 1446 2342 venti-r

147 2384 222 2462 lata,
246 2383 494 2464 adiudicataque
517 2381 587 2460 fuit,
611 2384 741 2445 tandem
759 2383 798 2444 ad
825 2383 1019 2464 peticionem
1044 2383 1147 2444 tocius
1171 2384 1440 2447 communitatis

146 2504 177 2552 et
200 2503 425 2552 extraneorum
461 2491 620 2551 bonorum
654 2491 796 2551 virorum
830 2489 915 2551 dicta
940 2489 1103 2551 Dorothea
1136 2487 1256 2570 prefate
1282 2491 1429 2554 domine

148 2603 241 2659 Anne
266 2616 329 2658 una
354 2615 425 2657 cum
450 2595 515 2657 filia
539 2597 685 2658 eiusdem
709 2597 853 2679 pepercit
877 2596 933 2657 tali
958 2598 1017 2657 sub
1042 2596 1248 2677 condicione,
1274 2598 1367 2679 quod
1394 2600 1434 2660 si

148 2703 367 2786 peramplius
399 2717 429 2764 et
461 2718 572 2784 expost
601 2704 632 2764 in
664 2704 783 2765 talibus
815 2717 938 2786 reperta
970 2701 1083 2781 fuerit,
1115 2718 1230 2765 extunc
1255 2705 1351 2786 penis
1388 2707 1427 2768 in

147 2811 309 2872 sentencia
341 2810 516 2889 juratorum
542 2824 572 2871 et
603 2811 765 2871 seniorum
791 2810 935 2889 judicum
967 2810 1134 2892 expressis,
1166 2826 1292 2873 semota
1326 2815 1428 2876 omni

151 2916 369 2978 misericordia
396 2916 557 2995 subjaceat
582 2935 620 2977 eo
645 2914 738 2978 facto.

294 3165 389 3245 feria
419 3182 515 3244 sexta
545 3184 623 3245 ante
651 3175 773 3246 festum
802 3173 890 3245 beati
920 3174 1010 3246 Petri
1041 3175 1081 3245 ad
1113 3175 1267 3246 Vincula.

688 3341 752 3404 (28.
770 3346 867 3420 julia).

254 3498 377 3561 Relicta
403 3501 691 3583 Zabochkowycha
716 3514 825 3562 contra
854 3522 987 3564 uxorem
1013 3503 1108 3563 Blasii
1133 3503 1417 3584 molendinatoris,

151 3605 290 3666 Emerici
315 3605 442 3684 literati,
467 3607 571 3688 primo
596 3607 689 3667 citata
715 3627 778 3668 non
805 3609 995 3690 comparuit.

453 3842 549 3915 Feria
579 3856 677 3917 sexta
705 3856 782 3918 ante
814 3849 918 3918 Maris
948 3848 987 3918 de
1016 3847 1106 3919 Nive.

673 3998 718 4076 (4.
743 4002 885 4078 augusti).

254 4153 391 4215 Mathias
416 4152 545 4236 pellifex
573 4156 611 4215 ad
646 4157 833 4218 instanciam
868 4159 1028 4220 Francisci
1054 4156 1206 4222 aurifabri
1240 4161 1348 4242 primo
1373 4164 1416 4224 ci·

149 4273 233 4321 tatus
257 4279 322 4321 non
348 4261 538 4342 comparuit.

255 4384 378 4446 Eodem
397 4385 449 4446 die
467 4384 662 4466 Wolfangus
679 4385 817 4448 carnifex
835 4388 874 4448 ad
893 4389 1082 4450 instanciam
1102 4387 1234 4469 Georgii
1254 4388 1417 4454 Carneote

147 4491 253 4573 primo
278 4492 391 4553 citatus
417 4512 480 4553 non
507 4494 696 4574 comparuit.

255 4614 379 4675 Eodem
412 4614 463 4675 die
490 4615 623 4699 Symoni
649 4615 739 4678 fabro
772 4618 864 4679 datus
896 4633 941 4680 est
973 4620 1129 4681 terminus
1153 4619 1192 4680 ad
1219 4619 1414 4686 instanciam

150 4722 235 4783 Luce
261 4720 419 4801 selliparis
443 4736 478 4782 ut
503 4723 534 4783 in
559 4723 664 4804 primo
691 4723 809 4796 iudicio
836 4725 951 4787 debeat
976 4725 1181 4808 respondere.

255 4845 377 4907 Eodem
404 4846 456 4907 die
481 4847 616 4909 Nicolao
642 4847 804 4929 freniparo
837 4851 875 4909 de
902 4850 972 4910 vico
1005 4850 1097 4911 datus
1121 4865 1167 4911 est
1191 4854 1352 4916 terminus
1376 4854 1416 4916 ad

149 4949 338 5012 instanciam
365 4952 473 5013 relicte
498 4953 707 5036 Zrebnychne
737 4955 768 5015 in
801 4956 905 5036 primo
922 4956 1043 5035 judicio
1068 4957 1183 5019 debeat
1207 4960 1415 5041 respondere.
