3156 5364
692 356 778 413 Anno
800 368 892 433 1439.
1366 374 1404 436 33
1411 374 1425 433 5

426 461 668 470 *ραι-...-
676 463 823 468 -.-.——
841 462 851 467 -

158 567 218 628 sub
243 567 337 629 metis
361 580 392 630 et
422 567 568 630 terminis
600 580 757 628 certarum
790 572 941 630 arborum
972 587 1007 628 ac
1039 567 1121 627 inter
1146 565 1321 646 virgultum
1349 566 1427 627 libe·

158 693 268 736 rorum
293 673 431 736 condam
456 673 588 736 domine
613 673 791 755 Elyzabeth
808 673 873 735 filie
899 673 1036 735 condam
1055 671 1210 734 Johannis
1234 671 1350 752 judicis
1366 669 1424 733 filii

158 781 270 842 Jacobi
296 781 371 842 dicti
398 781 499 863 Bolye
537 779 683 841 similises
708 799 764 862 per
788 794 889 842 metas
918 794 1074 842 certarum
1100 781 1251 840 arborum
1278 779 1308 839 in
1334 778 1425 839 litera

157 886 351 969 privilegiali
376 906 435 969 pro
459 900 549 969 parte
574 886 673 969 ipsius
698 885 862 948 Dominici
898 885 985 948 Laad
1010 885 1182 968 superinde
1208 882 1352 946 confecta
1376 905 1428 947 es·

157 1013 350 1076 pressurum,
382 993 479 1055 simul
512 1013 584 1055 cum
618 993 758 1074 virgulto
792 1007 823 1055 et
846 995 938 1055 terris
970 992 1145 1055 arabilibus
1181 991 1287 1053 eidem
1311 994 1374 1054 sub
1397 1005 1430 1054 et

157 1100 377 1182 adjacentibus
424 1099 565 1161 habitam
599 1114 629 1161 et
661 1100 860 1179 existentem,
893 1100 1038 1183 predicto
1064 1099 1237 1161 Dominico
1264 1098 1426 1180 Laadeye·

156 1206 249 1290 wych
274 1207 374 1268 literis
400 1206 537 1268 civitatis
560 1205 817 1288 privilegialibus
841 1208 900 1268 sub
935 1206 1089 1289 pendenti
1114 1205 1222 1286 sigillo
1247 1204 1427 1266 communi-

156 1313 230 1375 tatis
253 1313 455 1376 confirmavit
479 1325 636 1395 perpetuo
661 1312 903 1394 possidendam.

265 1419 342 1481 ltem
369 1419 509 1501 quedam
533 1420 626 1480 vinea
651 1419 775 1480 deserta
808 1418 945 1480 condam
972 1417 1068 1481 Blasii
1093 1417 1235 1496 textoris,
1260 1417 1426 1479 condicio·

157 1527 253 1606 nalis,
278 1527 309 1588 in
334 1527 495 1589 territorio
513 1526 648 1587 civitatis
672 1526 813 1608 predicte
847 1527 928 1588 inter
945 1526 1073 1587 vineam
1091 1524 1238 1586 similiter
1263 1525 1426 1586 condicio·

156 1633 263 1695 nalem
289 1633 446 1695 Anthonii
464 1631 522 1694 filii
546 1632 631 1695 Petri
657 1633 696 1694 de
714 1633 796 1694 ultra
820 1633 913 1694 Zawa
938 1647 970 1694 et
988 1633 1070 1692 inter
1094 1631 1222 1692 vineam
1247 1630 1425 1692 liberorum

155 1740 301 1802 eiusdem
335 1738 433 1801 Blasii
465 1739 596 1801 textoris
627 1739 761 1800 liberam
794 1739 919 1816 habita,
951 1739 1010 1799 sub
1043 1756 1140 1799 censu
1181 1735 1320 1796 duorum
1352 1755 1425 1797 cum

156 1846 266 1908 medio
298 1844 492 1907 cubulorum
525 1845 590 1906 vini
624 1865 679 1907 seu
715 1845 810 1906 musti
841 1845 881 1905 ad
914 1843 1123 1906 colendinum
1157 1839 1427 1904 confraternitatis

158 1955 349 2018 Sclavorum
379 1952 544 2015 annuatim
576 1973 702 2035 semper
726 1952 958 2034 proveniendo,
991 1950 1135 2033 predicto
1168 1948 1333 2011 Anthonio
1358 1947 1426 2010 filio

155 2061 257 2142 ipsius
283 2060 366 2122 Petri
392 2079 447 2140 per
481 2057 652 2119 laesionem
679 2057 763 2118 Petri
796 2057 910 2138 judicis
934 2056 1047 2118 decani
1080 2054 1225 2116 eiusdem
1258 2053 1422 2115 colendini

154 2182 201 2229 est
225 2169 284 2228 sub
309 2165 463 2248 pendenti
486 2165 595 2246 sigillo
620 2164 861 2226 communitatis
886 2162 1129 2245 privilegialiter
1153 2159 1353 2223 confirmata.

263 2273 341 2335 ltem
367 2273 522 2334 medietas
546 2270 714 2332 cuiusdam
732 2270 859 2348 domus,
877 2269 968 2330 fundi
985 2283 1016 2330 et
1037 2266 1261 2330 hedificiorum
1286 2267 1422 2329 indicta

155 2379 283 2441 civitate
310 2379 391 2439 inter
415 2377 531 2439 domos
556 2390 586 2438 et
611 2375 729 2438 fundos
753 2376 908 2438 Johannis
933 2375 1048 2439 Croaci
1082 2389 1113 2436 et
1139 2374 1238 2436 Elene
1263 2394 1318 2435 sue
1344 2392 1420 2435 con·

154 2485 260 2564 sortis,
285 2486 325 2547 ab
350 2504 425 2563 una,
449 2497 480 2545 et
501 2497 589 2565 parte
614 2485 654 2544 ab
672 2482 769 2544 altera
795 2481 958 2543 Valentini
983 2480 1039 2543 filii
1059 2479 1207 2561 Gregorii
1233 2479 1420 2563 Grabarycb

153 2591 261 2653 habite
288 2604 319 2652 et
343 2589 517 2666 existentis,
545 2607 640 2649 unam
666 2602 812 2669 quartam
844 2587 931 2649 curie
964 2587 994 2648 in
1020 2606 1052 2647 se
1078 2586 1256 2664 continens,
1281 2605 1338 2668 per
1362 2585 1424 2648 las·

153 2699 279 2760 sionem
306 2697 467 2759 Valentini
500 2695 558 2757 filii
592 2695 682 2757 Pauli
708 2695 915 2756 Dawidowcz
950 2693 1136 2755 bernbardo
1167 2692 1330 2774 lutifigulo
1355 2691 1422 2755 filio

154 2805 311 2867 Johannis
335 2805 375 2865 de
400 2803 576 2881 Pethowia,
593 2821 679 2864 novo
704 2803 828 2863 concivi
846 2815 967 2880 nostro,
992 2815 1038 2861 est
1054 2803 1113 2862 sub
1137 2799 1291 2882 pendenti
1314 2800 1422 2881 sigillo

154 2910 397 2973 communitatis
420 2908 665 2992 privilegialiter
693 2906 892 2970 confirmata.

261 3017 339 3079 Item
373 3014 655 3097 quedam'porcio
687 3015 821 3075 vinealis
853 3015 883 3075 in
916 3013 1078 3075 territorio
1110 3011 1247 3073 civitatis
1279 3011 1421 3093 predicte

155 3126 240 3186 inter
263 3123 390 3184 vineam
415 3123 591 3183 liberorum
617 3120 755 3181 condam
781 3119 960 3182 Clementis
993 3119 1146 3180 institoris
1171 3131 1201 3179 et
1225 3118 1307 3179 inter
1332 3119 1420 3180 vine·

154 3229 239 3292 alem
265 3230 453 3311 porcionem
477 3226 639 3288 residuam
657 3224 790 3307 Georgii
814 3225 872 3287 filii
895 3227 985 3288 Pauli
1004 3223 1277 3288 Czaranthowich
1303 3222 1420 3302 habita,

155 3336 292 3418 desuper
317 3356 334 3397 a
359 3334 501 3417 quodam
520 3331 639 3394 fossato
664 3333 696 3393 in
715 3333 881 3393 cacumine
900 3333 1028 3410 montis,
1047 3330 1127 3392 infra
1153 3349 1255 3412 usque
1280 3329 1420 3392 rivulum

155 3443 276 3504 dictum
302 3441 407 3520 llicza,
434 3440 530 3502 simul
548 3458 620 3501 cum
646 3439 785 3520 virgulto
809 3439 913 3500 eidem
932 3439 1025 3500 vinea
1054 3437 1231 3519 subjacenti
1256 3457 1289 3498 se
1314 3450 1421 3498 exten·

154 3550 244 3627 dens,
269 3569 325 3631 per
350 3547 524 3610 fassionem
557 3546 671 3630 prelati
704 3544 836 3628 Georgii
872 3546 1021 3608 Emerico
1053 3544 1239 3626 agricultori
1271 3542 1338 3605 filio
1364 3543 1421 3627 Sy·

153 3655 261 3717 monis
284 3655 324 3716 de
350 3654 553 3736 Mozlawyna
578 3667 625 3714 est
649 3653 708 3713 sub
741 3652 893 3734 pendenti
927 3651 1034 3733 sigillo
1059 3650 1300 3712 communitatis
1325 3649 1420 3731 privi-

152 3760 313 3840 legialiter
337 3760 536 3824 confirmata.

261 3869 339 3932 ltem
372 3868 513 3951 quedam
546 3867 663 3929 domus
687 3881 718 3930 et
749 3865 869 3927 fundus
901 3885 936 3926 ac
970 3863 1116 3926 hedificia
1146 3861 1283 3924 condam
1307 3860 1420 3922 Vrsule

155 3975 381 4038 Gerlichichne
416 3975 447 4035 in
480 3974 563 4035 dicta
596 3974 723 4036 civitate
764 3973 845 4033 inter
878 3970 993 4032 domos
1025 3984 1056 4031 et
1087 3967 1205 4030 fundos
1239 3965 1417 4029 Sebastiani

153 4083 280 4145 clientis
304 4096 335 4144 et
360 4082 536 4143 liberorum
561 4080 699 4143 condam
726 4079 858 4160 Georgii
879 4077 1005 4158 judicis,
1031 4096 1103 4138 cum
1129 4075 1200 4136 aliis
1225 4073 1334 4135 lundis
1360 4073 1418 4134 ibi·

153 4189 228 4250 dem
253 4203 338 4251 retro
361 4187 488 4266 habitis,
514 4201 577 4249 tres
601 4201 733 4268 quartas
766 4185 852 4247 curie
878 4199 907 4245 et
932 4203 1030 4244 unam
1064 4196 1210 4244 octavam
1236 4181 1267 4241 in
1293 4193 1361 4241 toto
1387 4179 1417 4240 in

153 4315 187 4357 se
213 4296 391 4374 continens,
415 4314 472 4376 per
496 4292 708 4355 sufficientem
727 4292 1032 4374 comprobacionem
1054 4289 1181 4350 Thome
1206 4287 1336 4348 sartoris
1360 4284 1418 4347 filii

154 4400 312 4464 Johannis
328 4401 434 4462 eidem
453 4399 583 4462 Thome
599 4400 710 4461 sartori
728 4398 798 4481 (est)
815 4399 873 4459 sub
885 4397 1036 4480 pendenti
1054 4395 1160 4476 sigillo
1179 4392 1419 4455 communitatis

153 4509 397 4592 privilegialiter
426 4506 626 4569 confirmata.

260 4614 338 4676 ltem
364 4614 503 4696 quedam
538 4614 630 4674 vinea
664 4613 696 4673 in
729 4611 890 4672 territorio
923 4609 1060 4670 civitatis
1091 4607 1233 4690 predicte
1258 4606 1340 4667 inter
1372 4605 1418 4665 vi·

154 4741 248 4784 neam
274 4720 407 4803 Georgii
434 4721 564 4783 cultoris
590 4735 620 4782 et
644 4720 725 4781 inter
747 4718 873 4779 vineam
900 4737 936 4778 ac
953 4716 1066 4777 silvam
1085 4714 1245 4778 Valentini
1270 4712 1417 4774 similiter

154 4829 299 4909 cultoris,
324 4849 380 4912 per
405 4843 522 4890 metam
548 4843 705 4890 certarum
731 4826 882 4887 arborum
909 4824 939 4885 in
959 4823 1049 4885 litera
1068 4821 1259 4906 privilegiali
1285 4835 1415 4882 conten·
