3142 5356
684 361 769 418 Anno
791 373 884 437 1431.
1353 376 1416 440 2⁰9

148 574 311 636 Kozarich
338 575 377 635 ab
402 593 476 651 una,
500 586 531 634 et
555 583 643 654 parte
668 573 708 633 ab
727 571 826 632 altera
848 569 981 652 Georgii
999 569 1114 651 judicis
1138 571 1280 632 habitam
1305 583 1336 632 et
1352 571 1416 631 exi·

147 697 298 760 stentem,
317 697 380 743 tres
397 683 429 742 in
453 694 522 742 toto
540 695 668 762 quartas
686 680 772 741 curie
792 680 822 740 in
842 699 874 740 se
899 679 1131 758 continentem,
1150 699 1221 740 curn
1240 679 1305 741 suis
1322 679 1416 761 perti-

149 789 274 849 nenciis
298 800 453 849 annotato
471 785 614 867 Georgio
636 785 735 867 judici
760 785 976 847 vendiderunt
999 800 1155 868 perpetuo
1178 785 1416 868 possidendam.

258 895 334 956 Item
360 894 511 975 magister
536 893 682 954 Thomas
710 892 853 953 literatus
875 891 960 952 filius
979 892 1052 974 lsipi
1077 891 1134 953 filii
1154 892 1286 975 Stoyan,
1316 911 1417 974 quan-

148 1003 224 1062 dam
250 1016 365 1063 terram
391 1020 481 1061 suam
506 1000 661 1061 arabilem
686 998 925 1060 Zarverthnicza
960 1012 1117 1078 vocatam,
1142 999 1173 1059 in
1199 1018 1313 1080 campo
1338 999 1415 1060 civi-

147 1122 213 1170 tate
239 1106 325 1187 juxta
351 1120 382 1169 et
399 1108 430 1167 in
451 1107 614 1168 vicinitate
637 1121 718 1167 terre
736 1106 900 1167 colendini
920 1104 1188 1167 confraternitatis
1212 1104 1414 1167 Theuthoni·

148 1233 262 1276 corum
297 1233 332 1274 ac
358 1214 439 1275 inter
464 1213 543 1274 duas
567 1213 634 1273 vias
659 1232 847 1275 communes
879 1232 1011 1293 magnas
1043 1212 1196 1291 habitam,
1229 1227 1291 1274 tres
1315 1211 1416 1275 dietas

148 1320 183 1380 in
209 1339 242 1380 se
267 1319 498 1396 continentem,
531 1318 669 1400 provido
702 1319 771 1379 viro
800 1319 967 1379 Anthonio
999 1316 1138 1379 carnifici
1163 1317 1230 1379 filio
1263 1318 1418 1380 Johannis

148 1444 209 1506 pro
234 1439 319 1486 certa
343 1425 553 1506 pecuniarum
579 1424 755 1504 quantitate
781 1424 927 1486 vendidit
951 1438 1108 1506 perpetuo
1133 1424 1372 1506 possidendam.

259 1530 336 1590 ltem
364 1530 541 1612 Elyzabeth
560 1529 670 1591 relicta
688 1544 719 1592 et
744 1530 888 1591 Andreas
905 1529 989 1592 filius
1013 1531 1150 1592 condam
1169 1531 1324 1592 Johannis
1341 1531 1416 1592 dicti

148 1636 231 1697 Wlk
247 1634 304 1697 filii
324 1637 482 1718 Dyonisii‚
500 1635 695 1698 habitatores
713 1637 860 1714 civitatis,
878 1637 1031 1698 directam
1057 1652 1087 1698 et
1111 1637 1260 1718 equalem
1284 1637 1415 1699 terciam

148 1757 275 1825 partem
295 1743 388 1803 vinee
407 1743 438 1802 in
455 1742 616 1804 territorio
642 1757 751 1804 nostro
775 1762 831 1804 seu
856 1743 993 1805 civitatis
1016 1742 1136 1826 prefate
1154 1763 1255 1825 prope
1279 1742 1414 1805 fiuvium

150 1850 247 1911 llicza
262 1864 422 1927 vocatum,
436 1870 473 1910 ex
489 1864 624 1930 utraque
637 1864 724 1931 parte
739 1851 820 1911 inter
838 1850 903 1910 vias
917 1869 1105 1911 communes
1119 1864 1149 1911 et
1166 1850 1303 1932 desuper
1316 1870 1415 1932 penes

151 1955 280 2016 vineam
306 1956 444 2016 Emerici
470 1957 559 2037 parvi
591 1956 846 2017 condicionalem
877 1956 983 2017 habite
1018 1971 1047 2017 et
1072 1956 1245 2035 existentis,
1280 1971 1411 2038 aparte

150 2062 299 2122 meridiei
325 2061 510 2142 adjacentis,
535 2064 574 2122 ab
599 2062 669 2122 aliis
694 2062 818 2123 duabus
849 2062 1014 2143 particulis
1038 2062 1182 2123 eiusdem
1207 2062 1311 2141 vinee,
1336 2081 1416 2143 quas

152 2169 280 2251 Ztoyko
305 2167 522 2248 carpentarius
554 2168 732 2229 dinoscitur
765 2169 941 2250 possidere,
976 2188 1031 2249 per
1064 2169 1227 2249 quoddam
1263 2167 1417 2230 fossatum

149 2288 343 2354 separatam,
369 2273 536 2334 Anthonio
560 2271 627 2334 lilio
661 2274 798 2334 Emerici
832 2274 952 2335 Hericb
978 2274 1053 2335 dicti
1087 2288 1117 2334 et
1143 2274 1242 2335 Paulo
1268 2272 1417 2336 filiosuo

150 2378 368 2440 vendiderunt
393 2393 549 2460 perpetuo
575 2379 815 2460 possidendam,
842 2381 882 2440 ita
901 2395 1020 2458 tamen,
1045 2380 1134 2461 quod
1157 2377 1270 2461 prefati
1295 2380 1417 2442 Antho-

151 2487 225 2547 nius
255 2499 286 2546 et
320 2485 438 2546 l'aulus
462 2484 546 2546 filius
578 2505 654 2546 suus
687 2506 722 2546 ac
756 2487 855 2567 ipsius
887 2487 979 2546 vinee
1011 2505 1067 2547 seu
1100 2486 1253 2567 particule
1284 2487 1418 2547 vinealis

150 2592 250 2654 tercie
288 2610 345 2672 pro
378 2604 522 2672 tempore
554 2611 752 2673 possessores
783 2593 919 2672 singulis
951 2593 1042 2653 annis
1074 2609 1217 2674 tempore
1253 2592 1416 2654 vindemie

152 2698 248 2758 vinea
272 2717 328 2758 seu
352 2697 507 2779 particula
526 2697 644 2758 vineali
662 2698 701 2759 de
726 2698 838 2760 eadem
868 2699 1041 2760 colendino
1065 2696 1333 2760 confraternitatis
1351 2697 1417 2761 Sla-

155 2823 270 2865 vorum
297 2804 379 2865 duos
404 2804 539 2865 cubulos
563 2805 659 2865 musti
685 2804 759 2865 dare
788 2806 984 2866 tenebuntur
1008 2804 1161 2867 effective.

261 2910 339 2972 Item
365 2911 441 2992 quia
459 2910 641 2992 Stephanus
658 2910 781 2992 pridem
807 2911 929 2991 juratus
944 2910 1030 2973 filius
1052 2911 1213 2992 Gregorii,
1237 2924 1299 2972 tres
1316 2910 1418 2973 dietas

153 3033 235 3079 terre
260 3037 315 3079 sue
340 3017 481 3095 arabilis,
507 3019 588 3078 inter
613 3018 691 3079 alias
715 3033 813 3079 terras
837 3039 909 3079 suas
927 3020 1063 3081 arabiles
1086 3039 1122 3079 ac
1146 3019 1228 3080 inter
1249 3031 1348 3079 terras
1364 3038 1417 3080 co·

154 3125 277 3185 leodini
304 3121 572 3186 confraternitatis
604 3139 748 3186 sutorum
782 3145 840 3187 nec
873 3146 937 3187 non
962 3146 1052 3188 secus
1083 3125 1150 3186 vias
1175 3144 1364 3186 communes
1387 3139 1418 3186 et

155 3230 288 3293 fluvium
315 3245 458 3293 nostrum
485 3231 658 3312 quemdam
684 3232 723 3293 de
747 3234 806 3293 sub
824 3252 916 3294 muro
934 3233 1016 3294 dicte
1041 3232 1178 3295 civitatis
1195 3233 1417 3294 decurrentem

155 3337 274 3416 habite,
300 3352 428 3419 aparte
453 3337 596 3418 predicte
628 3352 710 3399 terre
743 3338 842 3419 ipsius
874 3338 1036 3400 colendini
1069 3337 1338 3400 confraternitatis
1366 3358 1416 3400 su·

154 3459 260 3507 torum
286 3445 411 3507 habitas
436 3460 467 3506 et
490 3446 631 3523 situatas,
663 3445 722 3526 ipsi
754 3446 927 3506 colendino
953 3445 1098 3521 vendidit
1129 3459 1284 3527 perpetuo
1316 3445 1417 3527 possi·

157 3543 298 3626 dendas3
322 3565 353 3613 et
377 3551 453 3632 quia
477 3565 544 3612 tum
570 3572 607 3611 ex
630 3552 710 3611 serie
735 3564 891 3612 certarum
911 3552 1075 3613 literarum
1092 3552 1192 3634 ipsius
1215 3564 1296 3612 terre
1321 3550 1417 3612 infra·

154 3658 270 3738 scripte
296 3657 431 3717 duarum
458 3657 617 3718 dietatum
651 3657 961 3718 circumvicinalium
991 3658 1073 3718 inter
1106 3672 1204 3718 terras
1229 3657 1328 3718 Marci
1351 3658 1416 3718 cul·

155 3764 234 3825 toris
269 3784 306 3824 ac
330 3763 412 3824 inter
436 3763 594 3844 predictas
625 3777 687 3824 tres
718 3764 820 3824 dietas
844 3765 943 3846 ipsius
975 3764 1137 3826 colendini
1163 3764 1329 3846 empticius
1361 3763 1415 3825 ha-

156 3870 231 3948 bite,
255 3884 322 3931 tum
347 3889 385 3930 ex
409 3867 580 3931 sufficienti
606 3871 745 3951 plurium
778 3869 1017 3951 fidedignorum
1046 3872 1187 3932 virorum
1220 3871 1416 3933 documento

155 3995 263 4037 coram
289 3977 382 4037 uobis
400 3976 524 4037 Blasius
549 3977 689 4037 decanus
705 3976 780 4037 dicti
806 3977 969 4038 colendini
988 3976 1255 4039 confraternitatis
1272 3991 1417 4039 sutorum

155 4083 390 4164 comprobavit,
415 4096 449 4143 ut
467 4084 533 4165 ipsa
557 4098 639 4144 terra
657 4085 793 4145 duarum
812 4084 969 4146 dictarum
989 4085 1088 4166 ipsius
1112 4083 1275 4146 colendini
1292 4104 1419 4166 semper

155 4205 186 4252 et
210 4191 250 4252 ab
275 4191 409 4272 antiquo
435 4211 451 4251 a
477 4192 633 4252 memoria
667 4192 836 4252 hominurn
869 4193 997 4254 nemine
1030 4191 1266 4253 contradicente
1290 4189 1419 4272 prefuit,

156 4297 229 4358 ideo
254 4297 354 4358 dictas
378 4297 522 4378 quinque
547 4297 649 4360 dietas
672 4313 753 4359 terre
778 4299 837 4380 ipsi
863 4299 1035 4360 colendino
1070 4298 1238 4359 statuimus
1262 4310 1418 4380 perpetuo

155 4402 377 4485 possidendas.

263 4509 341 4570 ltem
366 4509 492 4570 Marcus
517 4508 657 4571 carnifex
691 4509 776 4570 filius
800 4510 925 4570 Nicolai
958 4511 1114 4592 quasdam
1148 4510 1227 4572 duas
1251 4509 1419 4592 porciones

156 4614 300 4676 vineales
324 4615 356 4675 in
381 4615 542 4676 territorio
561 4630 670 4677 nostro
689 4616 770 4676 inter
795 4617 904 4677 vineas
921 4617 1096 4678 liberorum
1116 4615 1252 4677 condam
1271 4615 1418 4697 Gregorii

156 4720 234 4782 dicti
260 4719 393 4782 Slrertha
418 4741 435 4782 a
459 4737 547 4803 parte
573 4721 777 4799 occidentali,
801 4743 857 4804 per
886 4736 1004 4783 metam
1029 4724 1195 4785 cuiusdam
1220 4723 1343 4783 arboris
1367 4742 1416 4782 ce·

156 4828 221 4889 rusi
247 4843 278 4889 et
295 4828 376 4890 inter
399 4830 578 4890 seccionem
605 4829 717 4890 vitium
743 4850 777 4890 ac
803 4830 884 4891 inter
920 4831 1015 4892 aliam
1041 4850 1130 4892 suam
1156 4830 1342 4912 porcionem
1373 4827 1418 4897 vi·

1319 4937 1356 4998 ¹4
