3156 5364
629 355 716 413 Anno
741 367 828 430 1435.
1297 355 1358 435 285

204 567 282 630 Item
308 566 485 648 Gregorius
516 580 605 628 sutor
639 565 742 628 dictus
767 566 873 647 Repar
903 565 988 628 filius
1013 566 1180 629 Michaelis
1204 581 1235 630 et
1259 568 1361 631 Elsna

95 695 152 736 sua
178 693 320 752 consors,
344 674 497 735 directam
523 688 554 735 et
586 673 734 755 equalem
760 673 965 734 medietatem
998 673 1165 736 cuiusdam
1190 674 1307 736 domus
1331 689 1362 738 et

95 779 188 857 fundi
213 801 248 845 ac
273 781 380 843 celarii
404 781 603 843 subterranei
629 800 664 842 ac
682 777 905 841 hedificiorum
929 781 960 841 in
979 781 1051 841 vico
1076 794 1186 843 nostro
1211 782 1360 843 exteriori

95 887 348 951 Theuthonicali
374 887 455 949 inter
472 887 588 949 domos
605 900 635 947 et
659 884 778 948 lundos
795 885 974 949 Clementis
991 885 1160 968 lreniparis
1183 901 1214 950 et
1231 888 1360 951 Thomu

95 992 177 1057 labri
209 1008 239 1057 et
264 993 426 1056 Dominici
459 993 535 1054 dicti
565 993 674 1076 Popek
706 992 824 1073 habite,
850 1013 947 1055 unam
980 1007 1126 1075 quartam
1159 995 1246 1056 curie
1271 996 1301 1056 in
1327 1016 1360 1057 se

95 1101 327 1179 continentem,
352 1099 481 1162 Thome
506 1098 656 1181 lrenipari
687 1097 754 1160 filio
780 1099 877 1160 Blasii
902 1119 960 1182 pro
984 1100 1114 1181 triginta
1140 1100 1267 1162 duobus
1290 1101 1359 1166 flor.

94 1206 241 1269 vendidit
264 1220 420 1289 perpetuo
445 1205 684 1288 possidendam.

201 1313 279 1375 Item
305 1313 445 1394 quedam
470 1312 586 1375 domus
609 1312 705 1374 simul
730 1332 803 1374 cum
827 1313 965 1394 pallacio
992 1329 1118 1376 murato
1142 1335 1198 1376 seu
1222 1315 1301 1377 turri
1327 1327 1358 1378 et

94 1417 197 1481 fundo
222 1440 257 1482 ac
282 1419 399 1481 celario
423 1420 630 1482 subterraneo
667 1432 698 1480 et
722 1419 877 1480 hedificiis
905 1420 936 1480 in
962 1420 1088 1482 civitate
1114 1421 1194 1483 inter
1218 1422 1352 1483 domum

94 1525 249 1589 Johannis
273 1525 387 1606 judicis
411 1527 508 1587 nostri
542 1525 688 1587 moderni
720 1539 751 1588 ct
774 1527 894 1608 plateas
917 1546 1105 1589 communes
1137 1528 1254 1607 habita,
1288 1549 1357 1590 me·

94 1632 180 1694 diam
207 1633 326 1694 curiam
353 1633 384 1693 in
409 1651 441 1694 se
466 1632 645 1710 continens,
670 1632 833 1694 Dorothee
858 1631 922 1694 lilie
946 1633 1037 1694 Pauli
1063 1634 1137 1695 dicti
1164 1633 1250 1712 Steh,
1269 1654 1353 1697 nunc

93 1738 234 1800 consorti
259 1738 387 1800 Andree
411 1736 469 1799 filii
496 1737 660 1799 Michaelis
692 1738 767 1800 dicti
794 1739 874 1800 Pralr
906 1759 962 1821 per
997 1740 1198 1821 legacionem
1222 1740 1355 1803 domine

95 1844 295 1907 Weroniche
319 1845 428 1906 relicte
453 1845 579 1905 Nicolai
599 1843 709 1906 Thoth
734 1859 765 1906 et
782 1865 939 1907 consensu
965 1846 1106 1907 Ladislai
1131 1845 1187 1908 lilii
1212 1847 1356 1909 eiusdem

93 1950 227 2013 domine
252 1964 282 2012 et
306 1951 406 2033 ipsius
431 1950 556 2012 Nicolai
581 1950 690 2012 Thoth
715 1966 760 2012 est
784 1952 843 2012 sub
867 1952 1019 2034 pendenti
1045 1953 1152 2034 sigillo
1176 1954 1357 2036 privilegia·

92 2057 165 2119 liter
189 2070 374 2139 perpetuata
398 2056 604 2139 perhenniter
629 2057 831 2138 possidenda.

200 2162 276 2225 Item
303 2164 435 2245 quidam
460 2162 578 2224 fundus
606 2183 725 2224 vacuus
756 2163 840 2225 iwan
867 2164 1018 2227 Huzaren
1044 2165 1075 2226 in
1101 2166 1255 2228 suburbio
1280 2167 1356 2229 civi·

91 2270 165 2332 tatis
190 2269 272 2331 inter
296 2268 433 2331 fundum
458 2270 586 2330 Andree
611 2269 692 2330 labri
717 2284 747 2331 et
771 2271 854 2331 lwan
888 2269 979 2349 labri,
1012 2272 1152 2333 mediam
1177 2273 1296 2334 curiam
1324 2274 1355 2335 in

92 2395 126 2436 se
152 2376 331 2454 continens,
355 2395 449 2457 super
471 2377 736 2438 communitatem
761 2397 819 2458 pro
844 2397 908 2438 non
926 2378 1092 2439 solucione
1118 2379 1283 2441 daciorum
1308 2400 1356 2441 re-

92 2481 214 2560 dactus,
240 2481 383 2564 Georgio
408 2481 511 2563 jurato
541 2502 660 2562 genero
691 2483 790 2564 ipsius
815 2482 899 2544 lwan
924 2482 992 2545 filio
1010 2485 1138 2546 Andree
1162 2486 1221 2547 sub
1245 2486 1353 2568 sigillo

91 2589 245 2671 pendenti
271 2603 317 2650 est
340 2589 582 2671 privilegialiter
606 2603 820 2671 perpetuatus.

200 2694 277 2757 ltem
311 2695 503 2757 Benedictus
535 2696 636 2757 Bensa
669 2710 799 2756 vocatus
836 2694 920 2758 lilius
953 2696 1117 2778 Dragech,
1149 2698 1354 2760 medietatem

92 2800 259 2863 cuiusdam
285 2799 376 2862 fundi
403 2816 433 2864 et
458 2801 565 2863 celarii
591 2802 651 2881 sui,
683 2816 800 2863 rcctam
826 2817 856 2864 et
880 2803 1041 2884 equalem,
1074 2804 1105 2864 in
1131 2804 1259 2866 civitate
1284 2825 1354 2889 pre-

92 2908 176 2969 dicta
202 2908 283 2969 inter
307 2907 423 2969 domos
448 2922 478 2970 et
503 2907 620 2970 fundos
645 2908 773 2991 Mathye
799 2923 830 2970 et
852 2907 984 2990 Georgii
1009 2929 1044 2970 ac
1069 2909 1198 2971 Thome
1223 2925 1254 2972 et
1278 2911 1354 2973 alte·

91 3013 159 3076 rius
183 3012 315 3094 Georgii
340 3013 451 3095 habiti,
475 3034 572 3075 unam
597 3029 743 3096 quartam
762 3015 848 3076 curie
872 3016 902 3075 in
928 3035 961 3076 se
979 3016 1208 3095 continentem,
1226 3016 1355 3080 Thome

91 3119 159 3182 lilio
183 3120 317 3181 Fabiani
351 3140 437 3182 novo
463 3120 586 3182 concivi
620 3135 729 3182 nostro
761 3141 819 3203 pro
851 3135 988 3202 quatuor
1011 3120 1080 3185 flor.
1114 3122 1261 3184 vendidit
1283 3142 1354 3206 per·

90 3241 190 3310 petuo
214 3227 454 3309 possidendam.
917 3312 919 3316 Ι

198 3333 276 3395 Item
302 3333 437 3414 Egidius
461 3333 601 3395 carnifex
632 3333 716 3395 lilius
745 3334 892 3417 Dyonisii
926 3334 1001 3396 dicti
1026 3335 1197 3414 lanchech,
1221 3336 1354 3399 totalem

90 3460 182 3502 suam
207 3441 394 3522 porcionem
420 3441 585 3502 cuiusdam
612 3441 738 3519 domus,
761 3440 864 3518 fundi,
889 3441 996 3502 colarii
1020 3456 1051 3504 et
1075 3441 1297 3505 hedificiorum
1322 3444 1354 3505 in

93 3547 221 3609 civitate
245 3547 387 3629 predicta
406 3548 487 3608 inter
511 3547 644 3608 domum
664 3547 760 3608 Blasii
779 3547 932 3608 institoris
948 3546 1005 3608 filii
1023 3547 1153 3610 Thome
1177 3549 1253 3612 dicti
1271 3551 1353 3611 Kur·

91 3653 219 3715 manich
245 3653 407 3714 mediante
432 3654 544 3714 semita
569 3654 744 3731 communi,
770 3667 800 3715 et
822 3655 902 3715 inter
926 3655 1115 3716 maccellum
1140 3671 1247 3719 nostre
1277 3657 1354 3718 civi·

91 3759 164 3821 tatis
189 3759 350 3837 mediante
375 3760 436 3822 alia
455 3760 566 3821 semita
590 3762 754 3821 communi
777 3760 882 3822 habite
901 3775 931 3823 et
955 3762 1127 3841 existentis,
1152 3783 1248 3825 unam
1267 3764 1354 3825 vide·

90 3865 165 3926 licet
188 3880 334 3947 quartam
359 3879 389 3926 et
413 3866 554 3927 mediam
579 3880 725 3927 octavam
751 3867 782 3927 in
812 3887 844 3928 se
869 3869 1100 3950 continentem,
1125 3870 1261 3932 Nicolao
1285 3869 1359 3933 filio'

91 3971 182 4032 Pauli
201 3972 276 4033 dicti
303 3972 449 4052 Bogdan‚
473 3992 558 4033 novo
583 3973 706 4034 concivi
738 3987 856 4053 nostro,
881 3993 938 4054 pro
974 3974 1086 4054 viginti
1111 3994 1167 4038 sex
1191 3975 1260 4038 llor.
1285 3977 1353 4038 auri

89 4077 236 4139 vendidit
259 4091 415 4160 perpetuo
441 4078 679 4160 possidendam.

196 4184 273 4245 Item
305 4185 495 4246 Valentinus
528 4186 567 4246 de
593 4186 726 4247 Baboch
757 4185 843 4247 filius
872 4187 1031 4266 Damiani‚
1064 4189 1227 4270 quandam
1259 4209 1350 4252 suam

88 4291 216 4355 vineam
243 4291 274 4351 in
299 4291 460 4353 territorio
485 4292 621 4353 civitatis
643 4292 724 4354 inter
748 4292 843 4354 silvas
861 4293 957 4354 Blasii
982 4295 1163 4356 stacionarii
1181 4294 1238 4357 filii
1256 4295 1348 4358 Pauli

88 4410 120 4463 et
145 4395 299 4478 Stephani
325 4396 584 4476 Skerchkowich‚
618 4399 676 4459 sub
710 4399 803 4460 metis
826 4414 983 4461 certarum
1016 4403 1168 4463 arborum
1192 4402 1224 4463 in
1257 4401 1349 4464 litera

89 4502 282 4584 privilegiali
316 4523 547 4584 expressarum,
579 4505 729 4586 utrinque
762 4525 833 4567 cum
860 4507 939 4568 silva
970 4507 1011 4568 ad
1035 4521 1066 4570 et
1089 4508 1265 4589 subjacenti
1294 4509 1349 4572 ha·

88 4609 200 4687 bitum,
217 4623 248 4672 et
272 4610 477 4672 medictatem
503 4611 670 4673 cuiusdam
688 4611 815 4689 domus,
839 4610 942 4692 lundi,
959 4613 1134 4696 celariique
1151 4617 1348 4679 subterranei

88 4729 119 4777 et
143 4713 367 4778 hedificiorum
392 4717 423 4777 in
449 4717 532 4778 dicta
557 4717 683 4779 civitate
709 4719 789 4781 inter
808 4720 922 4780 domos
947 4720 1112 4782 Benedicti
1138 4721 1177 4782 de
1202 4722 1349 4804 Symow·

88 4821 211 4907 chynch
235 4836 267 4884 et
291 4822 409 4885 Mathia
434 4823 569 4885 citariste
594 4843 629 4885 ac
656 4824 766 4886 Briccii
792 4825 831 4887 de
856 4827 1088 4909 Bosyakowina
1104 4827 1224 4908 habite,
1248 4848 1347 4893 uuam
