3142 5356
680 308 767 365 Anno
789 317 880 385 1395.

254 519 331 581 Item
356 517 558 600 Margaretha
583 518 690 580 relicta
715 518 853 580 condam
874 518 1041 597 Pangracii
1065 517 1212 580 vendidit
1235 538 1288 579 sex
1306 518 1403 580 dietas

147 639 229 687 terre
253 645 309 686 sue
333 624 463 686 arabilis
487 623 624 685 Iohanni
651 621 719 684 filio
738 623 903 706 Stephani,
927 639 1073 706 tempore
1098 624 1174 686 dicti
1200 623 1365 686 Iohannis.

252 730 330 793 Item
356 729 505 792 dedimus
529 730 637 792 literas
665 745 772 792 nostre
805 731 1045 792 communitatis
1067 751 1166 812 super
1190 750 1291 793 unum
1316 729 1407 813 (Illor-

146 837 251 898 tulum
277 838 363 899 iuxta
388 837 513 899 Noram
547 852 672 918 portam
701 836 840 898 Iohanni
873 835 942 898 fillo
968 836 1133 918 Stephani,
1164 851 1312 920 tempore
1337 836 1408 898 dicti

147 943 313 1006 Iohannis.

253 1051 330 1112 Item
358 1052 457 1113 Elena
483 1052 593 1114 reIIcta
618 1050 779 1112 Francisci
803 1050 919 1130 judicis
944 1070 1043 1111 unum
1061 1050 1215 1131 (hlortum
1240 1070 1335 1112 suum
1361 1051 1409 1112 lo·

148 1157 245 1218 hanni
270 1155 339 1218 filio
365 1157 531 1240 Stephani,
555 1157 670 1238 jurato,
696 1157 851 1234 vendidit,
884 1172 1030 1238 ternpore
1055 1158 1131 1219 dicti
1157 1156 1326 1220 Iohannis.

255 1263 332 1324 Item
367 1263 529 1325 lohannes
559 1261 644 1324 filius
676 1263 807 1340 Donati,
839 1262 970 1341 juratus,
1002 1262 1149 1324 vendidit
1177 1276 1295 1324 terram
1324 1281 1409 1324 suam

148 1370 303 1431 arabilem
329 1369 466 1431 Iohanni
493 1368 560 1431 filio
586 1367 752 1450 Stephani,
776 1382 921 1450 tempore
946 1368 1022 1430 dicti
1049 1366 1215 1430 Iohannis.

254 1475 332 1537 Item
350 1476 439 1537 Lulra
462 1474 603 1537 carnifex
628 1476 716 1536 dedit
732 1475 995 1537 concambialiter
1020 1475 1146 1537 vineam
1164 1494 1256 1536 suam
1271 1473 1408 1536 Iohanni

147 1580 216 1643 filio
242 1581 407 1664 Stephani,
431 1598 577 1664 ternpore
602 1582 678 1644 dicti
705 1582 870 1644 Iohannis.

252 1687 329 1749 Item
355 1688 506 1749 dedimus
523 1688 629 1750 literas
650 1702 755 1750 nostre
773 1688 1014 1750 communitatis
1037 1707 1132 1769 super
1149 1706 1247 1748 unam
1266 1700 1409 1769 quartam

150 1792 242 1855 fundi
267 1795 299 1855 iu
324 1808 476 1876 postergo
501 1795 617 1856 domus
640 1808 747 1856 nostre
777 1794 1017 1855 communitatis
1041 1793 1176 1854 Nicolao
1202 1793 1330 1854 literato
1346 1791 1411 1853 filio

149 1899 278 1961 Thome
302 1915 333 1961 et
356 1919 483 1983 semper
507 1900 596 1962 dabit
630 1901 773 1962 medium
800 1902 868 1963 flor.
894 1914 924 1960 et
958 1913 1144 1962 consuetum
1169 1899 1311 1977 dacium,
1334 1913 1410 1960 tem·

149 2026 227 2089 pore
253 2007 328 2068 dicti
354 2007 517 2071 Johannis.

255 2112 331 2175 Item
357 2113 510 2174 dominus
535 2112 722 2175 Leonardus
754 2112 924 2195 episcopus
949 2112 1133 2193 SegnIensis
1167 2129 1264 2172 unam
1291 2110 1409 2171 curiam

148 2239 238 2280 suam
264 2221 346 2282 Inter
369 2219 522 2303 (hlortum
550 2221 705 2282 Anthonii
730 2220 852 2303 Reynis
883 2220 1003 2281 Iacobo
1036 2215 1176 2279 carnifici
1201 2230 1313 2278 nostro
1338 2235 1410 2278 con·

149 2327 221 2388 civi,
245 2329 356 2406 (deest).

255 2433 332 2495 Item
357 2432 446 2494 dedit
469 2433 594 2494 Blasius
618 2431 707 2494 saber
738 2433 872 2494 domum
896 2452 986 2493 suam
1019 2451 1114 2514 super
1138 2429 1293 2512 (h)ortum
1318 2447 1409 2490 suum

149 2541 181 2601 io
205 2541 431 2601 concambium
456 2540 511 2601 tali
530 2539 639 2617 modo,
665 2539 753 2621 quod
774 2540 841 2621 ipse
860 2540 977 2601 Paulus
1001 2553 1032 2600 et
1055 2538 1104 2600 sui
1128 2536 1264 2599 heredes
1288 2536 1409 2597 clavem

148 2660 240 2728 porte
265 2660 372 2707 nostre
397 2646 638 2708 communitatis
662 2646 783 2708 tenebit
806 2647 846 2707 ad
864 2646 1092 2724 claudendum,
1116 2659 1261 2728 tempore
1287 2641 1410 2704 domini

149 2751 304 2813 lohannis
327 2752 452 2833 judicis.

255 2857 333 2920 Item
359 2857 519 2940 Georgius
551 2878 652 2940 nepos
683 2858 821 2919 condam
846 2857 970 2920 Odolas
992 2857 1107 2939 judicis
1139 2855 1286 2938 quinque
1311 2856 1411 2919 dietas

149 2978 230 3025 terre
255 2984 321 3027 sue.
346 2967 453 3042 (deest).

256 3070 334 3131 Item
360 3069 536 3150 Gregorius
559 3069 644 3131 filius
666 3070 762 3132 Blasii
788 3071 932 3132 vendidit
950 3090 1046 3132 unam
1072 3083 1219 3152 quartam
1246 3068 1412 3152 Stephano

149 3175 216 3238 filio
242 3176 370 3238 Thome
395 3191 425 3238 et
450 3177 519 3239 eius
545 3177 696 3238 consorti.

255 3283 332 3344 Item
365 3283 538 3344 Valentino
570 3282 637 3345 filIo
670 3284 795 3345 Nicolai
824 3284 969 3346 vendidit
1001 3283 1178 3345 MartInech
1208 3281 1296 3344 filius
1328 3282 1411 3344 Petri

150 3409 246 3451 unam
271 3405 417 3471 quartam
443 3389 528 3451 curie
552 3390 648 3451 simul
673 3409 746 3451 cum
771 3392 900 3470 celario,
935 3406 1080 3474 tempore
1104 3390 1230 3452 domiui
1255 3389 1412 3451 Iohannis

148 3495 264 3579 judicis
287 3495 351 3578 jam
376 3496 463 3558 dicti.

255 3602 331 3664 Item
358 3602 505 3685 Mychael
538 3601 659 3683 juratus
682 3600 757 3664 fecit
789 3603 981 3664 divisionem
1014 3623 1085 3665 cum
1119 3602 1292 3665 Leonardo
1317 3601 1413 3665 fratre

149 3730 207 3772 suo
239 3711 292 3789 ita,
325 3710 411 3791 quod
437 3730 454 3770 a
479 3724 566 3790 parte
599 3710 730 3770 domine
763 3709 964 3791 Margarethe
1004 3730 1076 3773 cum
1110 3711 1227 3773 celario
1262 3725 1412 3772 terraneo

150 3835 222 3878 cum
248 3816 373 3876 duabus
396 3815 500 3895 januis
532 3829 563 3879 et
587 3814 731 3876 fenestris
762 3816 964 3878 sthacheonis
996 3837 1032 3878 ac
1063 3836 1187 3878 camera
1212 3836 1314 3898 penes
1337 3836 1413 3900 por·

149 3923 257 3984 tellam
287 3923 373 3984 iuxta
397 3922 569 4004 platheam,
602 3923 740 3983 mediam
767 3925 898 4000 curiam,
923 3925 998 3984 item
1024 3923 1170 4005 superior
1193 3942 1266 4004 pars
1298 3921 1413 4006 (h)orti

149 4029 231 4090 inter
256 4027 389 4110 (hlortos
413 4028 525 4110 prefati
552 4028 747 4112 Mychaelis3
783 4030 858 4091 item
884 4029 946 4091 due
970 4031 1074 4108 vinee,
1107 4049 1170 4091 una
1195 4029 1278 4091 inter
1301 4029 1414 4091 vineas

150 4135 305 4197 Anthonii
330 4135 450 4217 Reynis
474 4148 506 4196 et
529 4135 591 4195 alia
616 4136 648 4195 in
674 4135 909 4217 Thoplichicha
928 4151 958 4197 et
983 4156 1044 4197 una
1069 4136 1168 4198 sessio
1192 4135 1226 4197 in
1250 4135 1415 4222 Pobresye

150 4258 180 4303 et
204 4256 290 4303 sexta
315 4262 386 4323 pars
410 4243 505 4303 unius
534 4242 724 4305 molendini.

255 4349 332 4410 Item
352 4349 532 4430 Magaricha
554 4368 684 4410 consors
708 4350 874 4410 Laurencii
895 4349 1039 4412 vendidit
1058 4348 1216 4432 Gregorio
1233 4347 1302 4411 filio
1313 4349 1415 4410 Blasii

150 4475 246 4517 unam
272 4469 416 4536 quartam
443 4456 540 4534 curie,
564 4469 709 4537 tempore
733 4455 891 4535 judicatus
916 4456 1072 4518 Iohannis
1094 4456 1219 4537 judicis.

256 4561 334 4623 Item
360 4561 446 4623 Rosa
470 4581 600 4623 consors
625 4563 707 4623 Petri
725 4561 781 4623 filii
808 4563 904 4623 Ivank
929 4563 1061 4624 donavit
1085 4582 1183 4625 unam
1207 4575 1369 4644 quartam.

256 4669 334 4731 Item
354 4670 461 4752 Matey
478 4669 575 4729 decan
594 4669 733 4729 salivena
760 4669 832 4730 fecit
850 4670 1075 4731 concambium
1092 4689 1163 4730 cum
1188 4668 1326 4730 Nicolao
1344 4667 1415 4732 filio

151 4776 240 4841 Pauli
259 4775 397 4837 mediam
415 4775 546 4853 curiam,
570 4789 713 4859 tempore
729 4776 886 4857 judicatus
911 4776 1035 4838 domIni
1059 4775 1215 4838 Iohannis
1237 4774 1369 4858 judicis.
