3142 5356
677 329 763 386 Anno
786 324 879 406 1384.

252 542 328 604 Item
354 543 492 604 Iacobus
511 541 637 603 Institor
661 541 738 601 emit
763 560 862 602 unum
882 539 1018 602 fundum
1044 561 1061 602 a
1085 554 1255 603 executore
1280 541 1412 603 domine

152 652 245 710 Anne
270 648 378 709 relicte
403 648 487 709 Petri
511 646 569 709 filii
595 646 711 710 Mathe.

255 753 332 815 Item
357 754 512 816 Nicolaua
536 752 621 815 filius
646 752 770 815 Odolas
803 752 881 814 emit
912 753 1079 834 quoddam
1103 752 1280 834 virgultum
1303 774 1321 815 a
1347 754 1414 816 Ste-

146 859 254 942 phano
279 860 364 922 dicto
391 859 573 921 Pechohleb
598 873 628 922 et
652 860 783 921 domina
809 858 913 921 Katha
938 874 1087 921 consorte
1111 878 1178 921 sua.

253 984 330 1046 Item
364 983 524 1065 Georgius
554 982 640 1045 filius
664 984 749 1045 Iwan
783 997 815 1045 et
848 984 1030 1066 Stephanus
1061 982 1147 1045 filius
1170 983 1302 1044 alterius
1328 984 1413 1045 Iwan

147 1090 223 1152 dieti
248 1089 424 1152 Otrochich
449 1104 597 1152 emerunt
621 1109 721 1151 unum
747 1088 884 1150 fundum
910 1109 927 1150 a
954 1089 1081 1171 Philipo
1107 1087 1173 1150 lilio
1200 1090 1325 1152 Mawri.

253 1197 330 1258 Item
355 1215 413 1257 nos
438 1196 588 1258 videIIcet
612 1196 826 1258 communitas
851 1195 1000 1256 dedImus
1030 1215 1128 1256 unum
1155 1196 1263 1257 Iocum
1288 1196 1415 1257 rnolen·

146 1303 213 1364 dini
239 1304 421 1384 Dragozlao
446 1303 583 1365 condam
608 1303 711 1384 jurato
736 1318 768 1365 et
791 1302 831 1363 de
861 1302 977 1364 eodem
1009 1304 1040 1363 In
1067 1302 1214 1383 quolibet
1238 1321 1326 1364 anno
1351 1303 1414 1364 sol·

147 1428 220 1471 vere
245 1410 417 1471 tenebitur.

252 1516 330 1577 Item
346 1516 468 1597 Symon
483 1515 625 1577 salivena
639 1515 717 1577 emit
731 1534 826 1576 unam
845 1516 972 1576 vioeam
994 1535 1011 1575 a
1025 1513 1170 1576 Iohanne
1187 1513 1256 1576 filio
1267 1515 1415 1577 Fabiani.

252 1621 328 1683 Item
363 1622 447 1704 lsipp
471 1620 555 1682 lilius
589 1622 685 1683 Blasii
720 1621 797 1682 emit
829 1640 929 1682 unum
962 1619 1141 1683 lunduma
1175 1621 1353 1683 Benedicto
1386 1638 1416 1683 et

148 1728 242 1789 Petro
266 1726 340 1789 filiis
365 1728 490 1789 Nicolai
515 1728 590 1790 dicti
617 1729 746 1810 Kopun.

253 1852 331 1914 Item
363 1853 474 1914 Petrus
505 1853 590 1916 fiIIus
623 1852 784 1936 Munyech
824 1853 902 1914 emit
937 1872 1034 1914 unam
1066 1852 1195 1914 vineam
1226 1872 1244 1914 a
1279 1854 1416 1916 Lucasio

149 1955 243 2019 fratre
268 1978 337 2021 suo.
597 1945 599 1949 ’

254 2064 332 2126 Item
366 2066 563 2127 Laurentius
594 2065 679 2127 filius
705 2065 801 2127 Sawli
826 2065 904 2126 emit
936 2064 1109 2146 quemdam
1135 2062 1289 2144 (h)ortum
1315 2086 1333 2126 a
1359 2065 1415 2127 do-

148 2170 232 2231 mina
260 2172 356 2233 Lucia
382 2186 529 2234 consorte
553 2171 680 2233 Mikech
705 2171 868 2234 institoris.

255 2296 332 2357 Item
358 2297 490 2359 domIna
515 2297 696 2359 Petronella
730 2317 809 2358 uxor
834 2297 918 2357 Iwan
953 2294 1010 2356 filii
1036 2297 1162 2357 Nicolai
1193 2295 1302 2358 eidem
1329 2298 1414 2360 Iwan

148 2402 333 2483 propinavit
355 2422 454 2464 unam
479 2404 617 2465 vineam.

256 2508 333 2569 Item
365 2508 517 2570 Nicolaus
549 2509 688 2570 decanus
720 2508 804 2569 filius
829 2507 962 2589 Georgii
995 2509 1073 2569 emit
1105 2527 1205 2569 unum
1230 2506 1416 2573 lunduma

148 2614 272 2677 Cozma
296 2613 457 2677 aurifabro
483 2615 620 2676 condam
645 2614 760 2695 jurato,
785 2613 852 2675 filio
878 2614 1018 2675 Martini.

254 2722 331 2783 Item
363 2726 489 2802 Agnesa
522 2722 638 2783 mulier
670 2740 800 2783 consors
836 2722 913 2803 Iury
947 2720 1130 2804 propitiavit
1162 2740 1258 2787 unam
1286 2722 1414 2784 vineam

149 2828 232 2889 Iwan
257 2827 324 2889 filio
347 2828 521 2910 Wlkozlay
544 2847 664 2909 genero
689 2849 747 2889 suo
772 2844 802 2888 et
827 2827 935 2889 Crnka
961 2827 1088 2888 mulieri
1113 2826 1178 2888 lilie
1202 2847 1269 2889 sue.

254 2952 331 3014 Item
358 2953 448 3014 liberi
482 2952 606 3013 Nicolai
640 2951 696 3013 filii
733 2953 888 3034 Mirozlay
912 2966 943 3013 et
975 2950 1136 3012 lohannes
1160 2949 1245 3012 filius
1271 2951 1356 3014 Petri
1381 2968 1412 3014 et

149 3057 280 3119 domina
295 3058 379 3140 Syda
394 3074 515 3135 vocata,
529 3078 659 3119 consors
671 3078 738 3135 sua,
756 3058 918 3138 quandam
936 3058 1063 3118 vineam
1081 3058 1208 3118 interae
1223 3057 1412 3121 diviserunt.

255 3165 332 3224 Item
364 3163 510 3224 Thomas
541 3163 626 3225 filius
658 3165 755 3225 Marci
792 3165 869 3225 emit
902 3183 998 3225 unam
1030 3164 1157 3224 vlneam
1189 3182 1207 3224 a
1240 3179 1411 3226 executore

151 3271 234 3332 I'etri
259 3270 297 3330 de
322 3271 435 3351 Wgra.

256 3377 334 3439 Item
361 3378 444 3460 lsipp
477 3377 561 3439 filius
593 3380 716 3461 Ztoyan
742 3379 819 3439 emit
851 3398 950 3439 unum
976 3377 1112 3439 fundum
1145 3376 1319 3458 alwanyn
1345 3375 1413 3438 filio

151 3484 282 3546 Kuresa.

256 3589 332 3651 Item
358 3591 518 3652 Iohannes
543 3592 626 3652 lilius
650 3591 734 3650 lwan
768 3591 843 3651 dicti
869 3589 1009 3651 Chemer
1032 3590 1216 3671 propinavit
1240 3610 1340 3652 unam
1366 3592 1411 3652 vi·

150 3715 242 3756 neam
268 3697 368 3758 Paulo
393 3696 553 3759 aurifabro
578 3711 608 3758 et
633 3695 796 3778 Stephano
820 3696 887 3757 filio
914 3696 1089 3757 Michaelis.

255 3822 331 3882 Item
365 3821 496 3882 domina
528 3822 636 3882 relicta
669 3841 704 3881 ac
741 3821 929 3881 Dominicus
961 3821 1044 3881 filius
1080 3834 1111 3882 et
1143 3821 1312 3882 Elizabeth
1345 3822 1412 3884 filia

151 3927 240 3987 I'auli
276 3927 392 3987 sutoris
427 3942 572 3988 emerunt
606 3947 706 3988 unum
740 3927 875 3988 fundum
909 3948 925 3987 a
960 3927 1115 3988 MIchaele
1152 3926 1219 3988 filio
1255 3928 1413 3989 Iohannis

149 4032 351 4095 stachunarii.

256 4139 332 4199 Item
358 4139 510 4199 Nicolaus
542 4140 697 4220 plebanus
730 4140 768 4201 de
801 4140 944 4215 Cassius,
971 4139 1133 4199 Iohannes
1164 4139 1412 4202 archidiaconus

150 4244 188 4305 de
214 4245 387 4305 Wrboivcz
412 4260 442 4305 et
467 4245 622 4305 Martinus
654 4245 710 4305 filii
744 4246 899 4306 Iohannis
923 4259 1070 4306 emerunt
1103 4264 1202 4305 unum
1228 4243 1410 4309 lunduma

150 4351 294 4413 Iohanne
319 4350 385 4411 lilio
411 4351 575 4412 Hermani.

255 4458 333 4518 Item
370 4458 457 4538 quod
493 4458 623 4518 domina
666 4458 778 4519 Gracia
813 4458 875 4519 filia
907 4460 989 4519 Petri
1023 4458 1079 4519 filii
1112 4458 1238 4539 Agnich
1275 4459 1411 4523 donavit

150 4565 310 4646 quendam
339 4564 490 4645 (h)ortum
516 4583 608 4625 suum
626 4585 681 4625 sen
703 4566 885 4647 propinavit
914 4566 1049 4626 iohanni
1076 4564 1178 4643 jurato
1203 4567 1321 4628 marito
1339 4588 1408 4630 suo.

255 4690 331 4750 Item
358 4690 490 4751 domina
515 4689 627 4751 Gracia
654 4690 718 4751 lilia
742 4692 823 4752 I’etri
849 4692 905 4752 lilii
924 4690 1049 4771 Agnich
1074 4690 1207 4752 donavit
1231 4693 1408 4772 quemdam

149 4796 286 4859 fundum
311 4816 405 4860 suum
430 4817 486 4858 seu
510 4798 692 4879 propInavit
717 4798 854 4858 Iohanni
880 4797 982 4877 jurato
1008 4798 1122 4860 marito
1147 4816 1217 4860 suo.
