3142 5356
28 5012 58 5032 h

511 513 598 569 Anno
621 524 715 588 1499.
742 543 781 552 -
805 523 855 569 22.
879 509 1048 568 novembris.

254 724 431 806 Gregorius
455 724 599 785 literatus
626 736 736 784 contra
767 720 932 782 Andream
964 718 1146 782 carnificem
1171 720 1203 782 in
1236 720 1343 802 primo
1365 718 1414 801 ju·

146 832 231 894 dicio
256 831 455 915 respondere
478 830 648 893 tenebitur.

253 938 432 1021 Gregorius
456 938 631 1018 Hungarus
654 935 694 998 de
728 936 799 997 vico
823 948 969 996 sutorum
1001 947 1111 996 contra
1137 933 1340 1018 Stephanum
1363 954 1416 996 su·

145 1060 249 1108 torem
275 1046 380 1128 primo
405 1045 518 1106 citatus
542 1062 607 1105 non
633 1040 823 1124 comparuit.

254 1152 395 1214 Sabbato
410 1150 441 1211 in
456 1148 537 1211 iesto
551 1150 643 1211 beate
658 1147 857 1229 Margarethe
871 1147 1005 1227 virginis
1019 1147 1096 1208 dum
1110 1147 1260 1208 homines
1273 1147 1417 1210 extranei

146 1258 186 1320 ad
212 1256 317 1320 iorum
342 1256 480 1318 annuale
505 1256 689 1332 veniebant,
712 1268 788 1316 tunc
805 1253 938 1335 quidam
963 1253 1029 1314 duo
1048 1253 1189 1314 latrones
1213 1273 1271 1315 seu
1295 1253 1416 1335 spolia·

147 1379 233 1427 tores
257 1364 289 1424 in
314 1363 474 1424 territorio
500 1376 606 1423 nostre
624 1360 760 1422 civitatis
778 1361 809 1421 in
834 1359 923 1420 silvis
939 1361 1203 1441 supervenientes
1225 1359 1418 1442 vigilabant,

147 1470 277 1532 tandem
303 1470 460 1531 irruentes
484 1468 516 1528 in
541 1467 644 1529 noctis
668 1466 802 1527 silencio
827 1466 867 1528 ad
898 1465 1061 1547 quendam
1087 1465 1252 1529 Matheum
1278 1466 1318 1527 de
1344 1465 1418 1528 Zel-

148 1578 249 1655 nicza,
276 1595 372 1657 quem
398 1573 708 1657 comprehendentes
730 1572 883 1634 volebant
913 1573 1098 1635 interimere
1123 1593 1200 1635 nece
1226 1573 1418 1653 miserabili,

148 1682 278 1743 tandem
304 1681 393 1762 petiti
418 1701 474 1762 per
498 1699 572 1741 eum
598 1680 788 1740 dimiserunt
812 1699 885 1740 eum
917 1680 1027 1741 vivum
1052 1680 1274 1761 nudatumque
1300 1678 1420 1741 dereli-

149 1801 289 1869 querunt
312 1788 487 1869 spoliantes
510 1806 584 1848 eum
608 1786 727 1864 tunica,
752 1785 892 1865 camisia,
917 1787 1015 1869 pileo,
1040 1787 1152 1865 ocreis,
1177 1787 1333 1870 pugione,
1351 1788 1419 1850 cin·

147 1895 238 1976 gulo,
270 1894 369 1955 anulo
401 1907 572 1974 argente0,
605 1893 778 1954 duodecim
819 1893 975 1969 denariis,
1008 1893 1063 1975 qui
1095 1894 1236 1956 latrones
1266 1894 1421 1956 videlicet

150 2001 274 2084 Symon
300 2000 449 2063 Chernek
474 2000 588 2078 dictus,
615 2000 693 2061 alter
722 2000 860 2061 lacobus
892 2000 932 2061 de
957 1999 1103 2061 Thelche
1129 1999 1214 2063 filius
1238 1999 1419 2079 Michaelis,

149 2106 374 2190 comprehensi
400 2106 432 2167 in
457 2107 583 2167 civitate
609 2104 762 2168 habentes
783 2126 927 2188 superse
952 2107 1061 2167 omnia
1086 2107 1250 2188 premissa,
1275 2106 1332 2187 qui
1351 2107 1420 2168 Ma·

151 2214 244 2276 theus
276 2233 473 2296 cognoscens
497 2214 627 2275 eosdem
660 2214 795 2295 juridice
827 2214 962 2276 detineri
995 2212 1081 2291 iecit,
1114 2215 1169 2295 qui
1194 2213 1329 2292 juridice
1363 2233 1421 2296 per

153 2320 292 2402 judicem
317 2334 349 2382 et
379 2320 498 2400 juratos
523 2321 707 2401 interrogati
734 2340 822 2382 more
859 2334 1024 2399 consveto,
1048 2321 1157 2382 omnia
1182 2319 1320 2382 confessi
1345 2334 1421 2382 sunt

153 2440 248 2509 prout
272 2428 417 2509 superius
441 2427 636 2507 continetur,
659 2426 752 2507 jurati
778 2448 815 2488 ex
840 2426 977 2488 fassione
996 2427 1186 2488 eorumdem
1211 2426 1421 2506 adjudicave-

150 2548 234 2611 runt,
266 2533 354 2615 quod
387 2534 446 2615 ipsi
479 2547 609 2615 propter
641 2534 781 2616 spolium
816 2535 904 2615 quod
936 2533 1080 2595 iecerunt
1113 2547 1309 2595 mererenter
1340 2534 1422 2596 rotis

150 2659 239 2700 crura
265 2659 378 2701 eorum
403 2638 517 2721 frangi,
541 2653 651 2701 tamen
676 2655 806 2722 propter
831 2641 984 2701 leviorem
1002 2660 1119 2721 penam
1145 2639 1320 2721 adjudicati
1345 2653 1423 2702 sunt

150 2745 190 2806 ad
215 2745 496 2828 suspendendum;
520 2747 576 2827 qui
601 2747 716 2808 eodem
743 2747 795 2808 die
819 2747 963 2828 suspensi
988 2761 1071 2810 sunt.

256 2977 351 3055 Feria
379 2987 488 3056 tercia
516 2995 592 3073 post
620 2985 744 3057 festum
773 2986 948 3056 beatorum
977 2985 1120 3056 Simonis
1149 2995 1183 3056 et
1211 2985 1309 3075 Jnde.

679 3151 743 3214 (29.
768 3136 910 3201 octobres).

258 3276 363 3339 Causa
389 3277 472 3339 inter
496 3279 658 3340 Andream
691 3279 873 3341 carnificem
905 3294 936 3341 et
960 3280 1155 3362 Gregorium
1187 3280 1350 3342 literatum
1378 3281 1422 3343 ad

151 3383 292 3464 primum
316 3383 472 3464 judicium
496 3399 591 3446 testes
615 3385 792 3467 producere
817 3387 992 3450 habebunt.

362 3601 457 3675 leria
487 3613 583 3676 sexta
613 3605 761 3678 infesto
791 3609 888 3678 beate
917 3606 1034 3678 Cecilie
1062 3607 1215 3697 virginis.

647 3770 710 3835 (22.
734 3759 918 3825 novembris).

259 3893 398 3955 Causam
424 3896 505 3957 inter
537 3897 679 3958 relictam
711 3899 847 3960 condam
883 3901 1016 3962 Fabiani
1046 3901 1173 3963 Charen
1207 3915 1238 3963 et
1269 3902 1421 3966 similiter

153 4001 295 4062 relictam
322 4002 439 4063 Jelicza
457 4003 574 4064 dictam
593 4005 722 4065 racione
746 4008 822 4068 certi
847 4007 947 4070 debiti
965 4009 1115 4070 videlicet
1132 4009 1316 4089 octuaginta
1335 4008 1420 4090 flor,

156 4126 237 4187 quos
262 4109 301 4167 ab
327 4108 438 4169 eadem
465 4112 634 4191 expetebat
650 4132 722 4173 curn
740 4114 934 4193 quibusdam
959 4115 1059 4175 literis
1076 4115 1287 4196 obligatoriis,
1307 4132 1420 4178 contra

157 4233 236 4293 quas
261 4213 327 4293 ipsa
352 4215 503 4296 produxit
527 4216 592 4277 duo
616 4232 712 4279 testes
737 4218 1003 4282 iniranominatos
1027 4222 1083 4302 qui
1109 4222 1203 4283 huius
1226 4222 1272 4283 rei
1296 4224 1420 4286 conscii

157 4332 242 4398 sunt,
275 4335 503 4401 presentesque
536 4321 680 4386 fuerunt:
707 4324 783 4386 ltem
815 4327 937 4407 primus
967 4328 1055 4389 testis
1087 4330 1286 4390 examinatus
1318 4327 1422 4392 lassus

157 4439 203 4486 est
228 4425 260 4485 in
285 4425 368 4486 hunc
393 4428 539 4505 modum,
564 4430 650 4509 quod
677 4431 743 4510 ipse
767 4433 855 4491 testis
872 4452 1001 4513 presens
1030 4432 1089 4495 fuit
1112 4454 1170 4515 pro
1194 4447 1270 4496 tunc
1287 4436 1422 4516 quando

154 4531 316 4591 Fabianus
341 4532 467 4594 Charen
496 4534 702 4596 Valentinum
722 4537 846 4621 lalsych
872 4559 929 4619 pro
947 4540 1056 4600 debito
1082 4560 1137 4622 per
1161 4560 1235 4602 eum
1259 4542 1319 4602 sibi
1337 4542 1421 4603 obli·

152 4651 228 4718 gato
252 4637 456 4700 satisfecisset
488 4640 527 4700 ad
552 4642 708 4703 terminos
741 4663 795 4724 per
827 4664 882 4705 eos
915 4646 1096 4727 deputatos,
1128 4648 1334 4730 eundemque
1359 4647 1421 4710 Fa·

154 4743 287 4804 bianum
311 4764 407 4825 super
430 4746 521 4806 totali
548 4747 657 4809 debito
690 4750 828 4829 quittum
861 4753 1073 4814 commisisset
1097 4773 1205 4815 coram
1229 4754 1356 4833 eodem,
1388 4769 1421 4816 et

153 4848 309 4931 adjunxit,
334 4851 421 4932 quod
439 4867 503 4912 tam
529 4852 707 4934 Gregorius
724 4875 820 4936 quam
840 4858 1006 4920 Emericus
1024 4860 1179 4922 Kelchich
1192 4874 1224 4922 et
1246 4861 1313 4943 ipse
1330 4861 1421 4923 testis

154 4956 187 5017 in
212 4957 357 5037 personis
380 4977 516 5019 uxorum
540 4980 668 5022 suarum
691 4962 869 5026 dummodo
893 4967 1046 5047 premissa
1063 4968 1194 5030 solverit
1217 4967 1276 5050 ipsi
1300 4967 1420 5030 Valen-
