<?xml version="1.0" encoding="UTF-8"?>
<!DOCTYPE html PUBLIC "-//W3C//DTD XHTML 1.0 Transitional//EN"
    "http://www.w3.org/TR/xhtml1/DTD/xhtml1-transitional.dtd">
<html xmlns="http://www.w3.org/1999/xhtml" xml:lang="en" lang="en">
 <head>
  <title>
</title>
<meta http-equiv="Content-Type" content="text/html;charset=utf-8" />
  <meta name='ocr-system' content='tesseract 3.04.00' />
  <meta name='ocr-capabilities' content='ocr_page ocr_carea ocr_par ocr_line ocrx_word'/>
</head>
<body>
  <div class='ocr_page' id='page_1' title='image "./monumentahistor17laszgoog_0578.png"; bbox 0 0 3142 5356; ppageno 0'>
   <div class='ocr_carea' id='block_1_1' title="bbox 147 320 1413 1675">
    <p class='ocr_par' dir='ltr' id='par_1_1' title="bbox 147 320 1413 1675">
     <span class='ocr_line' id='line_1_1' title="bbox 679 320 1412 401; baseline 0.005 -23"><span class='ocrx_word' id='word_1_1' title='bbox 679 320 766 379; x_wconf 84' lang='lat' dir='ltr'>Anno</span> <span class='ocrx_word' id='word_1_2' title='bbox 789 334 880 398; x_wconf 77' lang='lat'><em>1430.</em></span> <span class='ocrx_word' id='word_1_3' title='bbox 1353 340 1412 401; x_wconf 83' lang='lat'>199</span> 
     </span>
     <span class='ocr_line' id='line_1_2' title="bbox 148 528 1411 613; baseline 0.002 -23"><span class='ocrx_word' id='word_1_4' title='bbox 148 528 372 592; x_wconf 87' lang='lat' dir='ltr'>hedificiorum</span> <span class='ocrx_word' id='word_1_5' title='bbox 398 530 542 592; x_wconf 89' lang='lat' dir='ltr'>eiusdem</span> <span class='ocrx_word' id='word_1_6' title='bbox 560 530 796 608; x_wconf 89' lang='lat' dir='ltr'>universorum,</span> <span class='ocrx_word' id='word_1_7' title='bbox 821 543 904 592; x_wconf 90' lang='lat' dir='ltr'>recta</span> <span class='ocrx_word' id='word_1_8' title='bbox 921 544 951 591; x_wconf 89' lang='lat' dir='ltr'>et</span> <span class='ocrx_word' id='word_1_9' title='bbox 976 530 1110 613; x_wconf 80' lang='lat' dir='ltr'>equalis,</span> <span class='ocrx_word' id='word_1_10' title='bbox 1135 530 1166 591; x_wconf 93' lang='lat' dir='ltr'>in</span> <span class='ocrx_word' id='word_1_11' title='bbox 1185 531 1312 594; x_wconf 88' lang='lat' dir='ltr'>civitate</span> <span class='ocrx_word' id='word_1_12' title='bbox 1330 532 1411 593; x_wconf 91' lang='lat' dir='ltr'>inter</span> 
     </span>
     <span class='ocr_line' id='line_1_3' title="bbox 147 635 1413 719; baseline 0.002 -22"><span class='ocrx_word' id='word_1_13' title='bbox 147 638 265 698; x_wconf 84' lang='lat' dir='ltr'>domos</span> <span class='ocrx_word' id='word_1_14' title='bbox 289 637 403 699; x_wconf 90' lang='lat' dir='ltr'>Briccii</span> <span class='ocrx_word' id='word_1_15' title='bbox 428 637 553 719; x_wconf 89' lang='lat' dir='ltr'>pridem</span> <span class='ocrx_word' id='word_1_16' title='bbox 587 637 702 716; x_wconf 90' lang='lat' dir='ltr'>judicis</span> <span class='ocrx_word' id='word_1_17' title='bbox 734 635 792 698; x_wconf 88' lang='lat' dir='ltr'>lilii</span> <span class='ocrx_word' id='word_1_18' title='bbox 827 637 990 698; x_wconf 88' lang='lat' dir='ltr'>Benedicti</span> <span class='ocrx_word' id='word_1_19' title='bbox 1016 651 1047 699; x_wconf 92' lang='lat' dir='ltr'>et</span> <span class='ocrx_word' id='word_1_20' title='bbox 1071 637 1191 718; x_wconf 89' lang='lat' dir='ltr'>plateas</span> <span class='ocrx_word' id='word_1_21' title='bbox 1224 657 1413 700; x_wconf 90' lang='lat' dir='ltr'>communes</span> 
     </span>
     <span class='ocr_line' id='line_1_4' title="bbox 148 741 1410 826; baseline 0.001 -22"><span class='ocrx_word' id='word_1_22' title='bbox 148 743 275 820; x_wconf 88' lang='lat' dir='ltr'>habite;</span> <span class='ocrx_word' id='word_1_23' title='bbox 301 744 376 805; x_wconf 92' lang='lat' dir='ltr'>item</span> <span class='ocrx_word' id='word_1_24' title='bbox 403 743 542 826; x_wconf 88' lang='lat' dir='ltr'>quedam</span> <span class='ocrx_word' id='word_1_25' title='bbox 568 743 684 804; x_wconf 90' lang='lat' dir='ltr'>domus</span> <span class='ocrx_word' id='word_1_26' title='bbox 708 742 814 804; x_wconf 88' lang='lat' dir='ltr'>medie</span> <span class='ocrx_word' id='word_1_27' title='bbox 843 744 941 820; x_wconf 89' lang='lat' dir='ltr'>curie,</span> <span class='ocrx_word' id='word_1_28' title='bbox 974 742 1065 804; x_wconf 84' lang='lat' dir='ltr'>fundi</span> <span class='ocrx_word' id='word_1_29' title='bbox 1090 756 1121 804; x_wconf 91' lang='lat' dir='ltr'>et</span> <span class='ocrx_word' id='word_1_30' title='bbox 1145 741 1368 805; x_wconf 87' lang='lat' dir='ltr'>hedificiorum</span> <span class='ocrx_word' id='word_1_31' title='bbox 1392 765 1410 806; x_wconf 92' lang='lat' dir='ltr'>a</span> 
     </span>
     <span class='ocr_line' id='line_1_5' title="bbox 148 848 1412 932; baseline 0.001 -21"><span class='ocrx_word' id='word_1_32' title='bbox 148 861 236 931; x_wconf 90' lang='lat' dir='ltr'>parte</span> <span class='ocrx_word' id='word_1_33' title='bbox 256 851 372 911; x_wconf 87' lang='lat' dir='ltr'>domus</span> <span class='ocrx_word' id='word_1_34' title='bbox 396 849 563 911; x_wconf 88' lang='lat' dir='ltr'>lacomelli</span> <span class='ocrx_word' id='word_1_35' title='bbox 581 849 686 929; x_wconf 89' lang='lat' dir='ltr'>jurati,</span> <span class='ocrx_word' id='word_1_36' title='bbox 704 848 890 909; x_wconf 90' lang='lat' dir='ltr'>Theodrico</span> <span class='ocrx_word' id='word_1_37' title='bbox 915 863 945 910; x_wconf 91' lang='lat' dir='ltr'>et</span> <span class='ocrx_word' id='word_1_38' title='bbox 969 850 1034 910; x_wconf 91' lang='lat' dir='ltr'>suis</span> <span class='ocrx_word' id='word_1_39' title='bbox 1051 848 1222 910; x_wconf 87' lang='lat' dir='ltr'>heredibus</span> <span class='ocrx_word' id='word_1_40' title='bbox 1254 865 1412 932; x_wconf 89' lang='lat' dir='ltr'>perpetuo</span> 
     </span>
     <span class='ocr_line' id='line_1_6' title="bbox 148 953 1410 1038; baseline -0.001 -21"><span class='ocrx_word' id='word_1_41' title='bbox 148 956 292 1017; x_wconf 85' lang='lat' dir='ltr'>cessisset</span> <span class='ocrx_word' id='word_1_42' title='bbox 317 957 349 1017; x_wconf 95' lang='lat' dir='ltr'>in</span> <span class='ocrx_word' id='word_1_43' title='bbox 374 955 586 1027; x_wconf 89' lang='lat' dir='ltr'>divisionem;</span> <span class='ocrx_word' id='word_1_44' title='bbox 611 956 686 1017; x_wconf 92' lang='lat' dir='ltr'>item</span> <span class='ocrx_word' id='word_1_45' title='bbox 712 955 774 1016; x_wconf 94' lang='lat' dir='ltr'>alia</span> <span class='ocrx_word' id='word_1_46' title='bbox 806 955 925 1016; x_wconf 87' lang='lat' dir='ltr'>directa</span> <span class='ocrx_word' id='word_1_47' title='bbox 950 969 981 1016; x_wconf 91' lang='lat' dir='ltr'>et</span> <span class='ocrx_word' id='word_1_48' title='bbox 1012 954 1137 1036; x_wconf 84' lang='lat' dir='ltr'>equalis</span> <span class='ocrx_word' id='word_1_49' title='bbox 1160 953 1315 1016; x_wconf 79' lang='lat' dir='ltr'>medietas</span> <span class='ocrx_word' id='word_1_50' title='bbox 1339 975 1410 1038; x_wconf 92' lang='lat' dir='ltr'>pre·</span> 
     </span>
     <span class='ocr_line' id='line_1_7' title="bbox 149 1060 1410 1144; baseline -0.001 -20"><span class='ocrx_word' id='word_1_51' title='bbox 149 1063 233 1124; x_wconf 89' lang='lat' dir='ltr'>dicte</span> <span class='ocrx_word' id='word_1_52' title='bbox 258 1063 374 1124; x_wconf 88' lang='lat' dir='ltr'>domus</span> <span class='ocrx_word' id='word_1_53' title='bbox 399 1078 429 1124; x_wconf 90' lang='lat' dir='ltr'>et</span> <span class='ocrx_word' id='word_1_54' title='bbox 453 1062 580 1144; x_wconf 88' lang='lat' dir='ltr'>pallacii</span> <span class='ocrx_word' id='word_1_55' title='bbox 605 1063 720 1123; x_wconf 88' lang='lat' dir='ltr'>murati</span> <span class='ocrx_word' id='word_1_56' title='bbox 746 1081 801 1122; x_wconf 87' lang='lat' dir='ltr'>seu</span> <span class='ocrx_word' id='word_1_57' title='bbox 826 1063 921 1123; x_wconf 86' lang='lat' dir='ltr'>turris</span> <span class='ocrx_word' id='word_1_58' title='bbox 945 1082 981 1123; x_wconf 89' lang='lat' dir='ltr'>ac</span> <span class='ocrx_word' id='word_1_59' title='bbox 1005 1060 1095 1124; x_wconf 81' lang='lat' dir='ltr'>fundi</span> <span class='ocrx_word' id='word_1_60' title='bbox 1118 1074 1149 1122; x_wconf 94' lang='lat' dir='ltr'>et</span> <span class='ocrx_word' id='word_1_61' title='bbox 1173 1061 1280 1122; x_wconf 87' lang='lat' dir='ltr'>celarii</span> <span class='ocrx_word' id='word_1_62' title='bbox 1306 1061 1410 1123; x_wconf 88' lang='lat' dir='ltr'>eidem</span> 
     </span>
     <span class='ocr_line' id='line_1_8' title="bbox 150 1167 1413 1250; baseline 0.001 -21"><span class='ocrx_word' id='word_1_63' title='bbox 150 1168 354 1249; x_wconf 83' lang='lat' dir='ltr'>subjacentis,</span> <span class='ocrx_word' id='word_1_64' title='bbox 371 1169 574 1250; x_wconf 88' lang='lat' dir='ltr'>aliorumque</span> <span class='ocrx_word' id='word_1_65' title='bbox 600 1167 834 1246; x_wconf 87' lang='lat' dir='ltr'>hedificiorum,</span> <span class='ocrx_word' id='word_1_66' title='bbox 852 1188 949 1229; x_wconf 91' lang='lat' dir='ltr'>unam</span> <span class='ocrx_word' id='word_1_67' title='bbox 967 1168 1176 1230; x_wconf 85' lang='lat' dir='ltr'>consimiliter</span> <span class='ocrx_word' id='word_1_68' title='bbox 1201 1180 1357 1249; x_wconf 88' lang='lat' dir='ltr'>quartam,</span> <span class='ocrx_word' id='word_1_69' title='bbox 1382 1181 1413 1230; x_wconf 88' lang='lat' dir='ltr'>et</span> 
     </span>
     <span class='ocr_line' id='line_1_9' title="bbox 149 1272 1411 1356; baseline -0.001 -22"><span class='ocrx_word' id='word_1_70' title='bbox 149 1274 211 1335; x_wconf 89' lang='lat' dir='ltr'>alia</span> <span class='ocrx_word' id='word_1_71' title='bbox 238 1274 354 1336; x_wconf 89' lang='lat' dir='ltr'>domus</span> <span class='ocrx_word' id='word_1_72' title='bbox 378 1274 484 1335; x_wconf 90' lang='lat' dir='ltr'>medie</span> <span class='ocrx_word' id='word_1_73' title='bbox 509 1274 597 1336; x_wconf 91' lang='lat' dir='ltr'>curie</span> <span class='ocrx_word' id='word_1_74' title='bbox 622 1294 693 1335; x_wconf 90' lang='lat' dir='ltr'>curn</span> <span class='ocrx_word' id='word_1_75' title='bbox 720 1272 821 1335; x_wconf 83' lang='lat' dir='ltr'>fundo</span> <span class='ocrx_word' id='word_1_76' title='bbox 846 1288 876 1335; x_wconf 93' lang='lat' dir='ltr'>et</span> <span class='ocrx_word' id='word_1_77' title='bbox 900 1272 1056 1335; x_wconf 84' lang='lat' dir='ltr'>hedificiis</span> <span class='ocrx_word' id='word_1_78' title='bbox 1076 1288 1199 1356; x_wconf 89' lang='lat' dir='ltr'>aparte</span> <span class='ocrx_word' id='word_1_79' title='bbox 1223 1272 1338 1334; x_wconf 89' lang='lat' dir='ltr'>domus</span> <span class='ocrx_word' id='word_1_80' title='bbox 1355 1273 1411 1334; x_wconf 94' lang='lat' dir='ltr'>do·</span> 
     </span>
     <span class='ocr_line' id='line_1_10' title="bbox 151 1378 1411 1462; baseline 0.001 -22"><span class='ocrx_word' id='word_1_81' title='bbox 151 1380 229 1440; x_wconf 91' lang='lat' dir='ltr'>mini</span> <span class='ocrx_word' id='word_1_82' title='bbox 256 1380 408 1462; x_wconf 84' lang='lat' dir='ltr'>Stephani</span> <span class='ocrx_word' id='word_1_83' title='bbox 434 1381 574 1442; x_wconf 89' lang='lat' dir='ltr'>Farkasii</span> <span class='ocrx_word' id='word_1_84' title='bbox 600 1394 631 1441; x_wconf 91' lang='lat' dir='ltr'>et</span> <span class='ocrx_word' id='word_1_85' title='bbox 655 1380 785 1441; x_wconf 91' lang='lat' dir='ltr'>domine</span> <span class='ocrx_word' id='word_1_86' title='bbox 812 1379 960 1461; x_wconf 89' lang='lat' dir='ltr'>Saluagie</span> <span class='ocrx_word' id='word_1_87' title='bbox 986 1379 1104 1458; x_wconf 90' lang='lat' dir='ltr'>habita,</span> <span class='ocrx_word' id='word_1_88' title='bbox 1129 1399 1202 1441; x_wconf 92' lang='lat' dir='ltr'>cum</span> <span class='ocrx_word' id='word_1_89' title='bbox 1225 1378 1290 1440; x_wconf 92' lang='lat' dir='ltr'>suis</span> <span class='ocrx_word' id='word_1_90' title='bbox 1313 1380 1411 1461; x_wconf 92' lang='lat' dir='ltr'>perti·</span> 
     </span>
     <span class='ocr_line' id='line_1_11' title="bbox 150 1485 1409 1569; baseline 0 -22"><span class='ocrx_word' id='word_1_91' title='bbox 150 1487 271 1549; x_wconf 88' lang='lat' dir='ltr'>nenciis</span> <span class='ocrx_word' id='word_1_92' title='bbox 297 1486 416 1548; x_wconf 89' lang='lat' dir='ltr'>Mathie</span> <span class='ocrx_word' id='word_1_93' title='bbox 441 1487 566 1549; x_wconf 86' lang='lat' dir='ltr'>literato</span> <span class='ocrx_word' id='word_1_94' title='bbox 602 1487 746 1569; x_wconf 90' lang='lat' dir='ltr'>predicto</span> <span class='ocrx_word' id='word_1_95' title='bbox 775 1486 955 1548; x_wconf 87' lang='lat' dir='ltr'>devenisset</span> <span class='ocrx_word' id='word_1_96' title='bbox 986 1487 1132 1548; x_wconf 90' lang='lat' dir='ltr'>similiter</span> <span class='ocrx_word' id='word_1_97' title='bbox 1157 1487 1189 1547; x_wconf 94' lang='lat' dir='ltr'>in</span> <span class='ocrx_word' id='word_1_98' title='bbox 1214 1485 1409 1548; x_wconf 90' lang='lat' dir='ltr'>divisionem</span> 
     </span>
     <span class='ocr_line' id='line_1_12' title="bbox 151 1593 735 1675; baseline 0.003 -23"><span class='ocrx_word' id='word_1_99' title='bbox 151 1608 308 1674; x_wconf 86' lang='lat' dir='ltr'>perpetuo</span> <span class='ocrx_word' id='word_1_100' title='bbox 333 1593 507 1655; x_wconf 85' lang='lat' dir='ltr'>literatorie</span> <span class='ocrx_word' id='word_1_101' title='bbox 531 1593 735 1675; x_wconf 90' lang='lat' dir='ltr'>possidenda.</span> 
     </span>
    </p>
   </div>
   <div class='ocr_carea' id='block_1_2' title="bbox 175 1806 1387 2028">
    <p class='ocr_par' dir='ltr' id='par_1_2' title="bbox 175 1806 1387 2028">
     <span class='ocr_line' id='line_1_13' title="bbox 175 1806 1387 1902; baseline 0 -19"><span class='ocrx_word' id='word_1_102' title='bbox 175 1813 257 1884; x_wconf 89' lang='lat' dir='ltr'>item</span> <span class='ocrx_word' id='word_1_103' title='bbox 287 1813 372 1884; x_wconf 81' lang='lat' dir='ltr'>feria</span> <span class='ocrx_word' id='word_1_104' title='bbox 402 1812 508 1885; x_wconf 88' lang='lat' dir='ltr'>tercia</span> <span class='ocrx_word' id='word_1_105' title='bbox 528 1812 681 1902; x_wconf 86' lang='lat' dir='ltr'>proxima</span> <span class='ocrx_word' id='word_1_106' title='bbox 702 1821 779 1884; x_wconf 85' lang='lat' dir='ltr'>ante</span> <span class='ocrx_word' id='word_1_107' title='bbox 807 1814 929 1885; x_wconf 83' lang='lat' dir='ltr'>festum</span> <span class='ocrx_word' id='word_1_108' title='bbox 960 1806 1210 1885; x_wconf 86' lang='lat' dir='ltr'>Purificacionis</span> <span class='ocrx_word' id='word_1_109' title='bbox 1239 1812 1387 1901; x_wconf 80' lang='lat' dir='ltr'>gloriose</span> 
     </span>
     <span class='ocr_line' id='line_1_14' title="bbox 560 1936 1002 2028; baseline 0.002 -20"><span class='ocrx_word' id='word_1_110' title='bbox 560 1958 690 2027; x_wconf 86' lang='lat' dir='ltr'>semper</span> <span class='ocrx_word' id='word_1_111' title='bbox 716 1936 859 2028; x_wconf 86' lang='lat' dir='ltr'>virginis</span> <span class='ocrx_word' id='word_1_112' title='bbox 889 1936 1002 2009; x_wconf 87' lang='lat' dir='ltr'>llarie.</span> 
     </span>
    </p>
   </div>
   <div class='ocr_carea' id='block_1_3' title="bbox 660 2092 905 2169">
    <p class='ocr_par' dir='ltr' id='par_1_3' title="bbox 660 2092 905 2169">
     <span class='ocr_line' id='line_1_15' title="bbox 660 2092 905 2169; baseline 0.012 -20"><span class='ocrx_word' id='word_1_113' title='bbox 660 2094 724 2169; x_wconf 77' lang='lat'><em>(31.</em></span> <span class='ocrx_word' id='word_1_114' title='bbox 740 2092 905 2168; x_wconf 72' lang='lat' dir='ltr'>januarii).</span> 
     </span>
    </p>
   </div>
   <div class='ocr_carea' id='block_1_4' title="bbox 148 2229 1413 4868">
    <p class='ocr_par' dir='ltr' id='par_1_4' title="bbox 148 2229 1413 2843">
     <span class='ocr_line' id='line_1_16' title="bbox 256 2229 1412 2314; baseline 0 -23"><span class='ocrx_word' id='word_1_115' title='bbox 256 2230 332 2291; x_wconf 91' lang='lat' dir='ltr'>Item</span> <span class='ocrx_word' id='word_1_116' title='bbox 359 2230 539 2313; x_wconf 89' lang='lat' dir='ltr'>Stephanus</span> <span class='ocrx_word' id='word_1_117' title='bbox 562 2229 647 2292; x_wconf 80' lang='lat' dir='ltr'>filius</span> <span class='ocrx_word' id='word_1_118' title='bbox 666 2230 814 2313; x_wconf 83' lang='lat' dir='ltr'>Gregorii</span> <span class='ocrx_word' id='word_1_119' title='bbox 839 2231 965 2314; x_wconf 88' lang='lat' dir='ltr'>pridem</span> <span class='ocrx_word' id='word_1_120' title='bbox 983 2231 1115 2313; x_wconf 88' lang='lat' dir='ltr'>juratus,</span> <span class='ocrx_word' id='word_1_121' title='bbox 1137 2231 1279 2293; x_wconf 86' lang='lat' dir='ltr'>concivis</span> <span class='ocrx_word' id='word_1_122' title='bbox 1295 2244 1412 2309; x_wconf 90' lang='lat' dir='ltr'>noster,</span> 
     </span>
     <span class='ocr_line' id='line_1_17' title="bbox 150 2337 1411 2418; baseline 0.002 -21"><span class='ocrx_word' id='word_1_123' title='bbox 150 2337 314 2418; x_wconf 90' lang='lat' dir='ltr'>quandam</span> <span class='ocrx_word' id='word_1_124' title='bbox 340 2357 429 2398; x_wconf 86' lang='lat' dir='ltr'>suam</span> <span class='ocrx_word' id='word_1_125' title='bbox 456 2338 583 2398; x_wconf 90' lang='lat' dir='ltr'>vineam</span> <span class='ocrx_word' id='word_1_126' title='bbox 608 2339 640 2398; x_wconf 91' lang='lat' dir='ltr'>in</span> <span class='ocrx_word' id='word_1_127' title='bbox 666 2339 826 2400; x_wconf 90' lang='lat' dir='ltr'>territorio</span> <span class='ocrx_word' id='word_1_128' title='bbox 851 2339 997 2418; x_wconf 86' lang='lat' dir='ltr'>civitatis,</span> <span class='ocrx_word' id='word_1_129' title='bbox 1026 2339 1108 2401; x_wconf 89' lang='lat' dir='ltr'>inter</span> <span class='ocrx_word' id='word_1_130' title='bbox 1131 2339 1241 2400; x_wconf 89' lang='lat' dir='ltr'>vineas</span> <span class='ocrx_word' id='word_1_131' title='bbox 1264 2337 1411 2400; x_wconf 90' lang='lat' dir='ltr'>honesta·</span> 
     </span>
     <span class='ocr_line' id='line_1_18' title="bbox 149 2443 1413 2529; baseline 0.002 -26"><span class='ocrx_word' id='word_1_132' title='bbox 149 2463 221 2504; x_wconf 90' lang='lat' dir='ltr'>rum</span> <span class='ocrx_word' id='word_1_133' title='bbox 246 2444 451 2504; x_wconf 90' lang='lat' dir='ltr'>dominarum</span> <span class='ocrx_word' id='word_1_134' title='bbox 477 2443 629 2529; x_wconf 87' lang='lat' dir='ltr'>Ternyna</span> <span class='ocrx_word' id='word_1_135' title='bbox 659 2446 767 2506; x_wconf 91' lang='lat' dir='ltr'>relicte</span> <span class='ocrx_word' id='word_1_136' title='bbox 802 2445 939 2507; x_wconf 90' lang='lat' dir='ltr'>condam</span> <span class='ocrx_word' id='word_1_137' title='bbox 964 2446 1084 2507; x_wconf 87' lang='lat' dir='ltr'>Vrbani</span> <span class='ocrx_word' id='word_1_138' title='bbox 1117 2444 1358 2527; x_wconf 90' lang='lat' dir='ltr'>Crapchewych</span> <span class='ocrx_word' id='word_1_139' title='bbox 1382 2459 1413 2506; x_wconf 92' lang='lat' dir='ltr'>et</span> 
     </span>
     <span class='ocr_line' id='line_1_19' title="bbox 150 2548 1411 2633; baseline 0.002 -24"><span class='ocrx_word' id='word_1_140' title='bbox 150 2548 250 2610; x_wconf 86' lang='lat' dir='ltr'>Elene</span> <span class='ocrx_word' id='word_1_141' title='bbox 268 2548 375 2610; x_wconf 89' lang='lat' dir='ltr'>relicte</span> <span class='ocrx_word' id='word_1_142' title='bbox 395 2548 573 2611; x_wconf 89' lang='lat' dir='ltr'>Clementis</span> <span class='ocrx_word' id='word_1_143' title='bbox 592 2550 744 2629; x_wconf 88' lang='lat' dir='ltr'>habitam,</span> <span class='ocrx_word' id='word_1_144' title='bbox 769 2572 784 2612; x_wconf 93' lang='lat' dir='ltr'>a</span> <span class='ocrx_word' id='word_1_145' title='bbox 804 2551 854 2612; x_wconf 91' lang='lat' dir='ltr'>via</span> <span class='ocrx_word' id='word_1_146' title='bbox 872 2552 1028 2633; x_wconf 89' lang='lat' dir='ltr'>superiori</span> <span class='ocrx_word' id='word_1_147' title='bbox 1046 2550 1127 2613; x_wconf 85' lang='lat' dir='ltr'>infra</span> <span class='ocrx_word' id='word_1_148' title='bbox 1146 2570 1247 2632; x_wconf 92' lang='lat' dir='ltr'>usque</span> <span class='ocrx_word' id='word_1_149' title='bbox 1271 2551 1411 2612; x_wconf 89' lang='lat' dir='ltr'>rivulum</span> 
     </span>
     <span class='ocr_line' id='line_1_20' title="bbox 149 2654 1411 2736; baseline 0.001 -20"><span class='ocrx_word' id='word_1_150' title='bbox 149 2674 221 2716; x_wconf 89' lang='lat' dir='ltr'>cum</span> <span class='ocrx_word' id='word_1_151' title='bbox 246 2654 387 2735; x_wconf 90' lang='lat' dir='ltr'>virgulto</span> <span class='ocrx_word' id='word_1_152' title='bbox 411 2675 444 2716; x_wconf 91' lang='lat' dir='ltr'>se</span> <span class='ocrx_word' id='word_1_153' title='bbox 470 2655 706 2736; x_wconf 84' lang='lat' dir='ltr'>extendentem,</span> <span class='ocrx_word' id='word_1_154' title='bbox 732 2658 825 2719; x_wconf 89' lang='lat' dir='ltr'>Petro</span> <span class='ocrx_word' id='word_1_155' title='bbox 853 2656 921 2719; x_wconf 89' lang='lat' dir='ltr'>filio</span> <span class='ocrx_word' id='word_1_156' title='bbox 947 2657 1109 2719; x_wconf 87' lang='lat' dir='ltr'>Valentini</span> <span class='ocrx_word' id='word_1_157' title='bbox 1135 2656 1281 2719; x_wconf 89' lang='lat' dir='ltr'>vendidit</span> <span class='ocrx_word' id='word_1_158' title='bbox 1305 2656 1411 2718; x_wconf 92' lang='lat' dir='ltr'>litera·</span> 
     </span>
     <span class='ocr_line' id='line_1_21' title="bbox 148 2760 494 2843; baseline 0.009 -22"><span class='ocrx_word' id='word_1_159' title='bbox 148 2761 230 2821; x_wconf 87' lang='lat' dir='ltr'>torie</span> <span class='ocrx_word' id='word_1_160' title='bbox 254 2760 494 2843; x_wconf 90' lang='lat' dir='ltr'>possidendam.</span> 
     </span>
    </p>

    <p class='ocr_par' dir='ltr' id='par_1_5' title="bbox 148 2866 1412 4226">
     <span class='ocr_line' id='line_1_22' title="bbox 256 2866 1410 2931; baseline 0.003 -3"><span class='ocrx_word' id='word_1_161' title='bbox 256 2867 332 2928; x_wconf 89' lang='lat' dir='ltr'>Item</span> <span class='ocrx_word' id='word_1_162' title='bbox 350 2867 539 2929; x_wconf 91' lang='lat' dir='ltr'>Dominicus</span> <span class='ocrx_word' id='word_1_163' title='bbox 555 2866 640 2930; x_wconf 91' lang='lat' dir='ltr'>filius</span> <span class='ocrx_word' id='word_1_164' title='bbox 651 2869 740 2930; x_wconf 85' lang='lat' dir='ltr'>Pauli</span> <span class='ocrx_word' id='word_1_165' title='bbox 760 2869 965 2930; x_wconf 91' lang='lat' dir='ltr'>medietatem</span> <span class='ocrx_word' id='word_1_166' title='bbox 979 2868 1145 2930; x_wconf 89' lang='lat' dir='ltr'>cuiusdam</span> <span class='ocrx_word' id='word_1_167' title='bbox 1168 2868 1248 2929; x_wconf 86' lang='lat' dir='ltr'>silve</span> <span class='ocrx_word' id='word_1_168' title='bbox 1272 2869 1304 2930; x_wconf 92' lang='lat' dir='ltr'>in</span> <span class='ocrx_word' id='word_1_169' title='bbox 1322 2869 1410 2931; x_wconf 91' lang='lat' dir='ltr'>terri·</span> 
     </span>
     <span class='ocr_line' id='line_1_23' title="bbox 148 2974 1409 3057; baseline 0.002 -24"><span class='ocrx_word' id='word_1_170' title='bbox 148 2975 231 3035; x_wconf 94' lang='lat' dir='ltr'>torio</span> <span class='ocrx_word' id='word_1_171' title='bbox 256 2974 392 3035; x_wconf 89' lang='lat' dir='ltr'>civitatis</span> <span class='ocrx_word' id='word_1_172' title='bbox 416 2975 497 3037; x_wconf 89' lang='lat' dir='ltr'>inter</span> <span class='ocrx_word' id='word_1_173' title='bbox 516 2975 611 3036; x_wconf 90' lang='lat' dir='ltr'>silvas</span> <span class='ocrx_word' id='word_1_174' title='bbox 636 2975 767 3036; x_wconf 88' lang='lat' dir='ltr'>domine</span> <span class='ocrx_word' id='word_1_175' title='bbox 784 2976 918 3057; x_wconf 84' lang='lat' dir='ltr'>Agnetis</span> <span class='ocrx_word' id='word_1_176' title='bbox 942 2975 1099 3037; x_wconf 86' lang='lat' dir='ltr'>consortis</span> <span class='ocrx_word' id='word_1_177' title='bbox 1125 2975 1293 3036; x_wconf 89' lang='lat' dir='ltr'>Laureucii</span> <span class='ocrx_word' id='word_1_178' title='bbox 1319 2975 1409 3036; x_wconf 88' lang='lat' dir='ltr'>Hun-</span> 
     </span>
     <span class='ocr_line' id='line_1_24' title="bbox 149 3078 1409 3164; baseline 0.002 -25"><span class='ocrx_word' id='word_1_179' title='bbox 149 3080 228 3160; x_wconf 90' lang='lat' dir='ltr'>gari,</span> <span class='ocrx_word' id='word_1_180' title='bbox 247 3094 277 3141; x_wconf 92' lang='lat' dir='ltr'>et</span> <span class='ocrx_word' id='word_1_181' title='bbox 296 3079 449 3141; x_wconf 90' lang='lat' dir='ltr'>Demetrii</span> <span class='ocrx_word' id='word_1_182' title='bbox 467 3078 523 3141; x_wconf 86' lang='lat' dir='ltr'>filii</span> <span class='ocrx_word' id='word_1_183' title='bbox 550 3080 715 3142; x_wconf 88' lang='lat' dir='ltr'>Michaelis</span> <span class='ocrx_word' id='word_1_184' title='bbox 733 3081 851 3160; x_wconf 87' lang='lat' dir='ltr'>habite,</span> <span class='ocrx_word' id='word_1_185' title='bbox 871 3082 1007 3164; x_wconf 91' lang='lat' dir='ltr'>desuper</span> <span class='ocrx_word' id='word_1_186' title='bbox 1024 3101 1040 3142; x_wconf 99' lang='lat' dir='ltr'>a</span> <span class='ocrx_word' id='word_1_187' title='bbox 1064 3082 1114 3142; x_wconf 87' lang='lat' dir='ltr'>via</span> <span class='ocrx_word' id='word_1_188' title='bbox 1133 3081 1309 3157; x_wconf 88' lang='lat' dir='ltr'>communi,</span> <span class='ocrx_word' id='word_1_189' title='bbox 1328 3079 1409 3143; x_wconf 82' lang='lat' dir='ltr'>infra</span> 
     </span>
     <span class='ocr_line' id='line_1_25' title="bbox 150 3182 1412 3269; baseline 0.003 -24"><span class='ocrx_word' id='word_1_190' title='bbox 150 3204 251 3266; x_wconf 90' lang='lat' dir='ltr'>usque</span> <span class='ocrx_word' id='word_1_191' title='bbox 283 3186 422 3247; x_wconf 86' lang='lat' dir='ltr'>rivulum</span> <span class='ocrx_word' id='word_1_192' title='bbox 456 3206 488 3246; x_wconf 88' lang='lat' dir='ltr'>se</span> <span class='ocrx_word' id='word_1_193' title='bbox 521 3186 730 3266; x_wconf 86' lang='lat' dir='ltr'>extendentis,</span> <span class='ocrx_word' id='word_1_194' title='bbox 755 3188 961 3250; x_wconf 90' lang='lat' dir='ltr'>medietatem</span> <span class='ocrx_word' id='word_1_195' title='bbox 987 3188 1085 3269; x_wconf 91' lang='lat' dir='ltr'>ipsius</span> <span class='ocrx_word' id='word_1_196' title='bbox 1116 3187 1196 3248; x_wconf 88' lang='lat' dir='ltr'>silve</span> <span class='ocrx_word' id='word_1_197' title='bbox 1230 3182 1412 3250; x_wconf 70' lang='lat' dir='ltr'>rectam&#39;et</span> 
     </span>
     <span class='ocr_line' id='line_1_26' title="bbox 149 3291 1411 3376; baseline 0.004 -25"><span class='ocrx_word' id='word_1_198' title='bbox 149 3291 309 3372; x_wconf 90' lang='lat' dir='ltr'>equalem,</span> <span class='ocrx_word' id='word_1_199' title='bbox 328 3312 345 3352; x_wconf 90' lang='lat' dir='ltr'>a</span> <span class='ocrx_word' id='word_1_200' title='bbox 364 3306 451 3373; x_wconf 88' lang='lat' dir='ltr'>parte</span> <span class='ocrx_word' id='word_1_201' title='bbox 469 3292 551 3353; x_wconf 93' lang='lat' dir='ltr'>dicte</span> <span class='ocrx_word' id='word_1_202' title='bbox 569 3293 648 3353; x_wconf 89' lang='lat' dir='ltr'>silve</span> <span class='ocrx_word' id='word_1_203' title='bbox 666 3294 765 3375; x_wconf 91' lang='lat' dir='ltr'>ipsius</span> <span class='ocrx_word' id='word_1_204' title='bbox 778 3294 909 3355; x_wconf 91' lang='lat' dir='ltr'>domine</span> <span class='ocrx_word' id='word_1_205' title='bbox 930 3294 1062 3374; x_wconf 83' lang='lat' dir='ltr'>Agnetis</span> <span class='ocrx_word' id='word_1_206' title='bbox 1079 3294 1172 3354; x_wconf 90' lang='lat' dir='ltr'>sitam</span> <span class='ocrx_word' id='word_1_207' title='bbox 1191 3308 1222 3355; x_wconf 91' lang='lat' dir='ltr'>et</span> <span class='ocrx_word' id='word_1_208' title='bbox 1238 3313 1294 3376; x_wconf 91' lang='lat' dir='ltr'>per</span> <span class='ocrx_word' id='word_1_209' title='bbox 1311 3308 1411 3356; x_wconf 89' lang='lat' dir='ltr'>metas</span> 
     </span>
     <span class='ocr_line' id='line_1_27' title="bbox 149 3398 1409 3482; baseline 0.003 -24"><span class='ocrx_word' id='word_1_210' title='bbox 149 3399 302 3459; x_wconf 90' lang='lat' dir='ltr'>arborum</span> <span class='ocrx_word' id='word_1_211' title='bbox 327 3398 435 3476; x_wconf 87' lang='lat' dir='ltr'>trium,</span> <span class='ocrx_word' id='word_1_212' title='bbox 460 3398 610 3461; x_wconf 90' lang='lat' dir='ltr'>videlicet</span> <span class='ocrx_word' id='word_1_213' title='bbox 634 3400 746 3478; x_wconf 88' lang='lat' dir='ltr'>cerusi,</span> <span class='ocrx_word' id='word_1_214' title='bbox 765 3400 876 3482; x_wconf 92' lang='lat' dir='ltr'>populi</span> <span class='ocrx_word' id='word_1_215' title='bbox 901 3414 932 3462; x_wconf 90' lang='lat' dir='ltr'>et</span> <span class='ocrx_word' id='word_1_216' title='bbox 955 3414 1100 3462; x_wconf 88' lang='lat' dir='ltr'>castanee</span> <span class='ocrx_word' id='word_1_217' title='bbox 1124 3414 1313 3482; x_wconf 86' lang='lat' dir='ltr'>separatam,</span> <span class='ocrx_word' id='word_1_218' title='bbox 1337 3420 1409 3462; x_wconf 89' lang='lat' dir='ltr'>cum</span> 
     </span>
     <span class='ocr_line' id='line_1_28' title="bbox 153 3505 1411 3587; baseline 0.004 -22"><span class='ocrx_word' id='word_1_219' title='bbox 153 3505 218 3565; x_wconf 91' lang='lat' dir='ltr'>suis</span> <span class='ocrx_word' id='word_1_220' title='bbox 243 3505 448 3587; x_wconf 88' lang='lat' dir='ltr'>pertinenciis</span> <span class='ocrx_word' id='word_1_221' title='bbox 480 3506 652 3568; x_wconf 91' lang='lat' dir='ltr'>Valentino</span> <span class='ocrx_word' id='word_1_222' title='bbox 686 3507 725 3567; x_wconf 94' lang='lat' dir='ltr'>de</span> <span class='ocrx_word' id='word_1_223' title='bbox 750 3508 883 3569; x_wconf 87' lang='lat' dir='ltr'>Raboch</span> <span class='ocrx_word' id='word_1_224' title='bbox 915 3506 982 3568; x_wconf 90' lang='lat' dir='ltr'>filio</span> <span class='ocrx_word' id='word_1_225' title='bbox 1008 3507 1156 3568; x_wconf 88' lang='lat' dir='ltr'>Damiani</span> <span class='ocrx_word' id='word_1_226' title='bbox 1191 3527 1228 3567; x_wconf 84' lang='lat' dir='ltr'>ex</span> <span class='ocrx_word' id='word_1_227' title='bbox 1252 3527 1411 3570; x_wconf 90' lang='lat' dir='ltr'>consensu</span> 
     </span>
     <span class='ocr_line' id='line_1_29' title="bbox 150 3611 1411 3695; baseline 0.006 -26"><span class='ocrx_word' id='word_1_228' title='bbox 150 3611 331 3672; x_wconf 90' lang='lat' dir='ltr'>vicinorum</span> <span class='ocrx_word' id='word_1_229' title='bbox 341 3611 487 3673; x_wconf 89' lang='lat' dir='ltr'>vendidit</span> <span class='ocrx_word' id='word_1_230' title='bbox 503 3626 658 3694; x_wconf 89' lang='lat' dir='ltr'>perpetuo</span> <span class='ocrx_word' id='word_1_231' title='bbox 676 3613 849 3674; x_wconf 88' lang='lat' dir='ltr'>literatorie</span> <span class='ocrx_word' id='word_1_232' title='bbox 860 3613 1099 3695; x_wconf 89' lang='lat' dir='ltr'>possidendam,</span> <span class='ocrx_word' id='word_1_233' title='bbox 1112 3613 1199 3674; x_wconf 88' lang='lat' dir='ltr'>salva</span> <span class='ocrx_word' id='word_1_234' title='bbox 1216 3613 1277 3676; x_wconf 86' lang='lat' dir='ltr'>alia</span> <span class='ocrx_word' id='word_1_235' title='bbox 1291 3614 1411 3677; x_wconf 89' lang='lat' dir='ltr'>medie·</span> 
     </span>
     <span class='ocr_line' id='line_1_30' title="bbox 150 3717 1412 3801; baseline 0.004 -24"><span class='ocrx_word' id='word_1_236' title='bbox 150 3730 213 3778; x_wconf 88' lang='lat' dir='ltr'>tate</span> <span class='ocrx_word' id='word_1_237' title='bbox 240 3717 383 3779; x_wconf 87' lang='lat' dir='ltr'>eiusdem</span> <span class='ocrx_word' id='word_1_238' title='bbox 401 3718 480 3778; x_wconf 89' lang='lat' dir='ltr'>silve</span> <span class='ocrx_word' id='word_1_239' title='bbox 505 3739 521 3779; x_wconf 90' lang='lat' dir='ltr'>a</span> <span class='ocrx_word' id='word_1_240' title='bbox 547 3733 635 3800; x_wconf 90' lang='lat' dir='ltr'>parte</span> <span class='ocrx_word' id='word_1_241' title='bbox 653 3719 729 3780; x_wconf 91' lang='lat' dir='ltr'>dicti</span> <span class='ocrx_word' id='word_1_242' title='bbox 749 3719 903 3780; x_wconf 90' lang='lat' dir='ltr'>Demetrii</span> <span class='ocrx_word' id='word_1_243' title='bbox 929 3719 997 3797; x_wconf 91' lang='lat' dir='ltr'>sita,</span> <span class='ocrx_word' id='word_1_244' title='bbox 1015 3738 1111 3800; x_wconf 89' lang='lat' dir='ltr'>quam</span> <span class='ocrx_word' id='word_1_245' title='bbox 1131 3719 1311 3801; x_wconf 88' lang='lat' dir='ltr'>Stephanus</span> <span class='ocrx_word' id='word_1_246' title='bbox 1327 3719 1412 3782; x_wconf 88' lang='lat' dir='ltr'>filius</span> 
     </span>
     <span class='ocr_line' id='line_1_31' title="bbox 150 3824 1412 3909; baseline 0.002 -24"><span class='ocrx_word' id='word_1_247' title='bbox 150 3824 280 3885; x_wconf 85' lang='lat' dir='ltr'>Andree</span> <span class='ocrx_word' id='word_1_248' title='bbox 305 3824 480 3885; x_wconf 88' lang='lat' dir='ltr'>literatorie</span> <span class='ocrx_word' id='word_1_249' title='bbox 498 3825 675 3887; x_wconf 90' lang='lat' dir='ltr'>dinoscitur</span> <span class='ocrx_word' id='word_1_250' title='bbox 691 3826 872 3908; x_wconf 81' lang='lat' dir='ltr'>possidere3</span> <span class='ocrx_word' id='word_1_251' title='bbox 889 3845 968 3907; x_wconf 88' lang='lat' dir='ltr'>quas</span> <span class='ocrx_word' id='word_1_252' title='bbox 985 3826 1092 3907; x_wconf 91' lang='lat' dir='ltr'>itaque</span> <span class='ocrx_word' id='word_1_253' title='bbox 1110 3825 1297 3888; x_wconf 87' lang='lat' dir='ltr'>medietates</span> <span class='ocrx_word' id='word_1_254' title='bbox 1313 3827 1412 3909; x_wconf 89' lang='lat' dir='ltr'>ipsius</span> 
     </span>
     <span class='ocr_line' id='line_1_32' title="bbox 150 3930 1411 4015; baseline 0.004 -25"><span class='ocrx_word' id='word_1_255' title='bbox 150 3931 241 4008; x_wconf 90' lang='lat' dir='ltr'>silve,</span> <span class='ocrx_word' id='word_1_256' title='bbox 266 3930 405 4011; x_wconf 88' lang='lat' dir='ltr'>quedam</span> <span class='ocrx_word' id='word_1_257' title='bbox 432 3946 570 4012; x_wconf 91' lang='lat' dir='ltr'>quatuor</span> <span class='ocrx_word' id='word_1_258' title='bbox 595 3934 724 3993; x_wconf 90' lang='lat' dir='ltr'>arbores</span> <span class='ocrx_word' id='word_1_259' title='bbox 741 3932 907 3994; x_wconf 91' lang='lat' dir='ltr'>videlicet:</span> <span class='ocrx_word' id='word_1_260' title='bbox 933 3932 1021 4014; x_wconf 91' lang='lat' dir='ltr'>pomi</span> <span class='ocrx_word' id='word_1_261' title='bbox 1037 3933 1199 4011; x_wconf 90' lang='lat' dir='ltr'>silvestris,</span> <span class='ocrx_word' id='word_1_262' title='bbox 1224 3934 1337 4011; x_wconf 89' lang='lat' dir='ltr'>cerusi,</span> <span class='ocrx_word' id='word_1_263' title='bbox 1355 3953 1411 4015; x_wconf 92' lang='lat' dir='ltr'>po·</span> 
     </span>
     <span class='ocr_line' id='line_1_33' title="bbox 149 4037 1410 4119; baseline 0.002 -21"><span class='ocrx_word' id='word_1_264' title='bbox 149 4038 216 4119; x_wconf 93' lang='lat' dir='ltr'>puli</span> <span class='ocrx_word' id='word_1_265' title='bbox 242 4051 272 4098; x_wconf 90' lang='lat' dir='ltr'>et</span> <span class='ocrx_word' id='word_1_266' title='bbox 297 4053 442 4099; x_wconf 86' lang='lat' dir='ltr'>castauee</span> <span class='ocrx_word' id='word_1_267' title='bbox 466 4058 502 4098; x_wconf 90' lang='lat' dir='ltr'>ac</span> <span class='ocrx_word' id='word_1_268' title='bbox 527 4038 658 4119; x_wconf 90' lang='lat' dir='ltr'>quidam</span> <span class='ocrx_word' id='word_1_269' title='bbox 683 4053 813 4100; x_wconf 88' lang='lat' dir='ltr'>truncus</span> <span class='ocrx_word' id='word_1_270' title='bbox 845 4040 968 4100; x_wconf 88' lang='lat' dir='ltr'>arboris</span> <span class='ocrx_word' id='word_1_271' title='bbox 992 4037 1060 4099; x_wconf 92' lang='lat' dir='ltr'>clen</span> <span class='ocrx_word' id='word_1_272' title='bbox 1094 4038 1177 4100; x_wconf 89' lang='lat' dir='ltr'>dicte</span> <span class='ocrx_word' id='word_1_273' title='bbox 1202 4041 1241 4101; x_wconf 90' lang='lat' dir='ltr'>ab</span> <span class='ocrx_word' id='word_1_274' title='bbox 1274 4040 1410 4101; x_wconf 91' lang='lat' dir='ltr'>invicem</span> 
     </span>
     <span class='ocr_line' id='line_1_34' title="bbox 152 4144 748 4226; baseline 0.005 -22"><span class='ocrx_word' id='word_1_275' title='bbox 152 4144 308 4205; x_wconf 89' lang='lat' dir='ltr'>metaliter</span> <span class='ocrx_word' id='word_1_276' title='bbox 332 4158 480 4226; x_wconf 90' lang='lat' dir='ltr'>separant</span> <span class='ocrx_word' id='word_1_277' title='bbox 505 4158 535 4205; x_wconf 88' lang='lat' dir='ltr'>et</span> <span class='ocrx_word' id='word_1_278' title='bbox 560 4145 748 4226; x_wconf 87' lang='lat' dir='ltr'>distingunt.</span> 
     </span>
    </p>

    <p class='ocr_par' dir='ltr' id='par_1_6' title="bbox 151 4250 1413 4868">
     <span class='ocr_line' id='line_1_35' title="bbox 257 4250 1407 4332; baseline 0.002 -21"><span class='ocrx_word' id='word_1_279' title='bbox 257 4251 334 4311; x_wconf 91' lang='lat' dir='ltr'>ltem</span> <span class='ocrx_word' id='word_1_280' title='bbox 360 4251 529 4332; x_wconf 89' lang='lat' dir='ltr'>religiosus</span> <span class='ocrx_word' id='word_1_281' title='bbox 553 4252 601 4311; x_wconf 91' lang='lat' dir='ltr'>vir</span> <span class='ocrx_word' id='word_1_282' title='bbox 626 4251 720 4312; x_wconf 86' lang='lat' dir='ltr'>irater</span> <span class='ocrx_word' id='word_1_283' title='bbox 746 4251 937 4313; x_wconf 87' lang='lat' dir='ltr'>Benedictus</span> <span class='ocrx_word' id='word_1_284' title='bbox 955 4252 1091 4312; x_wconf 91' lang='lat' dir='ltr'>vicarius</span> <span class='ocrx_word' id='word_1_285' title='bbox 1115 4250 1247 4326; x_wconf 73' lang='lat' dir='ltr'>fratrum</span> <span class='ocrx_word' id='word_1_286' title='bbox 1266 4252 1407 4313; x_wconf 91' lang='lat' dir='ltr'>Heremi·</span> 
     </span>
     <span class='ocr_line' id='line_1_36' title="bbox 151 4358 1412 4440; baseline 0.001 -21"><span class='ocrx_word' id='word_1_287' title='bbox 151 4372 255 4419; x_wconf 91' lang='lat' dir='ltr'>tarum</span> <span class='ocrx_word' id='word_1_288' title='bbox 279 4358 402 4418; x_wconf 91' lang='lat' dir='ltr'>ordinis</span> <span class='ocrx_word' id='word_1_289' title='bbox 427 4359 526 4418; x_wconf 90' lang='lat' dir='ltr'>sancti</span> <span class='ocrx_word' id='word_1_290' title='bbox 552 4358 644 4418; x_wconf 87' lang='lat' dir='ltr'>Pauli</span> <span class='ocrx_word' id='word_1_291' title='bbox 678 4359 772 4440; x_wconf 90' lang='lat' dir='ltr'>primi</span> <span class='ocrx_word' id='word_1_292' title='bbox 800 4358 974 4436; x_wconf 86' lang='lat' dir='ltr'>Heremite,</span> <span class='ocrx_word' id='word_1_293' title='bbox 999 4358 1031 4418; x_wconf 91' lang='lat' dir='ltr'>in</span> <span class='ocrx_word' id='word_1_294' title='bbox 1055 4378 1111 4419; x_wconf 85' lang='lat' dir='ltr'>sua</span> <span class='ocrx_word' id='word_1_295' title='bbox 1135 4372 1165 4419; x_wconf 91' lang='lat' dir='ltr'>et</span> <span class='ocrx_word' id='word_1_296' title='bbox 1190 4358 1412 4420; x_wconf 86' lang='lat' dir='ltr'>universorum</span> 
     </span>
     <span class='ocr_line' id='line_1_37' title="bbox 151 4445 1411 4547; baseline 0.002 -23"><span class='ocrx_word' id='word_1_297' title='bbox 151 4460 284 4525; x_wconf 79' lang='lat' dir='ltr'>fratrum</span> <span class='ocrx_word' id='word_1_298' title='bbox 310 4463 548 4525; x_wconf 83' lang='lat' dir='ltr'>Heremitarunr</span> <span class='ocrx_word' id='word_1_299' title='bbox 574 4464 696 4524; x_wconf 91' lang='lat' dir='ltr'>ordinis</span> <span class='ocrx_word' id='word_1_300' title='bbox 721 4462 832 4547; x_wconf 85' lang='lat' dir='ltr'>prefati</span> <span class='ocrx_word' id='word_1_301' title='bbox 862 4465 989 4525; x_wconf 89' lang='lat' dir='ltr'>claustri</span> <span class='ocrx_word' id='word_1_302' title='bbox 1014 4445 1105 4525; x_wconf 88' lang='lat' dir='ltr'>beate</span> <span class='ocrx_word' id='word_1_303' title='bbox 1127 4464 1260 4545; x_wconf 89' lang='lat' dir='ltr'>virginis</span> <span class='ocrx_word' id='word_1_304' title='bbox 1284 4465 1323 4525; x_wconf 92' lang='lat' dir='ltr'>de</span> <span class='ocrx_word' id='word_1_305' title='bbox 1339 4485 1411 4547; x_wconf 90' lang='lat' dir='ltr'>pro·</span> 
     </span>
     <span class='ocr_line' id='line_1_38' title="bbox 154 4570 1412 4652; baseline 0.002 -22"><span class='ocrx_word' id='word_1_306' title='bbox 154 4571 315 4631; x_wconf 91' lang='lat' dir='ltr'>montorio</span> <span class='ocrx_word' id='word_1_307' title='bbox 340 4571 550 4651; x_wconf 88' lang='lat' dir='ltr'>zagrabiensi‚</span> <span class='ocrx_word' id='word_1_308' title='bbox 576 4572 737 4651; x_wconf 84' lang='lat' dir='ltr'>quandam</span> <span class='ocrx_word' id='word_1_309' title='bbox 764 4571 897 4631; x_wconf 88' lang='lat' dir='ltr'>domum</span> <span class='ocrx_word' id='word_1_310' title='bbox 923 4571 979 4630; x_wconf 90' lang='lat' dir='ltr'>viri</span> <span class='ocrx_word' id='word_1_311' title='bbox 1009 4570 1146 4631; x_wconf 89' lang='lat' dir='ltr'>condam</span> <span class='ocrx_word' id='word_1_312' title='bbox 1171 4570 1297 4652; x_wconf 91' lang='lat' dir='ltr'>providi</span> <span class='ocrx_word' id='word_1_313' title='bbox 1322 4572 1412 4632; x_wconf 90' lang='lat' dir='ltr'>Pauli</span> 
     </span>
     <span class='ocr_line' id='line_1_39' title="bbox 154 4675 1413 4738; baseline 0.002 -3"><span class='ocrx_word' id='word_1_314' title='bbox 154 4677 229 4737; x_wconf 92' lang='lat' dir='ltr'>dicti</span> <span class='ocrx_word' id='word_1_315' title='bbox 254 4676 402 4737; x_wconf 91' lang='lat' dir='ltr'>Thothar</span> <span class='ocrx_word' id='word_1_316' title='bbox 427 4678 457 4737; x_wconf 94' lang='lat' dir='ltr'>in</span> <span class='ocrx_word' id='word_1_317' title='bbox 491 4678 574 4737; x_wconf 92' lang='lat' dir='ltr'>dicta</span> <span class='ocrx_word' id='word_1_318' title='bbox 607 4678 732 4738; x_wconf 90' lang='lat' dir='ltr'>civitate</span> <span class='ocrx_word' id='word_1_319' title='bbox 764 4678 845 4737; x_wconf 90' lang='lat' dir='ltr'>inter</span> <span class='ocrx_word' id='word_1_320' title='bbox 877 4678 992 4738; x_wconf 91' lang='lat' dir='ltr'>domos</span> <span class='ocrx_word' id='word_1_321' title='bbox 1021 4690 1052 4736; x_wconf 92' lang='lat' dir='ltr'>et</span> <span class='ocrx_word' id='word_1_322' title='bbox 1083 4675 1200 4737; x_wconf 77' lang='lat' dir='ltr'>fundos</span> <span class='ocrx_word' id='word_1_323' title='bbox 1222 4697 1279 4738; x_wconf 93' lang='lat' dir='ltr'>seu</span> <span class='ocrx_word' id='word_1_324' title='bbox 1311 4677 1413 4738; x_wconf 87' lang='lat' dir='ltr'>curias</span> 
     </span>
     <span class='ocr_line' id='line_1_40' title="bbox 158 4783 1412 4868; baseline 0.002 -23"><span class='ocrx_word' id='word_1_325' title='bbox 158 4783 258 4846; x_wconf 89' lang='lat' dir='ltr'>Elene</span> <span class='ocrx_word' id='word_1_326' title='bbox 282 4783 374 4845; x_wconf 90' lang='lat' dir='ltr'>aliter</span> <span class='ocrx_word' id='word_1_327' title='bbox 398 4783 549 4846; x_wconf 86' lang='lat' dir='ltr'>Chernka</span> <span class='ocrx_word' id='word_1_328' title='bbox 574 4798 697 4865; x_wconf 89' lang='lat' dir='ltr'>vocate,</span> <span class='ocrx_word' id='word_1_329' title='bbox 722 4786 762 4846; x_wconf 88' lang='lat' dir='ltr'>ab</span> <span class='ocrx_word' id='word_1_330' title='bbox 788 4803 850 4846; x_wconf 89' lang='lat' dir='ltr'>una</span> <span class='ocrx_word' id='word_1_331' title='bbox 868 4798 966 4868; x_wconf 90' lang='lat' dir='ltr'>parte,</span> <span class='ocrx_word' id='word_1_332' title='bbox 991 4784 1031 4845; x_wconf 91' lang='lat' dir='ltr'>ab</span> <span class='ocrx_word' id='word_1_333' title='bbox 1056 4783 1153 4848; x_wconf 86' lang='lat' dir='ltr'>altera</span> <span class='ocrx_word' id='word_1_334' title='bbox 1179 4803 1254 4847; x_wconf 90' lang='lat' dir='ltr'>vero</span> <span class='ocrx_word' id='word_1_335' title='bbox 1279 4784 1412 4848; x_wconf 87' lang='lat' dir='ltr'>Fabiani</span> 
     </span>
    </p>
   </div>
   <div class='ocr_carea' id='block_1_5' title="bbox 0 0 1577 5356">
    <p class='ocr_par' dir='ltr' id='par_1_7' title="bbox 0 0 1577 5356">
     <span class='ocr_line' id='line_1_41' title="bbox 0 0 1577 5356; baseline 0 0"><span class='ocrx_word' id='word_1_336' title='bbox 0 0 1577 5356; x_wconf 95' lang='lat' dir='ltr'> </span> 
     </span>
    </p>
   </div>
  </div>
 </body>
</html>
