3142 5356
680 322 767 380 Anno
791 336 885 398 1429.
1357 342 1411 403 171

146 552 292 595 sessores
317 533 415 615 ipsius
441 532 557 594 domus
575 530 678 595 facere
696 533 922 612 recusaverint,
940 546 1055 595 extunc
1079 532 1252 615 disposicio
1270 533 1413 594 eiusdem

148 640 269 701 domus
289 659 385 722 super
409 638 674 700 communitatem
696 638 885 700 devolvatur
908 639 978 721 ipso
1003 637 1097 701 facto.

261 745 339 806 Item
366 745 532 806 Emericus
555 757 657 806 sartor
673 742 758 806 filius
782 744 909 806 Nicolai
927 745 1090 826 quandam
1115 745 1303 826 particulam
1321 746 1413 807 vinee

151 851 184 912 in
210 851 371 913 territorio
395 851 532 913 civitatis
556 851 638 912 inter
663 850 771 911 vineas
796 851 862 912 Juri
882 850 1062 913 Corintiani
1088 865 1119 913 et
1135 850 1269 912 Fabiani
1298 852 1414 936 lliczky

147 956 305 1035 habitam,
338 958 443 1039 ipsum
476 957 649 1018 literatorie
682 971 939 1034 concernentem,
971 977 1008 1018 ex
1041 976 1198 1018 consensu
1233 957 1413 1019 vicinorum

148 1063 299 1125 vendidit
322 1079 479 1145 perpetuo
504 1063 733 1145 possidendam
759 1062 888 1124 Thome
913 1062 979 1124 titio
1004 1065 1130 1147 Jarney.

257 1170 335 1232 Item
370 1169 509 1231 Michael
541 1183 630 1231 sutor
662 1169 766 1230 dictus
799 1168 969 1230 Michalich
995 1183 1027 1231 et
1050 1173 1159 1250 Agnes
1190 1167 1254 1230 filia
1289 1168 1417 1229 Andree

148 1276 299 1357 Hungari
324 1295 455 1337 consors
488 1274 706 1336 bartholomei
740 1275 909 1353 sellatoris,
941 1276 1088 1336 concives
1121 1275 1230 1352 nostri,
1254 1274 1416 1355 quandam

150 1381 287 1443 domum
311 1382 407 1442 simul
432 1400 505 1442 cum
523 1381 652 1458 celario,
678 1380 778 1442 t'undo
803 1394 834 1441 et
851 1378 1008 1441 hedificiis
1026 1382 1107 1441 inter
1132 1381 1247 1441 domos
1272 1380 1417 1441 eiusdem

149 1487 318 1548 Michaelis
341 1488 458 1549 sutoris
483 1500 514 1549 et
538 1487 714 1548 liberorum
740 1486 876 1548 condam
895 1487 1007 1547 decani
1033 1486 1211 1549 Clementis
1235 1506 1271 1546 ac
1288 1486 1413 1548 Nicolai

148 1593 268 1654 sutoris
292 1592 446 1671 habitam,
471 1612 567 1655 unam
593 1606 739 1674 quartam
762 1594 988 1653 tantummodo
1006 1593 1037 1653 in
1063 1613 1095 1653 se
1120 1592 1304 1665 habentem,
1330 1593 1416 1653 lwan

147 1700 250 1761 sutori
276 1700 362 1761 dicto
388 1698 473 1760 Baril
498 1698 566 1760 lilio
592 1700 721 1760 Thome
756 1699 970 1760 vendiderunt
998 1714 1153 1781 perpetuo
1178 1699 1417 1781 possidendam·

252 1918 335 1990 Item
364 1920 506 1991 sabbato
536 1918 687 2008 proximo
716 1919 944 2007 postiemum
974 1917 1204 1991 conversionis
1232 1917 1320 1990 beati

643 2042 739 2114 Pauli
768 2042 924 2131 apostoli.

661 2210 724 2274 (29.
742 2200 908 2274 januarii).

259 2338 336 2398 ltem
361 2336 493 2398 domina
520 2338 617 2398 Lucia
650 2337 714 2398 filia
745 2337 899 2398 Johannis
932 2338 1006 2399 dicti
1033 2336 1172 2399 Grachin
1198 2337 1305 2398 relicta
1337 2356 1414 2397 vero

150 2444 279 2526 providi
313 2443 450 2504 condam
485 2443 542 2504 viri
576 2442 730 2504 Johannis
763 2443 942 2526 Zygethsalt
975 2444 1049 2506 dicti
1083 2442 1139 2504 filii
1173 2443 1297 2504 Nicolai
1330 2442 1413 2503 auri·

152 2550 247 2628 fabri,
264 2551 425 2631 quandam
444 2565 558 2611 terram
578 2551 730 2612 arabilem
751 2551 780 2611 in
806 2571 921 2632 campo
935 2551 1018 2612 dicte
1036 2551 1172 2612 civitatis
1189 2569 1289 2631 prope
1306 2549 1414 2610 locum

152 2657 365 2718 cremacionis
397 2655 613 2718 maleficarum
651 2656 935 2737 vulgoZredische
961 2658 1093 2734 dictum,
1130 2676 1227 2737 penes
1259 2655 1412 2736 (hlortum

151 2764 210 2823 viri
231 2763 355 2843 providi
375 2763 516 2844 magistri
535 2763 653 2824 Mathei
671 2763 830 2824 scolastici
847 2779 877 2824 et
898 2764 1040 2824 concivis
1056 2777 1151 2843 atque
1170 2763 1284 2824 notarii
1314 2762 1414 2823 nostri

151 2868 208 2930 filii
237 2869 321 2929 Luce
347 2882 378 2930 et
402 2869 526 2949 Agathe
550 2890 606 2930 sue
631 2870 787 2930 consortis
812 2890 847 2930 ac
863 2870 1007 2950 undique
1033 2869 1203 2930 intervias
1228 2887 1417 2929 communes

153 2975 307 3053 habitam,
331 2988 394 3036 tres
425 2976 476 3037 vel
509 2976 584 3036 citra
615 2976 717 3036 dietas
750 2977 780 3035 in
806 2996 838 3035 se
872 2976 1102 3053 continentem,
1127 2995 1199 3036 curn
1234 2974 1298 3035 suis
1322 2975 1418 3056 perti·

153 3081 277 3142 nenciis
302 3101 338 3140 ex
364 3101 523 3142 consensu
556 3081 750 3162 Stephltonis
778 3096 808 3143 et
842 3080 998 3143 Penthere
1022 3101 1058 3141 ac
1083 3081 1263 3141 vicinorum
1295 3080 1418 3162 predic·

154 3202 263 3250 torum
290 3187 440 3249 Michaeli
465 3187 533 3248 filio
559 3188 735 3249 Sebastiam
763 3209 799 3249 ex
817 3188 1035 3249 commissario
1061 3187 1251 3248 auctoritate
1275 3187 1420 3248 vendidit

155 3314 214 3377 pro
239 3293 485 3375 quatuordecim
510 3294 578 3356 flor.
605 3307 760 3376 perpetuo
786 3294 1026 3376 possidendam.

263 3401 341 3462 Item
367 3401 492 3462 Blasius
516 3399 600 3461 filius
624 3401 714 3461 Pauli
740 3402 816 3462 dicti
837 3401 1011 3478 Charanth,
1036 3401 1200 3482 quandam
1218 3415 1333 3462 terram
1351 3419 1418 3460 ara-

156 3508 256 3569 bilem
281 3527 371 3568 suam
397 3508 428 3568 in
453 3527 569 3589 campo
603 3507 686 3567 dicte
719 3507 855 3567 civitatis
887 3508 968 3567 inter
991 3521 1090 3567 terras
1121 3507 1288 3588 hospitalis
1320 3505 1418 3565 nostri

154 3613 338 3676 communis
361 3633 376 3674 a
403 3628 490 3695 parte
516 3613 708 3674 occidentali
742 3627 772 3674 et
805 3613 936 3673 domine
962 3613 1058 3673 Lucia
1085 3627 1207 3688 vocate,
1239 3611 1359 3689 relicte,
1383 3630 1419 3672 ac

155 3721 306 3801 Gregorii
331 3718 387 3780 filii
413 3720 550 3781 condam
577 3721 703 3781 Thome
730 3719 949 3797 Gerdscwich,
977 3739 1036 3780 nec
1060 3740 1125 3780 non
1149 3720 1326 3780 liberorum
1344 3738 1418 3780 con-

155 3828 229 3888 dam
254 3826 383 3887 Andree
409 3827 523 3907 judicis
548 3825 603 3887 filii
632 3827 712 3888 Petri
740 3826 862 3907 Saphar
886 3826 1033 3906 desuper,
1059 3839 1090 3886 et
1113 3828 1153 3886 ab
1179 3824 1260 3887 infra
1284 3823 1418 3886 fluvium

156 3934 196 3994 de
222 3933 385 3993 montibus
418 3934 586 4015 Zernnyak
619 3935 838 3994 decurrentem
871 3931 1013 3992 habitam
1042 3946 1073 3993 et
1106 3933 1304 4009 existentem,
1340 3931 1419 3991 duas

157 4038 385 4100 tantummodo
411 4039 513 4100 dietas
537 4054 617 4099 terre
643 4039 673 4098 in
698 4058 730 4098 se
756 4039 985 4116 continentem,
1001 4038 1134 4122 Symoni
1159 4037 1227 4099 filio
1253 4037 1419 4098 Michaelis

157 4145 197 4207 de
223 4143 356 4205 Raboch
382 4165 439 4224 pro
465 4144 637 4205 duodecim
655 4143 722 4205 flor.
748 4144 816 4204 auri
834 4145 981 4205 vendidit
1001 4158 1156 4226 perpetuo
1180 4143 1418 4225 possidendam,

157 4252 244 4313 salva
268 4252 366 4313 tercia
391 4251 475 4313 dieta
499 4264 580 4313 terre
605 4265 780 4331 prenotate,
804 4271 901 4332 quam
921 4251 1032 4333 prefati
1058 4252 1148 4312 liberi
1175 4252 1273 4333 ipsius
1290 4251 1418 4312 Andree

158 4356 272 4437 judicis
297 4357 508 4419 dinoscuntur
532 4357 707 4438 possidere.

264 4463 343 4524 ltem
378 4462 539 4524 Johannes
571 4462 692 4543 juratus
730 4463 815 4525 iilius
847 4464 979 4525 Peronis
1015 4462 1219 4524 medietatem
1253 4462 1418 4523 cuiusdam

159 4569 252 4630 vinee
278 4570 309 4630 in
334 4571 496 4631 territorio
521 4571 656 4631 civitatis
682 4572 763 4631 inter
786 4571 896 4631 vineas
920 4571 1094 4631 liberorum
1120 4589 1175 4630 seu
1200 4589 1417 4631 successorum

161 4674 296 4738 condam
331 4675 485 4738 Johannis
518 4676 595 4737 Wllt
630 4693 660 4738 et
694 4676 830 4737 Emerici
864 4676 952 4757 parvi
986 4674 1041 4736 filii
1068 4676 1205 4737 Emerici
1237 4690 1419 4737 nostrorum

160 4783 342 4845 concivium
367 4783 474 4845 habite
499 4798 529 4845 et
546 4782 718 4860 existentis,
743 4802 780 4843 ex
804 4795 938 4864 utraque
967 4794 1055 4864 parte
1079 4796 1144 4843 tam
1169 4803 1185 4843 a
1210 4800 1418 4866 superquam
