3142 5356
157 506 218 568 114
517 488 603 548 Anno
625 483 719 566 1496.
743 520 787 531 -
810 501 859 549 10.
883 488 1055 562 septembrii.

259 699 365 763 Causa
390 701 472 762 inter
489 698 700 761 Dominicum
724 698 868 784 Peroycb
886 712 917 761 et
934 698 1060 761 nobiles
1083 697 1247 761 Thomam
1272 711 1305 760 et
1321 697 1422 760 Fran·

154 807 273 869 ciscum
299 807 339 868 de
364 806 514 889 Bachyan
539 805 685 887 sequitur
701 804 816 867 ordine
841 803 1060 888 infrascripto:
1085 809 1182 866 Anno
1200 804 1335 867 Domini
1353 803 1426 866 mil·

155 913 270 975 lesimo
283 912 603 995 quadringentesimo
621 912 833 994 nonagesimo
850 926 949 991 sexto,
966 910 1044 973 feria
1060 911 1200 973 secunda
1218 925 1292 993 post
1309 909 1426 974 festum

154 1021 246 1081 beate
272 1019 371 1080 Marie
389 1018 429 1080 de
447 1019 540 1097 Nive,
565 1019 730 1080 venientes
748 1018 848 1079 nostri
867 1018 898 1079 in
917 1018 1115 1099 presenciam
1133 1017 1261 1079 nobiles
1278 1016 1427 1078 Thomas

153 1125 192 1187 de
218 1125 366 1208 Bachyan
392 1139 423 1188 et
448 1125 636 1186 Franciscus
660 1122 756 1185 frater
789 1125 857 1186 eius
882 1124 1019 1185 carnalis
1051 1143 1124 1186 cum
1149 1123 1250 1185 literis
1275 1122 1423 1184 illustris·

153 1231 225 1292 simi
262 1231 386 1293 domini
425 1231 524 1292 nostri
562 1230 686 1291 domini
723 1229 814 1292 ducis
846 1231 941 1292 nobis
972 1230 1172 1313 preceptorie
1203 1229 1425 1310 loquentibus,

153 1357 288 1420 quarum
313 1338 549 1400 continenciam
575 1337 615 1398 de
639 1337 738 1399 verbo
762 1336 802 1398 ad
826 1338 961 1399 verbum
985 1336 1025 1398 ad
1050 1350 1230 1419 presentem
1256 1349 1422 1396 cateruam

154 1445 282 1506 inscribi
307 1442 452 1523 fecimus,
477 1457 508 1505 et
533 1462 642 1504 earum
666 1443 830 1505 literarum
855 1457 947 1506 tenor
978 1443 1051 1504 talis
1075 1456 1138 1515 est:
1163 1442 1231 1503 Nos
1255 1440 1420 1503 lohannes

154 1550 319 1613 Coruinus
337 1550 497 1633 Oppauie,
517 1549 731 1632 liptouieque
757 1549 819 1610 dux
837 1569 875 1610 ac
895 1568 1067 1630 regnorum
1086 1547 1262 1626 Dalmacie,
1280 1545 1417 1610 Croacie

157 1669 187 1717 et
213 1654 386 1717 Sclauonie
412 1656 514 1716 banus
545 1669 604 1716 etc.
630 1655 777 1716 Providis
800 1674 835 1717 ac
868 1655 1105 1738 circumspectis
1120 1654 1218 1736 judici
1240 1669 1272 1716 et
1295 1654 1420 1738 juratis,

153 1761 416 1843 universitatique
435 1761 553 1823 civium
572 1760 708 1822 civitatis
724 1775 831 1822 nostre
850 1757 1142 1842 Montisgrecensis,
1156 1759 1307 1822 fidelibus
1323 1760 1419 1823 nobis

152 1869 274 1930 sincere
299 1868 434 1947 dilectis,
459 1870 595 1930 salutem
621 1884 651 1930 et
676 1883 815 1929 nostram
852 1868 1121 1930 benivolenciam.
1155 1868 1347 1950 Expositum
1374 1882 1421 1929 est

154 1976 248 2037 nobis
272 1995 330 2058 pro
354 1989 443 2058 parte
469 1975 628 2037 nobilium
653 1974 782 2036 Thome
814 1988 846 2036 et
869 1975 1030 2036 Francisci
1055 1975 1094 2036 de
1120 1974 1270 2056 Bachyan
1305 1989 1337 2037 et
1361 1975 1419 2037 do·

152 2083 239 2143 mine
264 2081 438 2143 Katherine
464 2081 573 2143 matris
604 2080 803 2158 eorumdem,
826 2100 883 2141 nec
916 2100 979 2141 non
1013 2080 1144 2141 domine
1168 2083 1262 2141 Anne
1286 2080 1419 2158 sororis,

98 2266 102 2272 ι
152 2189 289 2271 qualiter
314 2189 400 2271 ipsos
424 2188 564 2270 quedam
590 2188 706 2248 domus
730 2187 761 2248 in
779 2176 841 2248 'illa
875 2201 980 2248 nostra
1005 2187 1132 2248 civitate
1157 2205 1255 2268 quam
1279 2187 1414 2268 quidam

154 2295 281 2356 Domlto
307 2294 481 2377 Perowych
507 2294 691 2376 possidebat
722 2293 923 2375 temporibus
954 2293 1184 2376 superioribus,
1209 2293 1298 2375 ipsos
1322 2312 1421 2376 expo·

153 2415 263 2462 nentes
302 2400 369 2481 jure
402 2400 597 2463 hereditario
629 2414 852 2478 concerneret,
892 2414 988 2481 atque
1026 2401 1084 2482 ipsi
1118 2397 1315 2461 sufficiencia
1350 2400 1421 2482 jura

152 2508 270 2570 babere
295 2529 327 2569 se
353 2506 562 2569 affirmarunt.
588 2508 748 2568 Nolumus
780 2522 886 2568 tamen
912 2526 971 2567 nos
1003 2507 1189 2588 quempiam
1214 2506 1247 2567 in
1272 2506 1419 2588 ipsorum

151 2615 253 2696 justis,
278 2617 361 2676 veris
385 2631 415 2677 et
439 2617 606 2697 legittimis
623 2615 745 2696 juribus
767 2615 895 2697 privari,
913 2615 1065 2697 quocirca
1083 2615 1183 2677 Vobis
1207 2614 1321 2677 harum
1339 2617 1422 2679 serie

152 2723 354 2804 presencium
380 2723 578 2784 strictissime
612 2722 843 2784 committimus
867 2736 898 2783 et
930 2723 1132 2801 mandamus,
1156 2723 1305 2805 ampliori
1331 2743 1422 2786 man·

152 2829 227 2892 dato
252 2829 425 2912 superinde
450 2849 515 2891 non
541 2843 718 2910 expectato,
750 2841 920 2890 annotatos
945 2828 1108 2890 Thomam
1144 2843 1176 2890 et
1199 2828 1421 2908 Franciscum,

152 2955 277 2997 necnon
303 2935 468 2996 dominam
504 2934 712 2995 Karberinam
745 2947 879 2995 matrem
911 2949 941 2995 et
971 2939 1099 2996 Annam
1131 2954 1287 3012 sororem,
1309 2937 1422 2997 revisis

151 3041 294 3123 ipsorum
312 3041 395 3102 veris
412 3054 442 3102 et
458 3041 623 3121 legittimis
634 3040 852 3122 juribusjuxta
870 3041 1035 3123 antiquam
1053 3056 1084 3104 et
1100 3043 1311 3124 approbatam
1322 3042 1421 3104 liber·

150 3160 247 3209 tatem
261 3162 292 3208 et
308 3147 572 3209 consvetudinem
598 3147 696 3228 ipsius
714 3162 819 3208 nostre
837 3148 973 3210 civitatis
997 3149 1029 3208 in
1047 3148 1228 3209 dominium
1247 3147 1419 3230 pacificum

151 3253 238 3316 illius
255 3253 370 3315 domus
388 3268 418 3315 et
441 3254 713 3336 pertinenciarum
730 3255 929 3336 quibuslibet
946 3254 985 3315 ad
1003 3255 1105 3335 ipsam
1122 3255 1255 3315 domum
1282 3255 1322 3315 de
1347 3254 1418 3335 jure

151 3373 181 3421 et
205 3363 244 3421 ab
269 3361 403 3442 antiquo
428 3361 645 3443 spectantibus
669 3376 700 3423 et
720 3362 880 3443 pertinere
904 3362 1096 3422 debentibus
1113 3347 1335 3439 introducatis,
1354 3376 1418 3423 sta-

150 3467 310 3548 tuatisque
335 3467 457 3528 eisdem
483 3467 551 3549 jura
578 3468 724 3528 universa
757 3469 845 3529 illius
869 3468 1005 3530 civitatis
1037 3468 1114 3549 ipsis
1137 3466 1299 3528 annotatis
1322 3487 1422 3550 super

150 3572 239 3634 illam
264 3574 399 3635 domum
426 3589 456 3635 et
480 3574 693 3656 pertinencias
715 3574 879 3635 extradare
897 3575 1016 3654 absque
1042 3573 1108 3635 ulla
1124 3572 1421 3654 procrastinatione

150 3678 293 3740 debeatis
317 3693 348 3740 et
372 3680 460 3740 aliud
486 3679 578 3740 nullo
594 3679 694 3740 modo
720 3678 843 3741 faciatis
860 3681 884 3740 si
903 3694 1044 3741 nostram
1071 3679 1336 3761 indignacionem
1353 3683 1421 3744 evi·

149 3797 215 3846 tare
240 3785 365 3867 cupitis.
384 3786 589 3847 Presentibus
607 3785 765 3868 perlectis,
791 3787 952 3848 exhibenti
971 3787 1133 3848 restitutis.
1152 3788 1270 3848 Datum
1288 3788 1420 3872 Bihygii

150 3890 181 3950 in
206 3887 348 3972 profesto
374 3892 474 3952 Marie
500 3892 539 3954 de
565 3893 657 3970 Nive,
690 3913 775 3954 anno
802 3892 933 3953 Domini
968 3893 1142 3953 millesimo
1167 3894 1420 3976 quadringente-

148 3997 231 4058 simo
255 4011 353 4062 sexto,
372 4034 411 4043 —
430 3999 497 4058 Nos
521 3999 629 4080 itaque
648 3999 808 4060 mandatis
825 3999 925 4081 ipsius
942 3999 1066 4060 domini
1085 3999 1175 4060 ducis
1192 4000 1419 4082 obtemperare

149 4104 315 4185 cupientes
341 4118 374 4166 ut
397 4119 556 4183 tenemur,
581 4105 667 4186 juxta
700 4119 841 4167 nostram
875 4106 1141 4168 consvetudinem
1166 4105 1291 4188 prefato
1318 4107 1419 4169 Dom-

149 4210 224 4271 lroni
249 4209 479 4291 prefixeramus
502 4212 676 4272 terminum
702 4212 946 4293 quindecimum
965 4212 1051 4273 diem
1077 4233 1133 4295 per
1158 4213 1265 4274 literas
1281 4226 1418 4293 nostras,

149 4329 183 4376 ut
206 4315 230 4376 si
256 4316 334 4396 quid
361 4315 491 4377 haberet
515 4317 656 4379 accionis
679 4338 752 4379 cum
785 4315 916 4399 prelatis
941 4319 1071 4379 Thoma
1097 4333 1127 4380 et
1152 4319 1323 4379 Francisco
1349 4319 1419 4401 ipse

148 4421 356 4502 quindecimo
381 4422 433 4483 die
458 4442 565 4484 coram
592 4425 685 4485 nobis
710 4444 897 4506 comparere
931 4425 1079 4502 deberet;
1105 4445 1170 4506 quo
1195 4424 1335 4486 termino
1360 4426 1418 4487 ad·

147 4527 295 4590 veniente
320 4527 460 4610 prelatus
485 4529 613 4591 Dotnlro
638 4531 712 4592 licet
735 4533 946 4613 personaliter
971 4553 1034 4593 non
1054 4531 1278 4613 comparuerit,
1304 4545 1417 4595 tamen

147 4633 247 4695 literis
272 4635 487 4696 mediantibus
519 4637 719 4698 contradixit.
746 4639 878 4720 Nosque
902 4639 997 4718 iudex
1029 4656 1100 4699 cum
1133 4637 1244 4718 juratis
1268 4637 1420 4702 volentes

147 4754 253 4801 nostre
278 4742 502 4802 consuetudini
520 4741 710 4821 satisfacere,
736 4744 937 4806 decrevimus
962 4759 996 4805 ut
1012 4745 1111 4806 moris
1135 4759 1182 4806 est
1204 4744 1290 4806 sedis
1306 4760 1418 4809 nostre

146 4847 262 4908 trinam
287 4846 446 4909 forensem
465 4849 760 4931 proclamacionem
785 4868 819 4912 ut
836 4851 977 4934 prelatus
996 4853 1124 4915 Domko
1142 4865 1197 4915 aut
1213 4851 1262 4914 sui
1280 4850 1421 4917 heredes

147 4952 229 5015 inira
252 4955 427 5016 terminum
452 4955 528 5035 ipsis
554 4955 711 5037 prefixum
736 4976 843 5019 coram
870 4959 964 5018 nobis
988 4959 1027 5020 ad
1052 4957 1315 5042 respondendum
1342 4978 1420 5042 pre·
