3142 5356
681 340 768 399 Anno
792 354 883 418 1430.
1352 356 1410 398 201

964 444 1411 451 —————---.——-

147 561 231 632 Item
261 561 346 632 lerla
376 568 500 650 quarta
529 562 684 650 proxima
722 567 801 630 ante
834 560 957 631 festum
987 558 1240 632 Purificacionis
1269 558 1412 648 gloriose

558 703 688 772 semper
718 686 863 771 virginis
892 684 1006 754 llario.

657 839 699 908 (ι.
715 835 892 910 stortura).

255 976 332 1037 item
359 976 547 1037 Dominicus
571 975 694 1057 pridem
720 973 841 1053 juratus
876 973 960 1037 filius
985 975 1081 1036 Blasii
1106 990 1137 1036 et
1163 974 1336 1036 Scolastica
1360 994 1407 1036 re·

147 1083 222 1144 licta
247 1082 384 1144 condam
413 1083 498 1142 Luce
523 1080 579 1142 filii
605 1082 689 1143 Petri
716 1082 755 1143 de
781 1081 949 1164 Byztricha
978 1083 1018 1141 ab
1043 1102 1105 1142 una
1131 1096 1229 1163 parte,
1255 1081 1299 1141 uti
1325 1100 1412 1141 com·

148 1189 284 1249 missarii
310 1187 454 1250 eiusdem
493 1189 588 1262 Luce,
621 1189 807 1269 porcionem
833 1188 992 1248 vinealem
1025 1189 1125 1269 ipsius
1151 1189 1236 1249 Luce
1261 1188 1293 1249 in
1327 1187 1415 1248 terri-

147 1296 231 1356 torio
257 1295 394 1356 civitatis
419 1295 501 1355 inter
534 1295 644 1355 vineas
676 1294 804 1356 Thome
837 1293 913 1355 dicti
944 1294 1070 1355 Konich
1104 1293 1160 1355 lilii
1188 1295 1269 1355 l’etri
1295 1309 1326 1355 et
1352 1299 1415 1355 An·

147 1400 252 1462 thonii
277 1398 434 1462 carnificis
451 1400 570 1478 habite,
588 1401 726 1481 desuper
750 1421 767 1460 a
790 1400 842 1460 via
860 1401 1036 1478 communi,
1055 1398 1136 1461 inira
1162 1420 1264 1481 usque
1282 1419 1414 1462 nemora

147 1526 205 1567 seu
229 1506 367 1586 virgulta
392 1507 610 1588 predictorum
636 1505 814 1566 vicinorum
851 1525 923 1567 cum
947 1503 1038 1568 senili
1063 1526 1097 1567 se
1122 1506 1333 1583 extendentis,
1358 1525 1415 1586 pro

150 1613 373 1674 celebracione
390 1612 519 1692 triginta
544 1612 713 1672 missarum
732 1632 787 1694 per
804 1612 973 1673 dominum
999 1612 1177 1673 lohannem
1204 1613 1413 1695 presbiterum

147 1719 324 1801 plebanum
349 1718 482 1779 ecclesie
500 1719 599 1779 sancti
619 1719 716 1779 Marci
735 1718 939 1798 ewangeliste
957 1717 1020 1799 jam
1038 1718 1280 1797 celebratarum,
1306 1717 1412 1779 eidem

148 1824 312 1885 dedissent
324 1837 480 1906 perpetuo
500 1823 747 1906 possidendam;
765 1838 795 1886 et
816 1824 912 1886 aliam
930 1824 1135 1886 medietatem
1160 1824 1303 1885 eiusdem
1320 1824 1413 1884 vinee

148 1946 180 1992 et
203 1930 309 1991 fertilis
335 1929 535 2011 Margaretha
553 1928 617 1991 lilia
643 1930 718 1991 dicti
739 1931 823 1991 Luce
841 1931 949 1991 relicta
970 1930 1106 1992 condam
1127 1931 1244 1993 Mathai
1264 1929 1415 1993 Chweth·

149 2037 242 2099 lconis
266 2035 391 2119 prelato
415 2035 550 2098 domiuo
582 2035 720 2098 iohanni
746 2056 803 2118 pro
828 2057 893 2098 uno
917 2036 987 2099 flor.
1013 2051 1043 2098 et
1068 2038 1099 2098 in
1132 2037 1281 2118 ampliori
1307 2036 1414 2097 valore

148 2163 207 2226 pro
231 2142 375 2205 remedio
399 2143 505 2203 anime
530 2143 605 2203 dicti
622 2143 751 2204 Mathei
777 2142 940 2204 dedissent
966 2143 1114 2205 similiter
1143 2158 1299 2224 perpetuo
1315 2143 1414 2224 possi·

149 2248 300 2311 dandam.

256 2354 332 2415 ltem
370 2354 481 2416 Petrus
517 2355 658 2416 decanus
700 2355 863 2416 colendini
903 2354 1172 2417 confraternitatis
1209 2356 1414 2434 Latinorum,

149 2459 312 2542 quandam
345 2460 479 2521 domum
512 2480 603 2521 suam
637 2480 709 2522 cum
742 2459 843 2522 fundo
876 2461 908 2522 in
941 2462 1023 2522 dicta
1050 2462 1188 2540 civitate,
1222 2463 1254 2522 in
1288 2462 1414 2523 civitate

148 2566 291 2649 predicta
322 2566 404 2627 inter
435 2567 551 2628 domos
583 2567 725 2627 virorum
757 2567 968 2649 providorum
993 2566 1148 2628 Anthonii
1182 2567 1349 2650 Pestelych
1375 2570 1414 2629 ab

151 2692 214 2734 una
239 2685 338 2754 parte,
363 2687 394 2734 et
418 2687 505 2754 parte
530 2674 570 2734 ab
595 2673 692 2735 altera
719 2672 852 2754 Georgii
869 2675 996 2755 pistoris
1018 2694 1135 2755 panum
1162 2695 1197 2736 ac
1223 2675 1253 2735 in
1280 2674 1413 2756 posteri·

148 2794 211 2840 rate
237 2779 354 2840 domus
379 2778 462 2840 iwan
488 2778 545 2840 filii
571 2780 696 2842 Nicolai
730 2780 883 2858 habitam,
910 2801 1006 2841 unam
1039 2795 1184 2863 quartam
1210 2781 1296 2842 curie
1323 2781 1354 2841 in
1379 2800 1413 2842 se

148 2886 380 2963 continentem,
413 2884 542 2946 Thome
572 2885 639 2948 filio
671 2887 787 2967 larney
812 2887 958 2948 vendidit
989 2901 1146 2969 perpetuo
1171 2886 1409 2969 possidendam.

256 2991 333 3053 ltem
360 2992 537 3073 Elyzabeth
564 2992 670 3054 relicta
696 2993 833 3053 condam
848 2992 1071 3075 Poprawinich
1096 2991 1229 3074 Georgii
1255 3007 1286 3054 et
1312 2992 1412 3055 Geor-

149 3098 222 3178 gius
246 3096 331 3158 filius
355 3098 555 3175 eorumdem,
579 3098 709 3158 terciam
732 3113 855 3179 partem
879 3099 1046 3160 cuiusdam
1071 3114 1153 3160 terre
1178 3099 1307 3160 arabilis
1332 3119 1410 3180 qua·

148 3216 221 3265 tuor
246 3203 403 3264 dictarum
429 3203 461 3263 in
487 3223 601 3284 campo
636 3203 771 3264 civitatis
795 3203 880 3284 juxta
899 3203 1033 3265 fluvium
1051 3203 1258 3266 Kuhinschalr
1282 3218 1313 3266 et
1330 3205 1411 3266 inter

147 3324 262 3371 terram
296 3309 354 3370 viri
388 3308 515 3391 providi
549 3309 676 3371 Martini
709 3310 838 3371 sartoris
870 3309 926 3371 filii
960 3311 1090 3372 Thome
1122 3310 1249 3389 habite,
1281 3311 1413 3372 terciam

147 3429 266 3477 rectam
292 3428 323 3477 et
347 3416 495 3496 equalem
514 3430 635 3498 partem
662 3417 801 3498 ipsarum
827 3431 965 3497 quatuor
983 3417 1140 3477 dierorum
1165 3437 1182 3477 a
1207 3431 1296 3498 parte
1314 3417 1414 3499 ipsius

148 3521 278 3583 Martini
303 3520 396 3602 jurati
421 3520 574 3599 habitam,
599 3522 703 3582 eidem
724 3522 861 3583 Martino
891 3522 994 3602 jurato
1020 3523 1234 3584 vendiderunt
1258 3537 1412 3606 perpetuo

148 3628 396 3710 possidendam3
421 3628 499 3688 alias
524 3628 602 3689 duas
635 3628 778 3688 residuas
802 3643 907 3710 partes
939 3629 1123 3689 earumdem
1150 3643 1289 3711 quatuor
1313 3629 1413 3691 dieta·

149 3754 220 3795 rum
246 3755 261 3794 a
288 3749 375 3816 parte
401 3734 476 3795 dicti
503 3733 590 3796 fluvii
623 3735 709 3813 siras,
737 3755 793 3814 per
825 3749 943 3796 metam
968 3736 1000 3796 in
1033 3740 1142 3817 spacio
1168 3736 1266 3797 medii
1293 3735 1413 3797 brachii

149 3839 243 3902 ferrei
259 3840 433 3917 distinctas,
448 3841 606 3923 Dyonisio
621 3841 770 3922 piscatori
789 3841 1009 3902 vendidissent
1021 3856 1177 3924 perpetuo
1192 3843 1412 3925 possidendas.

255 3947 332 4009 ltem
359 3950 467 4008 Morka
494 3949 609 4008 mulier
635 3949 797 4028 quandam
821 3947 934 4009 silvam
959 3968 1015 4009 seu
1040 3948 1167 4010 vineam
1191 3969 1283 4010 suam
1308 3949 1412 4010 deser·

146 4067 212 4116 tam
238 4053 268 4113 in
294 4055 456 4116 territorio
481 4056 618 4116 civitatis
651 4055 734 4115 inter
766 4054 863 4114 silvas
887 4054 1016 4115 Martini
1049 4055 1178 4116 sartoris
1201 4053 1259 4116 filii
1285 4055 1412 4116 Thome

147 4174 178 4220 et
204 4159 366 4221 Dominici
393 4160 594 4242 Marsethych
619 4161 724 4237 sitam,
749 4180 821 4221 cum
843 4160 908 4220 suis
932 4160 1138 4240 pertinenciis
1167 4161 1311 4222 eiusdem
1330 4162 1411 4222 Mar-

147 4267 217 4327 tino
242 4280 273 4327 et
299 4267 470 4328 Dominico
495 4267 641 4328 vendidit
665 4267 839 4328 literatorie
869 4279 1026 4348 perpetuo
1050 4268 1290 4348 possidendam,
1315 4287 1411 4348 quarn

149 4372 209 4454 ipsi
235 4372 317 4434 inter
340 4392 373 4433 se
398 4373 575 4434 diviserunt
599 4374 654 4451 sic,
672 4375 760 4454 quod
786 4373 941 4434 medietas
966 4372 1065 4454 ipsius
1082 4373 1161 4434 silve
1182 4395 1199 4434 a
1224 4388 1312 4455 parte
1337 4373 1412 4435 dicti

149 4478 279 4539 Martini
305 4478 410 4540 eidem
436 4480 586 4557 Martin0,
611 4479 672 4539 alia
698 4494 806 4540 autem
831 4478 986 4539 medietas
1011 4479 1154 4540 eiusdem
1181 4480 1260 4540 silve
1283 4500 1299 4540 a
1324 4494 1411 4561 parte

148 4585 248 4666 ipsius
274 4585 436 4647 Dominici
462 4587 532 4664 sita,
565 4587 669 4646 eidem
697 4587 869 4646 Dominico
895 4606 951 4667 per
983 4600 1101 4647 metam
1127 4586 1339 4666 quarumdam
1365 4606 1411 4646 ar·

147 4692 264 4753 borum
290 4693 426 4753 duarum
452 4693 601 4754 videlicet
634 4712 811 4774 quercuum
845 4706 876 4752 et
904 4693 1000 4753 tercie
1031 4693 1146 4772 graber
1170 4693 1293 4756 arboris
1317 4692 1411 4770 dicte,

147 4799 352 4860 remansisset
376 4798 550 4860 literatorie
576 4798 779 4881 possidenda.
