3156 5364
583 481 670 538 Anno
691 492 779 557 1523.
805 515 846 523 —
870 476 922 542 28.
946 482 1060 555 aprilis.

168 581 493 594 h——ss

160 711 284 790 Faria
312 722 421 791 tercia
450 721 603 808 proxima
632 728 710 790 ante
743 720 864 791 festum
902 719 989 791 beati
1017 721 1183 810 Johannis
1212 729 1453 808 anteponam

737 837 901 918 Latinam.

734 1025 777 1091 (5.
808 1018 904 1086 maii).

296 1155 399 1216 Datus
422 1167 469 1216 est
493 1155 649 1215 terminus
672 1154 794 1216 decano
827 1170 972 1218 sutorum
998 1176 1070 1219 cum
1103 1156 1173 1218 aliis
1198 1157 1342 1219 eiusdem
1368 1175 1455 1218 cont·

155 1263 328 1339 plicibus
351 1275 449 1324 testes
472 1260 672 1342 producendi
698 1275 729 1323 et
753 1262 970 1344 respondendi
996 1263 1148 1324 adversus
1172 1262 1352 1325 Johannem
1369 1262 1455 1323 selli-

156 1383 312 1447 parem,
337 1367 426 1450 quod
451 1367 502 1428 vel
527 1368 593 1450 ipse
619 1380 695 1428 tunc
727 1369 943 1450 comparuerit
974 1369 1040 1430 sive
1065 1389 1142 1447 non,
1176 1369 1328 1431 dominus
1359 1367 1455 1449 judex

151 1489 320 1538 causam
344 1475 516 1536 terminare
542 1474 697 1556 promisit.

267 1710 365 1784 Ferit
395 1711 500 1783 tercia
527 1714 682 1801 proxima
711 1723 788 1784 ante
816 1713 939 1784 festum
968 1721 1084 1785 sancte
1113 1705 1239 1784 Crucis.
1269 1723 1350 1800 (sic.)

718 1864 784 1945 (28.
808 1869 936 1943 aprilis).

296 2011 424 2071 Marcus
448 2009 593 2093 Posegay
617 2023 726 2071 contra
744 2010 953 2072 Valentinum
978 2029 1103 2091 pugnat
1128 2011 1232 2091 primo
1257 2011 1370 2072 citatus
1386 2031 1451 2072 non

163 2116 384 2200 comparuit.

297 2221 375 2283 ltem
412 2221 527 2282 eodem
564 2221 616 2283 die
652 2222 840 2283 Franciscus
883 2221 1043 2284 aurifaber
1086 2222 1237 2284 adversus
1273 2223 1452 2284 Johannem

159 2327 350 2412 Zperdny,
374 2328 472 2389 tercio
497 2327 619 2406 citatus,
638 2328 730 2389 datus
754 2343 800 2390 est
823 2329 979 2390 terminus
996 2329 1138 2411 partibus
1157 2329 1195 2390 ad
1215 2329 1353 2410 primum
1371 2329 1453 2410 judi-

160 2439 272 2499 cium
302 2435 343 2496 ad
368 2434 613 2517 producendum
639 2449 744 2497 testes.

296 2540 374 2603 ltem
400 2540 514 2602 eodem
541 2541 592 2602 die
611 2541 764 2603 Thomko
782 2556 870 2604 sutor
894 2542 933 2604 de
951 2542 1070 2624 judicio
1089 2541 1266 2624 juratorum
1293 2561 1356 2603 non
1377 2561 1453 2602 con·

159 2660 296 2713 tentus
320 2647 360 2709 ad
384 2646 506 2728 judices
530 2647 672 2708 seniores
697 2648 881 2730 appellavit.

296 2772 375 2834 Item
400 2771 513 2832 eodem
540 2771 592 2832 die
625 2772 706 2834 inter
739 2771 919 2834 Johannem
950 2773 1144 2854 selliparem,
1176 2787 1210 2833 ut
1242 2786 1381 2833 actorem
1413 2773 1453 2832 ab

166 2898 262 2957 una,
289 2899 325 2940 ac
350 2878 520 2939 Nicolaum
539 2879 679 2953 ttobecz,
707 2879 922 2957 Domkonem,
941 2877 1134 2961 Gregorium
1152 2878 1254 2940 filium
1280 2879 1355 2956 Viti,
1382 2877 1450 2939 Ste-

165 2987 333 3068 phanum
359 2997 512 3061 sutorem,
538 2985 711 3044 Martinum
736 2999 878 3046 sutorem
901 2998 935 3046 ut
952 3005 1023 3046 reos
1047 3001 1133 3066 parte
1152 2987 1191 3046 ab
1215 2985 1325 3060 altera,
1352 2984 1383 3044 in
1401 3002 1451 3060 e0,

168 3093 262 3175 quia
279 3090 430 3151 videlicet
444 3090 509 3171 ipse
523 3090 684 3150 iohannes
699 3089 837 3172 frenipar
850 3094 914 3169 (sic)
926 3111 1018 3152 causa
1037 3091 1164 3152 lavandi
1183 3105 1276 3172 caput
1291 3090 1330 3150 ad
1344 3090 1450 3149 vicum

167 3213 336 3260 sutorum
361 3195 578 3257 descendisset
602 3197 710 3277 ibique
736 3195 848 3278 prefati
874 3198 905 3257 in
939 3197 1079 3258 eundern
1105 3197 1268 3258 irruissent
1292 3215 1327 3256 ac
1352 3209 1451 3256 teme-

172 3305 270 3366 rarie
297 3303 337 3363 ad
369 3317 486 3364 terram
520 3316 712 3383 prostratum
746 3305 965 3366 verberassent
997 3305 1104 3386 quoad
1139 3323 1250 3365 eorum
1284 3302 1453 3383 placuisset

176 3409 362 3486 voluntati,
386 3407 480 3488 jurati
505 3408 609 3469 taliter
641 3409 875 3489 adjudicarunt,
907 3426 941 3471 ut
974 3411 1110 3490 quilibet
1141 3429 1251 3470 cotum
1278 3408 1317 3469 de
1342 3427 1452 3488 perse

176 3517 218 3578 in
247 3515 324 3575 vivo
349 3513 501 3594 homagio
526 3514 675 3576 videlicet
699 3514 767 3577 flor.
800 3517 1033 3597 quinquaginta
1058 3516 1166 3597 judici,
1191 3535 1225 3576 ac
1250 3515 1359 3591 juratis
1383 3513 1452 3592 qui·

175 3622 270 3684 libet
294 3621 326 3681 in
353 3621 420 3684 flor.
453 3620 563 3682 decem
597 3635 704 3682 contra
738 3623 889 3701 eundem,
910 3643 968 3705 pro
1002 3624 1147 3685 libertate
1181 3623 1296 3683 domus
1321 3621 1395 3701 quia
1421 3618 1451 3679 id

176 3728 341 3790 fecissent
364 3729 544 3804 temerarie,
569 3727 686 3810 hospiti
711 3728 780 3790 flor.
817 3743 944 3790 centum
970 3744 999 3790 et
1024 3729 1121 3810 judici
1147 3749 1219 3790 curn
1245 3728 1354 3808 juratis
1380 3725 1450 3786 flor.

174 3834 303 3915 viginti
330 3834 468 3895 convicti
494 3834 680 3896 habeantur.

298 3956 445 4018 Preterea
471 3959 634 4020 lohannes
658 3960 789 4041 sellipar
823 3961 983 4042 allegabat
1009 3961 1039 4022 id
1066 3960 1183 4022 lactum
1216 3979 1283 4021 esse
1308 3979 1344 4018 ex
1377 3976 1451 4018 con·

177 4066 262 4127 silio
288 4079 319 4126 et
344 4065 510 4128 voluntate
536 4067 661 4128 Nicolai
688 4067 824 4146 Thotar,
842 4069 1003 4129 Valentini
1029 4083 1174 4130 sutorum
1193 4067 1304 4128 decani
1330 4079 1360 4126 et
1384 4079 1451 4125 tan-

180 4172 261 4232 dem
290 4171 418 4253 Martini
443 4173 561 4233 sutoris
585 4188 615 4233 et
638 4173 767 4255 Mathey
793 4175 936 4252 kowach,
962 4188 992 4236 et
1017 4174 1076 4235 hoc
1099 4175 1177 4235 dixit
1201 4173 1388 4254 suspiciose,
1405 4170 1451 4248 iu·

182 4277 246 4338 rati
270 4276 377 4337 taliter
408 4278 643 4356 adjudicarunt,
678 4295 711 4340 ut
743 4281 879 4360 quilibet
911 4301 1022 4342 eorum
1056 4280 1299 4362 quintodecimo
1335 4277 1387 4337 die
1420 4276 1450 4336 in

187 4403 243 4444 ata
267 4396 376 4443 sancte
401 4382 514 4445 Crucis
532 4383 745 4463 juramentum
765 4386 927 4467 deponere
945 4387 1085 4463 deberet,
1108 4386 1162 4466 qui
1180 4400 1285 4446 autem
1313 4381 1452 4443 noluerit

189 4489 354 4570 deponere
378 4489 430 4550 vel
462 4491 654 4552 recusaverit
686 4491 815 4572 prelatis
847 4494 937 4574 penis
969 4493 1140 4573 subjaceat.
1165 4527 1208 4536 -
1233 4491 1309 4551 Item
1336 4488 1450 4549 eodem

189 4594 241 4656 die
266 4613 381 4656 omnes
404 4598 620 4677 prenominati
647 4598 685 4658 de
711 4597 830 4678 judicio
848 4599 1024 4678 juratorum
1047 4619 1110 4660 non
1137 4598 1277 4659 contenti
1303 4596 1343 4656 ad
1369 4593 1451 4675 judi·

190 4701 274 4762 cium
300 4701 464 4763 seniorum
489 4701 632 4783 judicum
658 4705 870 4786 appellarunt.

298 4824 374 4887 Item
401 4826 516 4888 eodem
541 4827 592 4889 die
618 4829 744 4890 Marcus
768 4830 913 4912 Posegay
938 4830 977 4890 ad
1002 4829 1190 4891 instanciam
1216 4826 1344 4888 Thome
1369 4824 1451 4904 agri·

192 4930 261 4994 cole
284 4931 391 5014 primo
415 4932 529 4995 citatus
552 4953 617 4996 non
643 4935 818 5018 respondit.
