3142 5356
155 497 216 576 236
537 494 623 552 Anno
645 505 734 569 1525.
760 525 800 536 —
824 502 874 567 27.
898 491 1044 556 ianuarii.

155 602 469 611 ——-—-———-..
475 602 529 607 ..-
535 600 681 607 ———
700 596 968 605 ———.———-—-
975 592 1428 605 --——..-..———...-..--—ae

549 711 646 785 Faria
674 724 773 784 sexta
802 720 880 801 post
906 709 1023 800 Egidii.

660 877 701 946 (2.
725 867 909 943 septembris).

258 1009 419 1090 Georgius
451 1010 579 1072 Marion
613 1008 653 1071 ad
694 1008 883 1071 instanciam
918 1008 1058 1070 Emerici
1088 1006 1242 1071 aurifabri
1279 1008 1422 1071 secundo

151 1115 268 1178 citatus
292 1136 357 1179 non
382 1117 573 1200 comparuit.

257 1222 336 1284 Item
361 1223 475 1285 eadem
508 1223 560 1285 die
584 1222 776 1285 Valentinus
806 1241 905 1304 gener
938 1221 1147 1305 Petrowycha
1179 1222 1286 1305 primo
1312 1235 1344 1285 et
1375 1242 1424 1284 se·

151 1329 259 1391 cundo
284 1330 397 1392 citatus
420 1330 461 1391 ad
486 1330 675 1392 instanciam
701 1330 852 1392 Jambrek
878 1348 943 1390 non
969 1329 1160 1411 comparuit.

257 1435 334 1498 Item
360 1436 473 1497 eadem
498 1436 550 1497 die
576 1435 607 1496 in
627 1456 720 1497 causa
747 1436 829 1497 inter
847 1436 977 1497 Petrum
996 1435 1157 1496 literatum
1183 1449 1213 1496 et
1238 1435 1424 1499 Joltannem

151 1540 396 1624 Lonchyarych,
421 1542 507 1604 dicto
532 1542 672 1604 iohanni
697 1542 736 1603 ad
767 1542 1030 1625 respondendum
1066 1557 1097 1604 et
1120 1556 1215 1605 testes
1239 1543 1424 1624 producen-

150 1647 228 1708 dum
252 1648 354 1730 prima
372 1648 441 1709 dies
465 1648 598 1729 juridica
617 1648 710 1711 datus
734 1663 781 1710 est
797 1649 967 1711 terminus.
992 1648 1084 1710 Feria
1101 1662 1187 1710 sexta
1211 1662 1286 1730 post
1303 1647 1424 1711 festum

150 1755 235 1816 beati
261 1754 369 1834 Egidii
390 1752 593 1833 confessoris,
610 1755 686 1836 quia
703 1753 844 1836 prefatus
861 1755 1025 1817 iohannes
1044 1755 1276 1839 Lonchyarych
1302 1776 1339 1819 ea
1358 1776 1424 1840 que

150 1874 262 1923 contra
288 1861 416 1923 Petrum
435 1862 597 1924 literatum
616 1876 734 1943 egerat,
752 1863 934 1944 penitencia
959 1862 1074 1925 ductus
1090 1863 1219 1924 veniam
1244 1865 1422 1926 abeodem

151 1966 324 2047 postulavit
348 1987 457 2029 amore
483 1968 545 2047 dei,
571 1968 668 2049 igitur
692 1988 749 2050 per
772 1969 1038 2030 communitatem
1063 1983 1138 2031 sunt
1163 1969 1365 2033 concordati.

256 2071 333 2134 item
365 2075 477 2136 eadem
512 2075 564 2136 die
597 2075 745 2136 Matheus
777 2075 917 2158 Modych
956 2076 997 2137 ad
1031 2075 1221 2137 instanciam
1254 2075 1427 2139 Dorothee

151 2178 259 2239 uxoris
284 2178 361 2240 Jane
386 2180 491 2263 prirno
516 2182 630 2244 citatus
654 2201 719 2243 non
745 2183 935 2264 comparuit.

324 2415 419 2489 Faria
448 2429 546 2491 sexta
575 2429 653 2493 ante
681 2422 806 2493 festum
835 2422 932 2493 beate
961 2422 1058 2496 Lucia
1090 2420 1243 2512 virginis.

658 2580 704 2654 (9.
728 2576 905 2653 decembris).

254 2715 380 2777 Marcus
404 2706 541 2797 Posegai
564 2717 603 2779 ad
637 2718 826 2781 instanciam
863 2719 1030 2781 Michaelis
1062 2718 1210 2803 pellificis
1235 2720 1342 2803 primo
1374 2720 1413 2783 ci·

146 2833 231 2881 tatus
255 2840 321 2882 non
346 2824 535 2904 comparuit.

172 3056 269 3132 Faria
299 3064 406 3134 tercia
435 3067 587 3152 proxima
616 3073 695 3137 ante
721 3063 845 3138 festum
876 3057 1129 3138 Purificacionis
1157 3067 1255 3136 beate
1285 3059 1391 3137 uarie

699 3209 854 3278 vrrgrnrs.

550 3344 611 3418 (27.
628 3344 779 3417 januarii,
802 3361 872 3402 ann.
899 3344 1000 3417 1525).

252 3477 412 3559 Georgius
439 3481 674 3563 Berczkowych
699 3481 739 3543 de
765 3482 931 3564 Prekrisya
958 3481 1063 3557 primo
1088 3482 1202 3543 citatus
1226 3481 1267 3542 ad
1292 3483 1415 3545 instan-

146 3583 226 3645 ciam
253 3584 336 3645 Petri
360 3586 470 3666 generi
496 3586 690 3669 Trakwlych
716 3607 780 3648 non
806 3587 994 3670 comparuit.
