3142 5356
624 94 711 151 Anno
735 105 822 170 1427.
1296 110 1354 169 129

322 198 512 206 —---——--
543 200 557 204 --
844 200 888 204 -—-
916 200 1352 209 --—-——--—-—.-—-----—-

67 304 230 383 virgulto
255 304 360 364 eidem
383 305 477 366 vinee
501 303 690 384 subjacenti,
715 303 822 365 eidem
840 304 941 366 Elene
966 305 1092 366 mulieri
1118 320 1150 367 et
1175 307 1356 368 Laureneio

67 424 113 470 et
140 409 294 471 Emerico
317 408 392 471 filiis
416 410 482 471 suis
498 411 687 490 legavisset3
712 410 785 471 ideo
803 430 863 472 nos
884 409 1020 472 eandem
1046 410 1180 472 domum
1206 412 1357 474 videlicet

70 516 183 577 unius
207 529 321 596 quarte
346 535 381 577 ac
406 516 533 576 vineam
558 516 735 597 predictam
768 537 841 577 cum
868 517 1024 578 universis
1056 516 1243 579 earumdem
1269 517 1354 579 utili·

68 622 217 699 tatibus,
242 622 338 681 rebus
362 636 458 703 atque
484 621 578 683 bonis
602 622 779 682 mobilibus
796 622 947 683 videlicet
971 636 1002 683 et
1026 621 1236 683 inmobilibus
1254 623 1354 704 ipsius

75 727 243 808 Stephani
268 741 300 788 et
323 728 531 809 pertinenciis
566 728 724 789 universis
757 728 908 810 predictis
932 728 1032 790 Elene
1063 729 1190 790 mulieri
1216 743 1247 790 et
1271 730 1353 791 Lau·

78 835 196 896 reneio
221 854 257 895 ac
283 835 432 896 Emerico
457 833 532 896 filiis
556 836 699 896 eiusdem
725 850 756 897 et
784 855 840 917 per
857 855 912 897 eos
936 835 1080 916 ipsorum
1097 835 1267 897 heredibus
1291 850 1351 897 sta·

80 942 210 1002 tuimus
234 940 303 1021 jure
335 941 521 1023 perhennali
549 942 775 1022 possidendam
802 956 832 1003 et
856 941 1164 1023 quomodocumque
1189 942 1351 1003 voluerint

81 1046 336 1128 disponendam.

194 1154 272 1214 ltem
298 1154 374 1234 quia
399 1154 553 1235 providus
585 1154 633 1213 vir
657 1154 820 1214 lohannes
844 1155 969 1236 pridem
1003 1156 1123 1235 juratus
1147 1154 1232 1216 lilius
1256 1155 1350 1233 Petri,

82 1260 163 1321 olim
190 1260 339 1321 similiter
372 1259 464 1335 jurati
498 1274 528 1320 et
552 1260 694 1320 concivis
725 1261 837 1336 nostri,
870 1260 925 1321 filii
960 1261 1074 1343 Angeli
1109 1261 1149 1322 de
1173 1261 1352 1338 Florencia,

83 1366 230 1428 concivis
253 1367 361 1447 itaque
386 1381 503 1442 noster,
528 1367 629 1427 literis
660 1366 796 1427 civitatis
824 1367 927 1429 tocius
959 1366 1198 1430 communitatis
1223 1368 1350 1448 privile-

83 1473 225 1553 gialibus
244 1472 461 1533 mediantibus
478 1472 719 1553 comprobavit,
741 1473 908 1553 quomodo
928 1473 1059 1554 quidam
1086 1472 1204 1534 fundus
1228 1474 1259 1533 in
1284 1474 1351 1555 ipsa

84 1580 213 1640 civitate
239 1579 320 1639 inter
338 1577 473 1638 fundum
500 1592 532 1639 et
555 1577 688 1638 domum
707 1594 864 1640 muratam
890 1579 1008 1640 nobilis
1025 1579 1084 1640 viri
1103 1579 1227 1640 Nicolai
1247 1579 1351 1642 Deue·

83 1684 148 1746 sich
176 1685 251 1744 dicti
278 1684 317 1744 de
344 1685 460 1761 lvllaka,
485 1684 600 1764 judicis
622 1685 781 1745 nobilium
800 1686 900 1764 regni,
924 1685 1066 1746 concivis
1090 1685 1189 1746 nostri
1214 1705 1250 1746 ac
1268 1686 1350 1746 inter

84 1790 222 1852 fundum
247 1806 278 1852 et
302 1791 479 1852 stacionem
505 1807 535 1852 et
559 1791 696 1852 comoda
721 1792 862 1851 virorum
893 1792 1103 1872 providorum
1130 1792 1294 1854 Benedicti
1320 1805 1351 1854 et

85 1898 178 1958 Pauli
211 1897 336 1978 pridem
368 1897 557 1977 juratorum,
590 1912 772 1959 nostrorum
805 1899 1007 1976 concivium,
1039 1897 1179 1960 filiorum
1212 1899 1349 1960 condam

85 2003 216 2085 Gyuani
231 2004 322 2063 aliter
346 2003 460 2083 judicis
485 2017 515 2064 et
539 2004 680 2064 concivis
704 2004 816 2082 nostri,
833 2019 1016 2066 nostrorum
1041 2005 1235 2083 concivium,
1259 2005 1349 2084 situs,

83 2111 115 2170 in
141 2109 344 2190 quoquidem
363 2108 464 2170 lundo
489 2129 574 2170 nunc
592 2108 673 2170 foret
697 2109 836 2190 quedam
855 2111 953 2170 stacio
973 2111 1092 2191 lignea,
1116 2111 1236 2172 scilicet
1254 2111 1347 2192 quin-

83 2216 186 2277 decim
218 2229 249 2276 et
273 2215 417 2276 medium
451 2215 577 2276 brachia
600 2214 700 2276 lerrea
726 2217 758 2275 in
782 2216 987 2296 longitudine
1011 2236 1047 2276 ac
1072 2236 1125 2276 sex
1150 2218 1258 2277 minus
1283 2236 1347 2277 uno

82 2320 220 2401 quartali
246 2321 277 2381 in
296 2321 465 2382 latitudine
483 2322 514 2381 in
534 2342 567 2382 se
581 2323 759 2400 continens,
776 2336 920 2382 octavam
940 2335 1062 2404 partem
1079 2322 1166 2383 curie
1184 2322 1347 2402 integralis

84 2427 112 2488 in
139 2448 173 2489 se
199 2428 379 2504 continens,
404 2426 562 2508 prelatum
588 2428 739 2489 videlicet
764 2426 916 2489 Chonum
941 2427 1079 2506 iudicem
1105 2428 1218 2508 partim
1245 2442 1275 2488 et
1291 2447 1347 2510 per

83 2534 241 2609 medium,
258 2535 372 2614 partim
391 2548 497 2594 autem
523 2548 554 2594 et
577 2535 700 2614 quoad
722 2534 818 2594 aliam
836 2534 1053 2610 medietatem,
1079 2533 1198 2594 dictum
1218 2534 1345 2595 Petrum

82 2638 220 2713 juratum
248 2653 369 2720 patrem
389 2640 488 2720 ipsius
514 2640 669 2700 lobannis
686 2639 792 2718 jurati,
814 2640 876 2700 vita
894 2659 1006 2701 eorum
1025 2640 1101 2720 ipsis
1124 2640 1240 2700 comite
1258 2660 1344 2721 emp·

81 2747 182 2807 cionis
207 2745 302 2807 titulo
320 2746 495 2806 literatorie
518 2766 710 2807 concernere
728 2745 906 2821 videbatur,
925 2759 1020 2826 prout
1044 2747 1076 2806 in
1101 2745 1222 2806 eisdem
1247 2746 1347 2807 literis

80 2852 222 2913 vidimus
246 2852 422 2926 contineri;
448 2852 644 2930 tandemque
669 2851 752 2913 dicta
778 2852 888 2932 porcio
917 2853 1015 2932 ipsius
1039 2852 1121 2912 Petri
1147 2850 1203 2912 lilii
1229 2851 1344 2930 Angeli

78 2972 151 3035 post
176 2957 304 3017 obitum
329 2957 473 3017 eiusdem
491 2977 586 3039 super
605 2958 707 3038 ipsum
726 2958 906 3019 iohannem
928 2957 1120 3018 hereditario
1137 2957 1216 3035 jure,
1234 2943 1345 3038 porcio

74 3063 189 3146 itaque
215 3063 290 3124 dicti
317 3062 422 3124 Choni
441 3077 514 3144 post
537 3064 662 3124 obitum
689 3064 832 3124 eiusdem
850 3064 997 3124 similiter
1015 3083 1109 3145 super
1132 3063 1270 3123 eundem
1287 3059 1343 3124 Jo-

71 3169 221 3234 hannem
246 3168 460 3230 condescendi
495 3169 625 3231 debebit
658 3185 688 3230 et
720 3170 892 3231 redundari
924 3184 1019 3250 prout
1044 3185 1075 3229 et
1106 3168 1343 3230 condescendit.

70 3277 150 3340 Hiis
177 3276 285 3356 itaque
303 3275 421 3337 habitis
438 3278 580 3337 annotati
602 3277 793 3337 Benedictus
818 3290 848 3337 et
865 3276 984 3336 Paulus
1012 3274 1069 3337 filii
1099 3276 1198 3356 ipsius
1216 3275 1341 3359 Gyuani

64 3381 194 3462 judicis
228 3381 389 3462 quandam
423 3383 612 3463 particulam
645 3402 700 3443 seu
733 3383 919 3463 porcionem
953 3381 1043 3442 fundi
1076 3382 1124 3441 sui
1159 3382 1189 3441 in
1222 3379 1342 3462 prelata

64 3491 217 3564 civitate,
256 3487 364 3548 bidem
399 3508 496 3569 penes
531 3503 718 3549 annotatum
753 3487 889 3549 fundum
915 3502 944 3548 et
976 3488 1151 3548 stacionem
1184 3485 1342 3567 prenotati

68 3594 235 3658 lobannis
247 3593 352 3673 ·jurati
379 3609 409 3654 et
433 3615 522 3655 secus
546 3594 666 3655 dictum
700 3593 836 3655 fundum
867 3609 896 3655 et
929 3594 1063 3654 domurn
1089 3606 1245 3653 muratam
1272 3611 1340 3673 pre·

66 3700 194 3763 titulati
223 3700 347 3760 Nicolai
374 3699 532 3761 Deuesich
565 3702 604 3761 ab
633 3721 696 3760 una
730 3715 827 3781 parte,
853 3716 939 3781 parte
973 3719 1049 3760 vero
1074 3701 1113 3759 ab
1138 3698 1235 3759 altera
1262 3699 1342 3759 inter

69 3822 104 3870 et
131 3825 232 3888 penes
256 3804 375 3866 fundos
399 3821 430 3867 et
454 3806 569 3866 domos
600 3826 635 3866 ac
660 3808 817 3867 staciones
842 3807 1017 3867 liberorum
1042 3825 1098 3865 seu
1123 3824 1341 3865 successorum

71 3911 216 3975 condam
242 3911 370 3972 discreti
396 3912 454 3970 viri
474 3912 596 3972 domini
616 3913 739 3972 Nicolai
760 3912 924 3992 presbiteri
951 3910 1006 3972 lilii
1024 3910 1161 3971 condam
1187 3909 1342 3970 lobannis

73 4018 153 4080 dicti
182 4016 282 4098 Bolye
307 4017 385 4077 olim
420 4018 552 4078 rectoris
581 4032 611 4077 et
643 4018 799 4098 capellani
826 4018 959 4078 ecclesie
992 4031 1099 4077 nostre
1132 4016 1215 4077 beati
1242 4016 1340 4076 Marci

74 4123 296 4203 ewangeliste,
322 4124 485 4184 mediante
523 4123 661 4204 quadam
695 4124 831 4184 semitnli
859 4125 919 4200 via,
952 4124 1016 4184 duo
1041 4122 1189 4182 videlicet
1215 4121 1341 4183 braclria

75 4228 176 4292 lerrea
210 4229 241 4290 in
272 4229 441 4290 latitudine
467 4230 574 4290 minus
606 4251 671 4290 uno
704 4232 841 4311 quartuli
874 4232 904 4291 in
938 4251 971 4290 se
1005 4229 1189 4304 denotante,
1215 4230 1341 4310 utrique

78 4335 228 4396 videlicet
252 4335 332 4416 parti
350 4336 561 4412 deserviente,
586 4336 685 4397 habiti
712 4352 742 4398 et
760 4338 933 4411 existentis,
960 4355 1055 4397 unam
1080 4335 1230 4396 videlicet
1247 4356 1341 4416 qnar-

78 4455 142 4502 tam
167 4455 198 4503 et
224 4460 322 4503 unam
355 4457 500 4502 octavam
535 4443 621 4502 curie
647 4445 677 4500 in
703 4464 735 4501 se
767 4444 994 4503 tantummodo
1027 4443 1230 4516 continentis,
1256 4443 1341 4523 ipsos

80 4545 253 4609 literatorie
285 4549 517 4623 concernentis,
551 4564 644 4627 prout
679 4548 709 4606 in
744 4548 843 4607 literis
875 4548 1129 4627 privilegialibus
1162 4567 1219 4628 pro
1252 4563 1340 4628 parte

1234 4658 1252 4717 9
