3156 5364
661 366 746 420 Anno
769 376 861 440 1440.
1333 382 1393 444 343

128 470 184 475 -..
190 467 1393 476 .-.-.———————-———-———————.—.

127 573 254 658 Halych
279 589 309 636 et
334 574 511 635 liberorum
530 573 663 656 Georgii
688 571 840 654 lutiliguli
856 572 976 652 habita,
1001 572 1142 635 mediam
1160 573 1280 634 curiam
1310 573 1394 634 inse

129 678 318 758 continens,
351 699 387 740 ex
418 680 583 761 legacione
616 680 750 763 predicti
782 679 880 740 lwani
910 674 1080 741 Jacomelli
1116 679 1264 741 Dionisio
1300 680 1392 742 aliter

126 784 264 867 Dyanko
296 799 409 848 vocato
442 785 510 847 filio
536 786 654 848 Mathie
679 785 783 848 fratris
807 785 906 867 ipsius
936 784 1021 846 lwan
1051 785 1238 866 Jacornelli,
1270 799 1305 848 ut
1329 785 1391 868 jam

126 911 213 953 novo
230 892 354 954 concivi
378 906 487 955 nostro
515 913 550 955 ac
567 914 623 976 per
647 913 720 955 eum
738 893 803 953 suis
819 891 991 954 heredibus
1008 907 1054 953 est
1081 891 1171 954 litera
1196 892 1390 974 privilegiali

125 1000 185 1061 sub
209 999 362 1082 pendenti
387 999 495 1081 sigillo
519 1000 760 1062 communitatis
791 998 978 1061 confirmata
1003 1013 1159 1081 perpetuo
1184 998 1390 1082 possidenda.

233 1105 309 1168 ltetn
335 1107 535 1189 Margaretha
561 1106 625 1168 filia
651 1106 850 1188 Sigismundi
876 1124 1006 1167 consors
1035 1105 1145 1167 Jacobi
1168 1106 1260 1167 aliter
1284 1105 1389 1168 Jaxini

125 1213 228 1274 vocati
242 1211 299 1275 filii
314 1213 399 1275 Petri
410 1213 542 1296 Saphar,
566 1213 728 1296 quendam
739 1212 893 1295 (h)ortum
914 1231 1008 1274 suum
1022 1212 1054 1274 in
1067 1212 1229 1274 territorio
1254 1212 1391 1274 civitatis

124 1318 270 1401 predicte
295 1333 382 1382 extra
407 1335 437 1382 et
461 1334 534 1381 ante
558 1335 683 1403 portam
715 1318 923 1398 Carnificum,
948 1319 1030 1381 inter
1045 1317 1200 1401 (h)ortum
1224 1318 1389 1380 Valentini

126 1426 243 1488 literati
269 1425 326 1488 filii
345 1426 512 1489 Michaelis
536 1427 611 1488 dicti
631 1426 784 1489 Saronich
803 1440 833 1487 et
850 1427 934 1487 viam
963 1445 1172 1487 communem
1197 1424 1390 1504 currualem,

125 1552 189 1615 que
214 1533 319 1595 eidem
346 1534 477 1595 domine
496 1533 696 1615 Margarethe
721 1548 752 1595 et
776 1532 950 1595 heredibus
967 1533 1032 1594 suis
1053 1531 1210 1594 deserviet
1234 1531 1391 1611 habitum,

125 1639 258 1701 domine
283 1639 446 1701 Dorothee
471 1639 580 1702 relicte
605 1639 741 1701 condam
772 1639 912 1700 Ladislai
935 1639 975 1700 de
1000 1639 1139 1700 Prezeka
1163 1657 1221 1720 pro
1247 1637 1388 1719 quodam

125 1745 244 1828 (h)0rto
269 1766 327 1807 suo
352 1766 409 1828 per
433 1746 566 1807 modum
592 1746 841 1828 permutacionis
873 1746 962 1807 dedit
986 1758 1141 1828 perpetuo
1159 1743 1390 1826 possidendum

125 1867 156 1914 et
180 1852 353 1935 superinde
377 1866 424 1915 est
448 1853 537 1914 litera
561 1855 621 1914 sub
645 1852 799 1935 pendenti
817 1852 924 1933 sigillo
942 1833 1183 1913 communitatis
1206 1850 1389 1932 privilegia·

125 1961 198 2022 liter
222 1973 379 2022 emanata.

232 2066 309 2129 ltem
343 2066 475 2128 domina
509 2066 681 2128 Scolastica
713 2065 805 2126 aliter
837 2065 937 2126 Ztana
969 2079 1080 2126 vocata
1119 2063 1228 2125 relicta
1252 2062 1388 2125 condam

126 2173 276 2255 Gregorii
302 2173 395 2254 jurati
426 2192 511 2235 nunc
532 2193 662 2235 consors
679 2173 836 2254 legittima
855 2172 983 2233 Andree
1000 2171 1118 2249 Latini,
1137 2170 1293 2252 quasdam
1312 2169 1390 2232 duas

124 2296 223 2343 terras
246 2300 319 2342 suas
336 2280 472 2341 arabiles
497 2281 528 2341 in
547 2299 662 2362 campo
686 2279 823 2341 civitatis
840 2279 992 2361 predicte,
1010 2297 1107 2339 unam
1132 2297 1230 2360 penes
1254 2276 1388 2338 fluvium

124 2387 219 2448 llicza
252 2401 413 2464 vocatum,
445 2388 485 2448 ab
517 2386 682 2448 occidente
715 2400 745 2448 et
776 2401 893 2448 terram
925 2385 1172 2447 colendinorum
1211 2403 1247 2446 ac
1271 2397 1386 2444 terram

123 2493 287 2555 Valentini
312 2493 351 2554 de
370 2493 516 2576 Ralrarya
542 2513 683 2555 necnon
705 2507 821 2555 terram
840 2493 1016 2555 liberorum
1035 2491 1169 2574 Chupor
1196 2491 1236 2552 ab
1265 2491 1388 2552 oriente

124 2621 160 2662 ac
184 2601 252 2661 vias
275 2620 464 2663 communes
488 2601 642 2680 habitam,
669 2617 700 2663 et
732 2602 828 2663 aliam
860 2617 995 2681 terram,
1020 2620 1083 2683 que
1108 2599 1245 2662 condam
1279 2599 1388 2661 Leualr

124 2705 295 2788 prefuerat,
320 2708 402 2768 inter
426 2708 494 2768 vias
518 2728 708 2769 communes
732 2723 763 2771 et
787 2725 903 2770 terram
929 2708 1091 2770 colendini
1121 2705 1389 2769 confraternitatis

124 2812 429 2875 Theuthonicorum
454 2814 606 2893 habitant,
632 2815 743 2876 decern
768 2817 820 2876 vel
837 2816 913 2877 citra
939 2815 1042 2877 dietas
1065 2828 1146 2875 terre
1172 2813 1203 2874 in
1229 2833 1263 2875 se
1287 2813 1388 2874 conti-

124 2935 246 2998 nentes,
271 2920 331 2981 sibi
349 2939 405 3002 per
428 2919 587 3002 prelatum
607 2920 799 3003 Gregorium
819 2922 957 3002 juratum
971 2920 1234 2982 testamentaliter
1250 2919 1388 3000 legatas3

124 3025 201 3085 item
227 3045 327 3087 unum
353 3024 450 3088 fenile
475 3028 506 3087 in
532 3047 647 3110 campo
676 3029 812 3090 civitatis
844 3028 985 3110 predicte
1010 3029 1093 3089 inter
1122 3043 1237 3088 terram
1270 3026 1387 3088 libero-

124 3151 195 3192 rum
221 3132 301 3215 Elye
327 3133 480 3195 institoris
505 3149 535 3194 et
552 3133 649 3195 fenile
665 3135 778 3196 Briccii
803 3135 917 3214 judicis
933 3154 968 3196 ac
993 3133 1129 3195 fluvium
1154 3133 1385 3215 Kalinowycza

126 3253 275 3301 vocaturn
293 3241 389 3300 situm
407 3254 438 3302 et
455 3241 602 3319 existens,
619 3261 675 3322 per
692 3241 793 3323 ipsam
812 3241 977 3302 dominam
996 3240 1203 3302 Scolasticam
1228 3240 1267 3301 ab
1286 3239 1387 3300 Elena

124 3346 258 3407 muliere
284 3346 394 3408 relicta
419 3346 531 3428 prefati
557 3347 637 3429 Elye
671 3347 823 3408 institoris
848 3362 1088 3429 comparatum;
1120 3365 1267 3408 necnon
1293 3365 1386 3427 quas·

124 3455 199 3517 dam
225 3455 396 3536 porciones
419 3455 562 3515 vineales
587 3455 618 3514 in
652 3474 747 3515 unam
773 3454 899 3515 vineam
934 3454 1143 3533 combinatus,
1168 3454 1200 3514 in
1224 3453 1386 3515 territorio

123 3561 261 3622 civitatis
284 3561 425 3643 predicte
451 3561 532 3622 inter
549 3561 659 3621 vineas
682 3560 829 3622 similiter
846 3560 1086 3622 condicionales
1111 3560 1207 3621 Blasii
1233 3559 1386 3621 Seberlen

123 3683 154 3728 et
179 3666 335 3729 Anthonii
367 3667 460 3746 jurati
494 3667 647 3744 habitam,
683 3686 755 3728 cum
789 3667 940 3728 omnibus
972 3668 1112 3748 ipsarum
1142 3666 1332 3728 utilitatibus
1356 3680 1387 3729 et

123 3775 329 3858 pertinenciis
354 3775 511 3836 universis
535 3773 658 3856 prefato
683 3774 812 3835 Andree
836 3774 952 3836 Latino
977 3772 1045 3834 filio
1070 3773 1246 3851 Michaelis,
1265 3752 1386 3836 ⁴nostro

122 3881 271 3943 similiter
296 3882 432 3959 concivi,
457 3880 614 3942 moderno
638 3881 773 3942 domino
799 3895 829 3942 et
854 3880 968 3941 marito
985 3899 1044 3940 suo
1069 3879 1229 3960 legittimo
1255 3880 1388 3942 donavit

123 4005 279 4072 perpetuo
304 3989 515 4070 possidendas
540 4003 571 4049 et
600 3989 773 4070 superinde
797 4003 871 4050 sunt
902 3988 993 4049 litere
1017 3989 1076 4049 sub
1101 3987 1254 4070 pendenti
1279 3988 1386 4069 sigillo

123 4095 364 4157 communitatis
389 4111 545 4158 emanate.

229 4203 307 4264 ltem
334 4204 434 4264 Elena
460 4203 570 4264 relicta
587 4204 724 4265 condam
758 4203 884 4286 providi
902 4203 960 4263 viri
979 4202 1144 4264 Benedicti
1168 4200 1225 4264 filii
1244 4202 1387 4283 Dragecz

123 4329 255 4371 consors
279 4310 436 4390 legittima
463 4311 592 4371 Martini
610 4311 776 4392 sagiparis,
795 4309 957 4392 quandam
983 4323 1098 4370 terram
1117 4309 1271 4370 arabilem
1289 4309 1389 4390 ipsius

123 4416 260 4477 condant
287 4416 452 4477 Benedicti
477 4417 593 4498 prioris
617 4417 741 4477 domini
767 4431 797 4477 et
822 4416 926 4477 mariti
955 4416 1003 4476 sui
1029 4416 1189 4496 legittimi,
1214 4416 1245 4476 in
1272 4435 1387 4497 campo

123 4524 259 4586 civitatis
284 4524 424 4606 predicte
451 4525 532 4586 inter
548 4523 683 4585 fluvium
708 4525 862 4608 Zawycza
880 4537 1029 4584 vocatum
1046 4542 1081 4584 ac
1106 4523 1190 4583 viam
1216 4542 1271 4605 per
1288 4543 1386 4604 quam

123 4632 186 4692 itur
211 4632 241 4692 in
269 4631 379 4692 villam
405 4632 565 4713 Pobresye
590 4647 620 4692 et
645 4633 726 4692 inter
750 4646 867 4691 terrarn
886 4630 1041 4710 Stephani
1067 4629 1324 4714 Skerchkowych
1351 4649 1387 4691 ac

124 4737 206 4799 inter
230 4751 346 4798 terram
371 4738 547 4799 liberorum
572 4738 708 4799 condam
742 4736 866 4797 domini
893 4737 975 4796 Petri
1009 4735 1066 4797 filii
1093 4736 1210 4797 Donati
1244 4751 1274 4798 et
1306 4736 1389 4797 inter

126 4843 290 4927 quandam
326 4863 441 4926 aquarn
476 4844 613 4931 Chogoy
644 4858 802 4924 vocatam,
834 4862 981 4908 necnon
1016 4844 1098 4907 iuter
1131 4857 1247 4909 terram
1279 4856 1386 4911 nostre
