3142 5356
203 342 261 404 186
731 344 816 400 Anno
840 356 931 418 143⁰·

199 555 275 633 vire,
306 556 436 637 ipseque
468 570 571 637 partes
599 553 735 615 eandem
765 554 933 614 cisternam
963 554 1027 614 suis
1044 554 1245 634 temporibus
1269 551 1418 612 ordinare
1437 564 1467 612 et

199 660 367 743 purificare
391 663 598 724 tenebuntur.

307 767 384 828 Item
419 768 551 828 domina
583 772 692 848 Agnes
723 768 830 829 relicta
864 767 1001 828 condam
1031 766 1186 827 Johannis
1218 766 1349 843 Pehem,
1381 785 1466 826 nunc

200 893 331 935 consors
356 873 541 935 Melchioris
565 875 605 934 de
631 872 813 951 Oberdorff,
832 873 973 934 concivis
997 887 1114 949 nostra,
1139 872 1304 953 quoddam
1338 872 1461 933 molen-

199 980 312 1041 diuum
337 1000 430 1041 suum
457 981 681 1042 conditionale
715 981 745 1040 in
780 980 940 1040 territorio
969 994 1000 1040 et
1024 980 1056 1040 in
1081 978 1180 1040 fluvio
1213 979 1296 1039 dicte
1329 979 1466 1040 civitatis

199 1087 384 1164 decurrens,
408 1087 504 1147 simul
530 1107 602 1148 cum
627 1086 766 1167 quadam
792 1101 874 1148 terra
892 1087 1015 1164 arabili,
1049 1105 1107 1147 nec
1132 1105 1196 1146 non
1222 1100 1253 1147 et
1277 1085 1347 1146 aliis
1371 1085 1462 1146 terris

197 1192 372 1254 arabilibus
405 1194 524 1254 ibidem
556 1213 656 1275 prope
690 1208 720 1254 et
753 1213 850 1275 penes
882 1195 985 1274 ipsum
1020 1193 1244 1254 molendinum
1278 1212 1314 1254 ac
1347 1193 1463 1253 dictam

197 1312 315 1360 terram
347 1300 501 1361 arabilem
536 1300 652 1362 habitis
685 1316 716 1362 et
757 1301 965 1361 existentibus
997 1300 1143 1360 similiter
1176 1300 1464 1375 condicionalibus,

198 1424 337 1466 unacum
362 1405 453 1467 totali
478 1405 568 1467 fenili
593 1407 741 1469 similiter
765 1406 982 1467 condicionali
1017 1407 1098 1466 inter
1123 1405 1250 1467 easdem
1276 1421 1374 1466 terras
1397 1425 1464 1466 ara·

198 1511 278 1572 biles
303 1511 424 1590 habim,
450 1512 587 1594 desuper
619 1513 769 1575 videlicet
799 1534 815 1574 a
847 1513 1075 1594 septemtrione
1108 1532 1125 1572 a
1151 1512 1341 1573 molendino
1366 1511 1463 1572 sancti

199 1619 356 1679 lobannis
374 1619 509 1701 baptiste
528 1633 557 1679 et
576 1617 653 1681 infra
669 1639 770 1700 usque
787 1620 826 1679 ad
847 1619 1070 1680 molendinum
1086 1618 1319 1681 monachorum
1337 1618 1464 1680 claustri

199 1727 281 1787 beati
307 1726 466 1787 Francisci
499 1725 712 1804 confessoris,
745 1746 781 1787 ac
815 1745 916 1807 usque
949 1725 1175 1786 molendinum
1200 1725 1376 1787 liberorum
1408 1745 1463 1787 seu

197 1852 416 1894 successorum
442 1833 578 1893 condam
606 1831 739 1913 Chupor
765 1833 803 1893 ad
838 1846 960 1914 partem
986 1831 1233 1893 meridionalem
1258 1833 1463 1914 procedendo

198 1952 228 2000 et
253 1938 319 1999 vias
343 1958 532 1999 communes
556 1959 588 1999 se
607 1938 791 2016 extendens,
816 1957 889 1999 cum
911 1938 1065 1998 universis
1089 1938 1155 1999 suis
1180 1938 1374 2000 utilitatibus
1397 1958 1463 1999 ma·

197 2045 297 2124 gistro
322 2044 460 2105 iohanni
487 2044 624 2126 lapicide
648 2043 716 2105 lilio
735 2045 877 2125 magistri
903 2044 986 2106 Petri
1012 2045 1052 2106 de
1071 2045 1172 2126 Praga
1197 2065 1254 2128 pro
1279 2045 1391 2127 viginti
1410 2065 1461 2106 sex

198 2149 266 2211 flor.
292 2151 359 2211 auri
386 2170 444 2232 pro
469 2166 544 2212 tunc
569 2151 664 2232 plene
688 2152 859 2232 persolutis
877 2152 1022 2212 vendidit
1038 2167 1196 2233 perpetuo
1219 2151 1462 2234 possidendum,

198 2277 269 2317 cum
296 2257 390 2318 certis
407 2258 501 2317 metis
526 2271 556 2318 et
573 2258 764 2318 condicione
790 2258 821 2318 in
839 2258 928 2318 litera
948 2258 1147 2339 expressatis,
1173 2258 1214 2318 ita
1240 2272 1359 2336 tamen,
1376 2257 1461 2338 quod

197 2361 337 2444 prelatus
375 2364 524 2444 magister
556 2364 718 2425 lohannes
749 2364 886 2446 lapicida
921 2364 1034 2446 suique
1072 2364 1176 2425 cuncti
1210 2364 1342 2425 heredes
1367 2365 1462 2445 ipsius

201 2468 379 2529 molendini
405 2483 436 2529 et
460 2469 615 2530 dictarum
641 2471 909 2552 pertinenciarum
934 2490 1065 2531 suorum
1090 2489 1148 2552 pro
1172 2484 1318 2552 tempore
1342 2490 1460 2551 posses-

196 2594 283 2635 sores
307 2589 439 2656 pontem
457 2576 538 2636 ultra
558 2577 725 2638 Pretoltam
745 2577 902 2656 habitum,
920 2576 1052 2639 firmiter
1070 2592 1101 2639 et
1118 2579 1205 2638 bono
1222 2576 1322 2638 modo
1338 2595 1461 2659 semper

196 2700 377 2763 preparare,
402 2684 569 2764 ipsamque
595 2685 678 2745 viam
705 2704 910 2746 communem
946 2705 1002 2766 per
1027 2699 1057 2746 et
1082 2684 1163 2745 ultra
1190 2685 1294 2765 ipsum
1320 2698 1461 2767 pontem,

198 2788 279 2849 inter
303 2789 461 2870 predictas
485 2804 584 2850 terras
608 2790 745 2852 arabiles
777 2791 1005 2873 procedentem
1040 2792 1174 2853 liberam
1200 2805 1231 2853 et
1255 2810 1460 2853 communem

197 2895 348 2956 omnibus
372 2914 407 2955 ac
432 2896 573 2977 amplam
598 2897 643 2957 uti
668 2900 708 2958 ab
737 2898 871 2979 antiquo
904 2897 964 2959 fuit
987 2898 1074 2978 larga
1100 2913 1131 2959 et
1163 2897 1270 2979 ampla
1296 2898 1328 2958 in
1353 2897 1459 2980 spacio

197 3000 346 3062 videlicet
370 3001 507 3062 duorum
533 3003 584 3062 vel
608 3004 704 3064 trium
730 3018 784 3064 aut
809 3005 884 3066 citra
918 3023 1069 3065 curruum
1094 3004 1189 3064 simul
1221 3004 1458 3065 transeuntium

197 3128 324 3169 servare
349 3123 379 3169 et
403 3123 522 3187 tenere,
551 3129 680 3170 censum
716 3110 823 3192 itaque
855 3131 998 3172 annuum
1023 3111 1154 3172 totalem
1188 3129 1288 3171 unum
1314 3110 1461 3172 videlicet

197 3234 330 3276 aureum
353 3214 422 3277 flor.
448 3230 478 3276 et
503 3236 602 3276 unum
628 3217 783 3277 eubulum
802 3237 901 3278 avene
922 3231 1067 3299 tempore
1085 3217 1196 3278 messis
1213 3216 1305 3277 annis
1328 3217 1461 3298 singulis

198 3336 228 3383 et
252 3323 451 3404 temporibus
484 3323 645 3404 perpetuis
677 3323 715 3382 de
749 3324 863 3384 eodem
898 3324 1087 3385 molendino
1120 3337 1151 3384 et
1184 3323 1223 3383 de
1248 3322 1341 3384 dictis
1373 3323 1461 3385 terris

201 3428 376 3488 arabilibus
397 3448 434 3487 ac
459 3428 497 3488 de
524 3429 592 3510 ipso
626 3428 714 3489 fenili
747 3430 837 3490 totali
870 3430 974 3490 eidem
999 3429 1187 3491 molendino
1220 3428 1299 3489 alias
1324 3449 1380 3511 per
1405 3448 1460 3490 nos

199 3534 376 3616 applicatis,
402 3536 494 3596 nobis
520 3550 550 3596 et
575 3550 681 3597 nostre
707 3536 929 3598 communitati
958 3557 1013 3597 seu
1039 3536 1211 3597 comitibus
1234 3555 1293 3618 pro
1317 3551 1459 3619 tempore

202 3642 381 3703 constitutis
406 3643 533 3703 racione
559 3642 693 3703 dominii
720 3644 817 3704 nostri
836 3643 911 3704 dare
944 3657 974 3703 et
998 3643 1232 3705 amministrare
1256 3644 1459 3704 tenebuntur.

304 3748 380 3809 ltem
406 3750 481 3831 quia
508 3750 608 3810 Elena
634 3751 741 3810 relicta
775 3751 910 3811 condam
938 3750 1069 3831 Georgii
1104 3751 1220 3812 sutoris
1245 3749 1303 3811 filii
1329 3748 1459 3832 Georgii

197 3854 318 3933 Grossi,
343 3875 427 3916 nunc
453 3876 583 3916 consors
601 3854 730 3937 Mathye
755 3858 871 3917 sutoris
896 3855 951 3918 filii
976 3857 1113 3935 Nicolai,
1132 3856 1339 3918 medietatem
1358 3858 1459 3918 cuius·

195 3961 270 4022 dam
294 3962 420 4040 domus,
446 3961 548 4040 fundi,
575 3963 681 4023 celarii
708 3978 737 4022 et
767 3961 989 4024 hedificiorum
1024 3964 1055 4023 in
1081 3963 1153 4024 vico
1178 3977 1288 4024 nostro
1315 3963 1459 4024 exteriori

195 4082 340 4130 sutorum
366 4069 483 4147 habite,
509 4089 604 4130 unam
631 4069 781 4129 videlicet
814 4083 1012 4149 quartam,a
1045 4084 1133 4151 parte
1165 4069 1282 4130 domus
1308 4069 1458 4152 Stephani

196 4189 226 4237 et
251 4175 400 4257 Dyonisii
425 4190 568 4236 sutorum
595 4176 774 4236 vicinorum
800 4195 931 4236 suorum
957 4176 1168 4255 adjacentem,
1186 4175 1287 4237 Elene
1312 4195 1369 4237 sue
1387 4195 1458 4237 con·

194 4282 272 4342 sorti
298 4282 433 4362 legasset
449 4281 654 4363 perhenniter
671 4283 910 4362 possidendam,
929 4282 1001 4342 ideo
1024 4303 1082 4342 nos
1101 4283 1235 4344 eandem
1254 4282 1457 4344 medietatem

196 4390 338 4470 ipsorum
366 4389 493 4467 domus,
519 4386 608 4449 lundi
635 4403 664 4449 et
697 4388 920 4449 hedificiorum
955 4402 1050 4469 atque
1076 4388 1193 4466 celarii,
1220 4408 1316 4449 unam
1341 4389 1460 4450 scilicet

196 4512 353 4578 quartam,
378 4518 450 4558 cum
476 4498 540 4557 suis
557 4497 762 4578 pertinenciis
780 4498 883 4557 eidem
905 4498 1004 4557 Elene
1025 4496 1194 4556 statuimus
1218 4494 1459 4575 possidendam,

195 4605 281 4666 salva
307 4605 368 4665 alia
394 4605 512 4665 directa
539 4618 568 4663 et
586 4604 692 4683 equali
720 4605 889 4665 medietate
908 4605 1052 4664 ciusdem
1078 4603 1204 4680 domus,
1223 4601 1325 4681 lundi,
1350 4601 1457 4663 celarii

196 4726 226 4774 et
250 4711 483 4787 hedificiorum,
510 4730 605 4771 unam
637 4711 846 4775 consimiliter
878 4725 1024 4791 quartam
1051 4711 1081 4770 in
1111 4730 1143 4770 se
1172 4710 1309 4771 habente
1334 4722 1457 4790 aparte

196 4819 334 4884 Emerici
358 4820 474 4881 sutoris
499 4818 617 4897 habita,
643 4817 778 4880 Nicolao
803 4819 901 4882 sutori
927 4818 1026 4879 libera
1052 4831 1246 4880 remanente.
