3156 5364
687 308 772 364 Anno
795 303 887 383 1398.

1007 413 1064 417 ,,-
1110 410 1414 419 --.-.—.—-—-

259 520 333 580 ltem
353 519 502 580 dedimus
527 519 634 578 literas
652 534 774 578 nostras
798 518 883 598 juxta
901 517 1080 578 sentencias
1104 517 1184 577 duas
1209 516 1417 577 dominorum

153 626 307 686 lohannis
333 626 449 686 Farkas
488 644 547 685 nec
579 643 642 684 non
680 623 835 684 Johannis
866 624 974 684 vicarii
1006 642 1100 705 super
1131 623 1272 704 quadam
1307 639 1417 703 quarta

153 732 256 811 lundi,
282 732 369 813 quod
397 733 497 794 Elena
523 732 655 793 Obonin
681 731 720 791 de
746 730 877 790 domina
894 730 1060 808 lannicha‚
1086 745 1234 812 tempore
1260 730 1338 792 dicti
1363 731 1418 788 do·

153 841 231 901 mini
258 839 422 900 Johannis.
446 841 520 915 (sic).

260 946 337 1007 Item
363 945 451 1006 dedit
474 965 530 1005 seu
555 945 688 1005 donavit
710 942 910 1023 Margaretha
928 942 993 1003 filia
1019 942 1174 1003 Anthonii
1201 943 1302 1004 Renis
1320 962 1417 1023 quan·

154 1053 227 1112 dnm
252 1052 458 1113 medietatem
482 1052 531 1112 sui
556 1049 660 1126 fundi,
686 1069 781 1110 unam
816 1065 974 1130 quartam,
999 1050 1107 1110 Marco
1132 1068 1191 1109 suo
1224 1045 1418 1129 merstanttl,

152 1174 297 1240 tempore
323 1157 399 1218 dicti
424 1158 548 1219 domini
574 1156 738 1218 lohannis.

259 1265 336 1325 ltem
362 1264 512 1325 dedimus
536 1264 645 1325 literas
678 1278 801 1323 nostras
826 1262 961 1323 Nicolao
995 1262 1140 1344 Lipouch
1173 1282 1270 1343 super
1296 1264 1418 1323 duabus

154 1371 244 1432 terris
269 1391 366 1451 penes
390 1385 488 1431 terras
513 1369 668 1430 lobannis
703 1369 813 1451 Bolye,
847 1383 878 1430 et
902 1369 963 1429 alia
989 1369 1070 1429 circa
1104 1389 1203 1450 penes
1228 1383 1348 1430 terram
1373 1389 1415 1429 re·

154 1479 226 1538 licte
252 1477 388 1558 Mykech
414 1479 550 1553 ltramar,
575 1491 719 1557 tempore
744 1474 818 1535 dicti
847 1473 1012 1537 lobannis.

260 1583 336 1644 ltem
363 1583 511 1643 dedimus
536 1583 643 1642 literas
667 1595 790 1641 nostras
822 1600 918 1662 super
942 1581 1085 1662 quodam
1111 1579 1213 1641 fundo
1237 1602 1294 1642 seu
1322 1582 1417 1643 domo

155 1703 279 1750 murata
304 1691 385 1750 inter
410 1687 546 1749 fundum
572 1689 675 1749 Kurse
708 1702 738 1749 et
763 1702 869 1748 nostre
902 1688 1144 1748 communitatis
1168 1689 1279 1766 situm,
1306 1689 1417 1749 l'aulas

153 1797 291 1857 condam
316 1795 431 1875 jurato,
453 1810 597 1873 tempore
623 1795 699 1854 dicti
729 1793 852 1854 domini
879 1794 1045 1856 Johannis.

258 1903 335 1963 ltem
362 1923 419 1963 nos
444 1902 593 1964 dedimus
617 1900 779 1982 quandam
799 1901 933 1961 domum
958 1902 1039 1963 intra
1064 1902 1180 1963 domos
1205 1903 1415 1984 plebanorum

151 2028 206 2069 seu
233 2009 263 2068 in
290 2009 410 2086 medio,
435 2009 609 2070 castellano
642 2021 751 2068 nostro
784 2020 848 2066 tam
882 2008 1040 2069 moderno
1072 2028 1168 2090 quam
1195 2007 1317 2087 futuro,
1341 2025 1415 2070 tem·

152 2135 230 2197 pore
255 2115 331 2177 dicti
361 2115 485 2176 domini
512 2114 676 2176 lohannis.

258 2222 335 2282 ltem
360 2222 510 2281 dedimus
527 2221 633 2282 literas
658 2237 781 2282 nostras
797 2241 893 2302 super
918 2221 1059 2301 quodam
1078 2219 1180 2282 fundo
1199 2223 1414 2283 Mandusoucz

153 2329 227 2387 luan
254 2326 321 2388 hlio
339 2327 495 2388 Johannis
512 2327 598 2388 dicto
616 2327 829 2409 Loltotarych,
847 2341 991 2408 tempore
1010 2327 1085 2387 dicti
1104 2327 1229 2387 domini
1252 2328 1413 2405 lobannis,

152 2455 209 2516 pro
235 2454 297 2494 una
322 2448 433 2514 quarta
467 2435 520 2511 ita,
552 2434 641 2514 quod
673 2453 799 2515 semper
831 2433 927 2494 debet
958 2432 1128 2494 fortificare
1166 2448 1296 2515 portum
1331 2435 1413 2495 llurii

150 2541 401 2616 communitatis,
427 2555 572 2621 tempore
598 2540 674 2602 dicti
699 2540 823 2601 domini
849 2539 1014 2600 lobannis.

258 2649 334 2708 ltem
361 2647 493 2707 donavit
518 2646 613 2708 Chun
648 2646 801 2726 (h)ortum
835 2665 941 2723 suum,
973 2666 1069 2707 unam
1095 2662 1254 2728 quartam,
1288 2649 1413 2711 Matheo

155 2756 280 2831 Latine,
305 2769 449 2834 ternpore
475 2752 550 2813 dicti
578 2752 702 2813 domini
728 2752 892 2814 Johannis.

262 2860 337 2922 ltem
364 2859 547 2920 Andronius
565 2858 719 2937 Crivibog
747 2857 892 2918 vendidit
913 2860 1038 2920 vineam
1057 2880 1146 2921 suam
1166 2860 1322 2942 Georgio,
1339 2878 1411 2923 tem·

151 2987 228 3048 pore
253 2967 328 3026 dicti
354 2965 477 3025 domini
504 2964 668 3026 lobannis.

257 3072 332 3132 ltem
359 3071 490 3132 domina
516 3071 611 3132 Clara
646 3090 777 3132 consors
802 3072 943 3152 magistri
970 3071 1123 3153 Stephani
1148 3071 1205 3133 filii
1233 3074 1412 3136 Salomonis

153 3179 241 3240 dedit
267 3194 296 3238 et
321 3179 453 3238 donavit
481 3177 644 3259 quandam
676 3197 766 3238 suam
799 3178 945 3255 domum,
979 3177 1118 3238 mediam
1151 3181 1286 3258 curiam,
1311 3181 1410 3242 eidem

154 3286 316 3366 Stephano
342 3285 476 3344 domino
502 3298 531 3345 et
556 3284 672 3344 marito
695 3304 764 3361 suo,
789 3299 933 3365 tempore
960 3282 1073 3365 prelati
1099 3284 1224 3346 domini
1250 3286 1410 3348 Johannis.

258 3392 335 3452 ltem
369 3390 500 3452 domina
534 3391 629 3452 Clara
663 3391 751 3451 dedit
784 3390 947 3472 Stephano
981 3391 1114 3453 domino
1147 3407 1177 3452 et
1210 3394 1326 3455 marito
1357 3413 1410 3454 suo

151 3499 323 3579 quemdam
356 3517 450 3558 suum
484 3497 640 3575 fundum,
673 3497 813 3558 mediam
839 3499 971 3574 curiam,
1004 3512 1148 3579 tempore
1182 3498 1259 3560 dicti
1293 3499 1410 3562 domini

151 3605 315 3666 Johannis.

258 3711 334 3771 ltem
361 3710 523 3770 Johannes
547 3709 631 3770 filius
661 3710 771 3771 lacobi
804 3709 880 3769 dicti
906 3710 1006 3791 Bolye
1042 3709 1179 3771 condam
1213 3711 1321 3791 judex,
1346 3712 1410 3772 uni·

151 3838 256 3877 versas
280 3838 352 3877 suas
377 3817 594 3897 possessiones
624 3817 654 3876 in
688 3831 795 3877 nostra
829 3816 967 3893 civitate,
999 3835 1095 3898 quam
1129 3817 1160 3877 in
1187 3833 1297 3879 nostro
1328 3818 1408 3879 terri·

150 3924 233 3982 torio
258 3923 332 3983 sitas
358 3938 387 3982 et
413 3922 536 3982 habitas
561 3922 694 3983 donavit
726 3942 782 3983 sue
817 3923 957 3983 consorti
984 3937 1015 3984 et
1038 3921 1113 3983 filiis
1145 3938 1175 3984 et
1200 3923 1328 3986 filiabus
1351 3925 1410 3985 suis

151 4046 305 4110 perpetuo
331 4029 542 4110 possidendas
566 4030 609 4090 ita
627 4044 745 4106 tamen,
771 4029 857 4109 quod
878 4029 944 4110 ipsa
961 4049 1016 4090 sua
1042 4049 1173 4091 consors
1198 4031 1294 4094 debet
1311 4033 1409 4114 primo

151 4136 301 4195 rehabere
327 4136 561 4216 quinquaginta
587 4134 655 4196 flor.
682 4136 750 4195 auri
776 4135 904 4195 racione
928 4154 984 4195 sue
1008 4135 1102 4198 dotis.
