3142 5356
149 353 213 416 2⁵4
679 334 766 391 Anno
788 347 880 412 1433·

148 547 313 610 cessissent
331 546 362 606 in
379 544 608 627 proprietatem
629 559 660 607 et
677 544 865 626 porcionem
884 564 996 607 eorum
1013 543 1082 626 jure
1106 543 1298 627 perhennali
1317 543 1417 626 possi·

148 653 253 715 dende
285 667 316 714 et
347 649 655 733 quomodocumque
695 670 889 732 unaqueque
923 651 1064 733 ipsarum
1096 651 1241 734 parcium
1274 650 1414 713 voluerit

149 759 359 842 disponende.

255 865 331 927 ltem
358 864 465 926 lwano
489 864 582 926 aliter
599 861 737 925 lohanni
763 876 877 924 vocato
904 861 973 925 filio
995 864 1104 942 Blasii,
1128 877 1163 926 ut
1179 883 1266 926 novo
1292 863 1418 925 concivi

149 986 269 1050 nostru,
293 992 329 1033 ac
354 990 410 1053 per
435 990 508 1031 eum
533 971 599 1031 suis
622 969 796 1032 heredibus
821 969 939 1031 Paulus
967 968 1101 1032 thonsor
1125 989 1310 1053 pannorum
1335 968 1419 1032 filius

149 1077 326 1156 Benedicti,
351 1076 514 1159 quandam
533 1076 680 1154 domum,
706 1074 843 1138 fundum
868 1089 900 1138 et
917 1073 1065 1138 hedificia
1089 1096 1146 1138 sua
1171 1076 1203 1138 in
1228 1076 1302 1137 vico
1320 1075 1419 1158 ipsius

149 1184 287 1245 civitatis
319 1183 467 1244 exteriori
501 1183 583 1244 inter
616 1181 734 1244 lundos
766 1181 966 1264 Margaretbe
1001 1181 1247 1244 Thesacbichna
1271 1182 1359 1244 dicte
1389 1195 1419 1244 et

149 1303 237 1370 parte
261 1290 301 1350 ab
326 1288 425 1350 altera
442 1288 607 1352 Valentini
625 1289 893 1350 molendinatoris
916 1287 973 1350 filii
992 1289 1123 1372 Mathey
1147 1288 1304 1368 habitam,
1321 1308 1417 1350 unam

149 1409 295 1476 quartam
320 1394 407 1456 curie
433 1395 464 1455 in
489 1414 522 1455 se
555 1395 785 1473 continentem,
812 1395 956 1456 vendidit
988 1408 1144 1477 perpetuo
1176 1394 1416 1476 possidendam.

256 1500 332 1562 Item
367 1500 544 1585 Elyzabeth
576 1515 688 1563 vocata
721 1501 838 1563 mulier
877 1501 986 1562 relicta
1018 1501 1156 1563 condam
1195 1501 1325 1562 Lucasii
1361 1498 1417 1562 filii

150 1606 275 1668 Nicolai
309 1607 347 1667 de
372 1607 508 1668 Nowalri
542 1620 573 1668 et
596 1606 729 1669 honesta
761 1607 909 1668 similiter
940 1607 1056 1671 mulier
1077 1613 1186 1689 Agnes
1217 1621 1351 1685 vocata,
1382 1626 1417 1668 ac

151 1712 329 1795 Elyzabeth
354 1712 472 1794 puella,
498 1711 573 1791 filie,
598 1732 656 1776 nec
681 1733 745 1775 non
766 1713 932 1774 Emericus
956 1712 1041 1775 lilius
1066 1713 1199 1796 predicti
1225 1713 1354 1775 Lucasii
1380 1733 1416 1775 ex

150 1819 265 1881 eodem
291 1819 428 1880 Lucasio
453 1832 484 1880 et
515 1818 635 1901 prelata
662 1819 839 1902 Elyzabeth
872 1818 1007 1880 muliere
1032 1820 1111 1880 olim
1143 1833 1293 1882 consorte
1319 1819 1417 1901 ipsius

151 1925 276 1987 Lucasii
312 1924 468 2005 legittime
501 1927 668 2007 progenite
709 1940 739 1986 et
770 1938 972 2008 procreatus,
1008 1925 1214 1987 medietatem
1247 1925 1416 1987 cuiusdam

150 2032 277 2109 domus,
302 2029 404 2109 fundi,
430 2031 537 2092 celarii
560 2047 590 2092 et
607 2030 829 2094 hedificiorum
849 2033 880 2093 in
905 2032 976 2093 vico
994 2032 1093 2114 ipsius
1111 2032 1248 2094 civitatis
1265 2031 1415 2095 exteriori

150 2135 405 2217 lutifigulorum,
437 2137 518 2198 inter
550 2137 664 2198 domos
696 2151 727 2198 et
758 2135 877 2199 fundos
908 2138 1084 2199 liberorum
1123 2137 1261 2199 condam
1287 2136 1415 2199 Martini

151 2243 349 2304 Kusmanow
373 2256 404 2305 et
429 2243 594 2305 Benedicti
626 2244 734 2305 Bedelr
767 2245 871 2306 vocati
897 2243 1000 2306 fratris
1033 2243 1165 2326 Georgii
1200 2244 1337 2326 Elasych
1363 2246 1415 2306 ha-

151 2350 227 2427 bite,
259 2349 400 2410 mediam
433 2349 554 2411 curiam
587 2350 619 2410 in
650 2369 683 2411 se
714 2351 755 2411 ad
789 2370 882 2412 usurn
907 2351 1043 2412 civitatis
1074 2351 1287 2413 redundative
1315 2351 1415 2412 conti-

151 2456 266 2534 nentis,
292 2455 497 2517 medietatem
524 2471 558 2517 ut
574 2456 749 2538 predicitur
770 2472 889 2519 rectam
914 2472 944 2519 et
962 2458 1110 2540 equalem
1128 2458 1270 2540 ipsarum
1289 2459 1416 2534 domus,

152 2561 254 2640 fundi,
280 2561 387 2623 celarii
413 2575 443 2622 et
468 2560 703 2641 hedificiorum,
728 2583 825 2624 unam
850 2564 1076 2625 tantummodo
1101 2578 1246 2645 quartam
1272 2565 1361 2626 curie
1385 2564 1415 2624 in

150 2690 183 2731 se
208 2669 409 2747 retinentem,
435 2667 515 2750 Elye
532 2666 600 2729 filio
617 2668 702 2730 lwan
727 2669 790 2749 jam
816 2689 902 2731 novo
923 2670 1047 2731 concivi
1066 2683 1175 2732 nostro
1200 2669 1416 2733 vendiderunt

151 2790 305 2858 perpetuo
339 2774 585 2857 possidendam,
617 2777 704 2836 salva
736 2776 797 2837 alia
832 2776 1003 2837 medietate
1036 2776 1254 2858 predictorum
1288 2777 1415 2854 domus,

151 2879 254 2958 lundi,
278 2881 385 2942 celarii
410 2895 441 2944 et
465 2880 700 2960 hedificiorum,
734 2902 830 2943 unam
856 2883 1065 2944 consimiliter
1097 2896 1245 2965 quartam
1270 2885 1359 2945 curie
1384 2884 1413 2944 in

151 3008 183 3048 se
207 2989 409 3067 retinentem,
442 2989 677 3069 possessoribus
711 2988 854 3050 eiusdem
888 2988 956 3068 jure
982 2989 1058 3070 ipsis
1089 2989 1289 3051 incumbenti
1315 2990 1413 3051 libera

152 3108 346 3154 remanente.

257 3199 334 3261 ltem
361 3200 457 3284 Elyas
481 3199 565 3262 filius
590 3201 727 3279 Crisani,
750 3200 908 3263 habitator
933 3202 1079 3281 civitatis,
1104 3202 1267 3283 quandam
1292 3219 1413 3285 partem

151 3326 207 3367 seu
231 3306 419 3388 porcionem
445 3306 609 3367 cuiusdam
636 3307 728 3368 vinee
753 3321 783 3369 et
811 3323 893 3369 terre
910 3308 1015 3370 eidem
1040 3307 1242 3390 subjacentis,
1269 3310 1300 3371 in
1325 3311 1414 3373 terti·

151 3413 233 3473 torio
259 3411 395 3472 civitatis
420 3412 500 3472 inter
524 3413 633 3473 vineas
658 3413 753 3474 Blasii
780 3414 977 3474 Kurmanich
1011 3428 1040 3476 et
1065 3414 1193 3475 Andrce
1218 3415 1296 3479 dicti
1321 3418 1414 3498 Ztep-

151 3517 285 3600 kowych
309 3517 417 3578 habite
442 3533 471 3578 et
504 3518 676 3597 existentis,
708 3533 829 3600 partem
856 3520 986 3601 inquam
1021 3533 1055 3581 ut
1086 3516 1243 3601 prefertur
1272 3523 1414 3603 predicte

151 3624 243 3685 vinee
268 3644 324 3685 sue
348 3638 378 3684 et
402 3639 483 3684 terre
508 3625 613 3686 eidem
635 3624 837 3707 subjacentis,
863 3628 943 3688 inter
959 3626 1135 3709 predictam
1162 3626 1290 3689 vineam
1315 3629 1415 3711 ipsius

151 3730 279 3792 Andree
304 3730 511 3811 Ztepkowich
536 3733 576 3792 ab
601 3732 734 3810 oriente,
759 3734 817 3793 sub
835 3733 904 3793 eius
928 3733 1088 3814 prioribus
1112 3734 1195 3795 veris
1219 3747 1250 3796 et
1275 3735 1415 3818 antiquis

151 3836 244 3897 metis
269 3856 304 3897 ac
330 3837 411 3898 inter
436 3837 557 3898 siccum
586 3836 740 3899 fossatum
766 3840 805 3899 ab
837 3839 1013 3918 occidente,
1038 3859 1095 3921 per
1126 3840 1215 3921 quod
1241 3841 1309 3924 ipsa
1334 3855 1416 3904 terra

152 3941 328 4004 dinoscitur
352 3940 421 4005 fore
454 3942 659 4005 circumfossa
692 3959 722 4006 et
747 3945 829 4006 inter
860 3946 955 4006 aliam
982 3946 1126 4007 eiusdem
1159 3947 1253 4009 vinee
1279 3962 1309 4009 et
1334 3964 1415 4011 terre

151 4048 250 4130 ipsius
283 4049 362 4132 Elye
395 4063 517 4131 partem
550 4071 606 4111 seu
638 4053 825 4132 porcionem
859 4052 1014 4134 majorem
1047 4073 1064 4114 a
1095 4054 1328 4135 septemtrione
1361 4076 1416 4139 per

151 4169 268 4216 metam
293 4156 459 4217 cuiusdam
485 4157 607 4218 arboris
633 4158 722 4219 nucis
750 4160 809 4219 sub
842 4158 960 4220 vitibus
984 4160 1077 4220 vinee
1102 4159 1244 4241 predicte
1269 4160 1302 4222 in
1328 4163 1416 4224 bono

150 4262 259 4343 spacio
284 4261 401 4341 habite,
427 4277 509 4325 recte
534 4278 597 4325 tam
625 4284 719 4347 supra
753 4285 850 4346 quarn
876 4263 957 4326 infra
989 4265 1208 4346 procedendo,
1233 4286 1297 4348 que
1323 4288 1416 4331 cruce

151 4387 209 4449 pro
234 4381 317 4429 meta
342 4367 424 4430 foret
448 4369 646 4451 consignata,
670 4371 828 4432 metaliter
861 4385 1050 4454 separatam,
1075 4391 1147 4433 curn
1173 4373 1326 4436 omnibus
1351 4376 1416 4436 suis

151 4474 341 4535 utilitatibus
365 4489 395 4536 et
412 4476 617 4557 pertinenciis
646 4477 802 4538 universis
826 4479 894 4539 viro
913 4477 1049 4560 provido
1068 4478 1203 4561 Symoni
1223 4479 1262 4541 de
1281 4480 1416 4542 Raboch

151 4578 217 4641 lilio
243 4580 408 4643 Michaelis
431 4582 577 4644 vendidit
600 4597 755 4666 perpetuo
781 4584 1019 4665 possidendam.

256 4687 334 4749 ltem
359 4687 459 4750 Elena
485 4690 601 4750 mulier
617 4688 681 4751 filia
707 4690 797 4751 Pauli
821 4691 928 4752 relicta
958 4692 1095 4754 condam
1121 4693 1211 4755 Pauli
1237 4692 1332 4776 jurati
1358 4693 1416 4758 filii

151 4790 300 4876 Gywani,
325 4815 410 4856 nunc
435 4815 566 4857 consors
590 4796 680 4858 Pauli
707 4796 887 4860 Corintiani
912 4797 969 4860 lilii
988 4800 1127 4879 Martini,
1152 4801 1317 4882 quandam
1341 4821 1415 4885 por·
