3142 5356
530 440 731 517 Ann01504.
757 474 798 483 -
822 453 870 500 12.
886 439 1040 516 januaria.

616 649 777 732 Georgius
801 651 966 715 Zthansin.

612 757 750 818 Mathias
774 757 925 821 carnifex.

616 863 812 926 Laurencius
837 864 1100 929 Lachnowichin.

617 969 754 1031 Michael
785 990 905 1053 sporar.

616 1074 777 1158 Georgius
800 1091 899 1140 sutor.

616 1183 762 1244 Andreas
785 1198 885 1247 sutor.

616 1289 728 1350 Petrus
753 1290 873 1353 Benair.

615 1395 807 1458 Valentinus
830 1396 981 1480 irenipar.

615 1502 768 1564 Nicolaus
793 1503 927 1568 Thotar.

619 1609 775 1670 Martinus
798 1611 949 1691 agricola.

615 1715 719 1777 Lucas
743 1717 894 1798 agricola.

616 1822 770 1883 Nicolaus
793 1838 892 1885 sutor.

615 1926 791 2009 Gregorius
815 1943 914 1990 sutor.

657 2073 776 2131 Caetera
799 2074 910 2133 desunt.

147 2269 243 2343 Feria
274 2266 379 2344 tercia
408 2276 563 2362 proxima
593 2275 672 2345 ante
709 2276 831 2346 lestum
860 2276 949 2346 beati
982 2274 1075 2345 Pauli
1104 2268 1204 2362 primi
1235 2275 1417 2347 Heremite.

341 2371 344 2376 ·
562 2420 606 2485 (9.
623 2410 776 2485 januarii,
800 2430 869 2471 ann.
895 2412 998 2488 1504).

255 2529 360 2592 Causa
378 2531 460 2594 inter
477 2531 655 2612 Georgium
676 2531 866 2593 familiarem
886 2534 1010 2594 domini
1028 2533 1169 2595 doctoris
1192 2548 1223 2595 et
1239 2534 1417 2615 quemdam

149 2635 238 2696 Hans
263 2635 436 2715 Croacum,
462 2656 557 2719 quem
592 2640 752 2700 asserebat
776 2659 844 2700 esse
879 2637 980 2699 furem
1007 2639 1224 2720 quorumdam
1257 2659 1418 2720 equorum

148 2741 285 2803 duorum
312 2742 425 2823 prefati
452 2744 576 2804 domini
607 2745 758 2823 doctoris,
791 2745 845 2826 qui
873 2744 1033 2824 Georgius
1057 2765 1113 2827 per
1144 2745 1333 2808 mandatum
1360 2747 1419 2808 do·

148 2848 225 2908 mini
251 2848 298 2908 sui
325 2863 355 2910 et
380 2850 573 2930 quibusdam
600 2850 797 2927 hominibus,
832 2872 914 2932 quos
938 2852 1065 2913 dicebat
1088 2866 1184 2913 testes
1207 2871 1287 2930 esse,
1313 2852 1420 2915 dictus

148 2952 308 3034 Georgius
340 2953 415 3016 lecit
447 2956 581 3017 detineri
616 2971 646 3017 et
678 2957 842 3018 detentum
876 2957 1028 3038 judicari,
1064 2958 1117 3018 ubi
1144 2957 1268 3020 domini
1294 2957 1419 3039 judices

147 3079 245 3140 penes
270 3060 411 3141 ipsorum
438 3063 662 3123 attestaciones
686 3064 791 3123 taliter
820 3062 1054 3142 adjudicarunt,
1080 3064 1248 3145 quomodo
1273 3063 1419 3146 prefatus

148 3163 308 3246 Georgius
333 3182 443 3229 contra
468 3167 589 3230 dictum
615 3169 705 3229 Hans
730 3168 856 3229 nullum
878 3170 1097 3231 testimonium
1125 3170 1284 3252 perhiberi
1310 3172 1418 3252 potuit

147 3273 221 3334 ideo
246 3273 332 3335 idern
358 3275 523 3336 convictus
548 3290 593 3336 est
618 3276 648 3336 in
674 3276 748 3336 vivo
774 3274 945 3356 homagio;
978 3277 1108 3337 tandem
1133 3277 1157 3337 si
1183 3277 1287 3338 dictus
1312 3275 1418 3338 Geor·

146 3379 219 3460 gius
244 3399 299 3461 per
324 3381 511 3441 mandatum
537 3382 660 3442 domini
686 3381 734 3441 sui
760 3394 790 3442 et
812 3401 868 3462 per
893 3382 995 3442 dictos
1019 3395 1114 3443 testes
1133 3380 1206 3443 lecit
1231 3382 1367 3444 detineri
1386 3397 1418 3445 et

148 3505 219 3546 curn
245 3485 414 3547 testificare
440 3506 503 3548 non
530 3488 644 3568 potuit,
670 3487 774 3549 dictus
792 3486 952 3567 Georgius
970 3501 1082 3568 querat
1106 3487 1247 3570 prefatos
1271 3502 1367 3550 testes
1384 3505 1416 3552 et

147 3592 317 3652 dominum
350 3612 454 3655 suum.
487 3591 721 3653 illustrissimus
748 3613 821 3654 vero
855 3594 1006 3653 dominus
1038 3594 1101 3654 dux
1135 3595 1175 3656 de
1208 3591 1332 3676 prelato
1358 3594 1417 3656 ho·

148 3699 255 3779 magio
272 3699 347 3759 vivo
365 3699 423 3780 ipsi
443 3698 584 3780 Georgio
608 3699 749 3779 graciam
772 3699 856 3777 lecit,
873 3720 909 3759 ex
925 3719 990 3780 quo
1007 3698 1148 3781 prelatus
1166 3700 1256 3761 Hans
1273 3698 1418 3762 Croacus

146 3806 222 3866 talia
246 3805 412 3866 latrocinia
438 3806 641 3887 perpetravit.

147 4006 244 4078 Feria
273 4015 370 4077 sexta
402 4006 555 4096 proxima
595 4015 673 4096 post
701 4009 823 4080 festum
862 4006 950 4079 beati
979 4007 1075 4078 Pauli
1106 4004 1205 4095 primi
1233 3999 1415 4079 Heremite.

657 4142 722 4220 (12.
739 4143 909 4220 januarii).

255 4266 435 4347 Stephanus
450 4286 549 4347 gener
568 4266 741 4328 Pethkonis
765 4267 803 4327 ad
823 4267 1011 4328 instanciam
1029 4265 1156 4326 Nicolai
1173 4265 1291 4327 sutoris
1308 4267 1418 4348 primo

147 4373 261 4435 citatus
286 4392 350 4433 non
376 4373 566 4454 comparuit.

254 4479 379 4540 Eodem
404 4478 456 4539 die
481 4478 627 4540 Thomas
661 4479 878 4561 carpentarius
910 4479 950 4539 ad
976 4477 1164 4538 instanciam
1198 4476 1326 4539 discreti
1359 4479 1417 4542 do·

147 4586 226 4645 mini
252 4585 407 4646 Anthonii
431 4586 563 4646 rectoris
588 4587 696 4647 altaris
713 4587 811 4647 sancti
831 4585 987 4646 iohannis
1013 4584 1152 4666 Baptiste
1171 4584 1276 4666 primo
1301 4585 1418 4650 citatus

147 4712 211 4752 non
238 4692 427 4774 comparuit.

254 4797 399 4859 Thomas
423 4799 640 4880 carpentarius
665 4813 774 4860 contra
808 4798 981 4860 discretum
1015 4797 1184 4860 dominum
1208 4798 1415 4864 Anthonium

147 4918 302 4965 rectorem
317 4905 535 4966 altarissancti
549 4905 705 4967 iohannis
717 4905 855 4986 Baptiste
866 4905 1008 4966 secundo
1019 4906 1132 4966 citatus
1142 4925 1206 4967 non
1220 4908 1415 4989 comparuit.
