3142 5356
147 484 211 544 224
552 466 638 521 Anno
661 474 749 539 1523.
775 495 814 505 -
839 476 887 538 13.
904 463 998 537 sandi.

1048 568 1183 573 ---...--.
1205 569 1216 572 -
1239 564 1402 572 -...--——·-

242 704 387 775 Sabbata
416 704 567 791 proximo
597 709 673 788 post
701 700 824 772 testum
853 701 943 772 beati
973 699 1126 770 Barnabe
1155 699 1314 787 apostoli.

681 851 745 930 (13.
762 852 872 929 sitnia).

252 997 319 1058 Nos
336 996 476 1056 seniores
492 994 614 1076 judices
635 993 675 1054 ad
693 994 882 1054 mandatum
900 995 987 1076 regie
1006 992 1181 1073 Maiestatis
1198 991 1411 1054 literatorium

147 1103 179 1164 in
208 1122 302 1164 causa
322 1102 403 1164 inter
420 1100 598 1162 lohannem
617 1099 797 1180 selliparem
816 1113 850 1160 ut
869 1113 1021 1177 actorem,
1038 1114 1069 1160 et
1085 1098 1257 1159 Nicolaum
1275 1099 1413 1169 trobeca

148 1209 365 1286 Domlronem,
391 1207 564 1268 Martinum
582 1225 736 1287 generum
761 1207 848 1266 tesalr
866 1219 897 1266 et
913 1205 996 1266 alios
1019 1204 1193 1286 complices
1211 1202 1415 1280 eorumdem,

118 1303 122 1311 ¹
151 1330 247 1377 testes
271 1316 411 1396 recipere
437 1329 467 1374 et
484 1314 665 1374 examinare
683 1313 865 1391 debuimus,
891 1315 946 1394 qui
963 1328 1051 1375 actor
1068 1333 1124 1394 per
1140 1308 1280 1393 prefatos
1305 1312 1416 1372 verbe·

148 1436 234 1484 ratus
268 1421 431 1495 extiterat,
474 1434 603 1501 propter
634 1420 722 1500 quod
754 1419 846 1499 jurati
886 1420 1117 1480 adinvenerant
1147 1418 1235 1500 quod
1277 1418 1416 1498 quilibet

150 1547 261 1589 eorum
288 1527 326 1587 de
352 1546 407 1608 per
431 1546 464 1586 se
489 1527 520 1585 in
547 1526 620 1586 vivo
645 1525 797 1607 homagio
826 1527 991 1587 convictus
1015 1525 1196 1601 haberetur,
1221 1524 1281 1603 ipsi
1307 1537 1414 1585 autem

147 1648 293 1714 tempore
317 1631 512 1713 respondere
537 1631 700 1709 nolebant,
725 1631 780 1692 sed
812 1632 988 1692 terminum
1022 1630 1061 1691 ad
1087 1629 1334 1712 producendum
1360 1629 1415 1710 qui

148 1755 225 1814 tunc
250 1751 339 1799 erant
356 1739 502 1798 absentes
526 1751 631 1814 testes,
648 1740 821 1819 petebant;
846 1738 976 1799 tandem
995 1757 1053 1798 nos
1071 1736 1270 1813 examinatis,
1294 1750 1330 1796 ut
1347 1754 1416 1816 pre-

149 1846 281 1906 missum
309 1858 365 1922 est,
391 1843 430 1903 ad
456 1843 643 1904 mandatum
668 1844 792 1924 regium
818 1844 952 1905 testibus
977 1858 1007 1905 et
1025 1845 1190 1924 utriusque
1215 1841 1314 1924 partis
1339 1859 1414 1923 que-

149 1951 215 2012 rela
240 1965 271 2011 et
295 1950 521 2031 proposicione
546 1950 684 2010 admissa
718 1962 749 2010 et
781 1964 909 2030 accepta
935 1950 989 2010 ubi
1023 1949 1173 2010 videlicet
1197 1947 1340 2030 prelatus
1364 1947 1414 2007 lo·

148 2059 271 2120 hannes
285 2058 415 2138 sellipar
432 2057 647 2139 proponebat,
664 2057 751 2136 quod
771 2057 837 2136 ipse
856 2077 949 2116 causa
966 2057 1094 2117 lavandi
1112 2071 1206 2137 caput
1222 2055 1262 2116 ad
1280 2055 1415 2115 domum

149 2165 318 2226 cuiusdam
343 2164 421 2224 civis
445 2164 625 2224 divertisset
658 2163 767 2244 ibique
800 2183 873 2224 cum
903 2163 1065 2243 aliquibus
1097 2176 1198 2223 cartas
1229 2160 1342 2222 ludere
1367 2179 1416 2221 ce·

148 2272 257 2352 pisset,
290 2285 365 2331 tunc
397 2270 553 2330 nominati
576 2269 686 2330 habito
711 2270 799 2350 prius
831 2270 978 2346 consilio,
1010 2270 1179 2331 temerarie
1209 2269 1241 2329 in
1275 2267 1416 2328 eundem

149 2378 316 2438 irruissent
340 2397 375 2437 ac
401 2377 505 2457 ipsum
530 2376 570 2436 ad
594 2390 709 2436 terram
734 2377 801 2436 sine
831 2377 920 2437 omni
953 2397 1046 2436 causa
1072 2389 1265 2458 prostratum
1291 2374 1360 2435 dire
1385 2388 1416 2435 et

149 2484 262 2544 acriter
284 2484 514 2560 verberassent,
539 2496 569 2542 et
593 2481 618 2541 si
651 2481 783 2562 quidam
813 2481 934 2543 ibidem
969 2482 1106 2543 existens
1130 2497 1205 2543 tunc
1229 2478 1311 2542 lorte
1337 2499 1415 2541 eun·

149 2589 222 2651 dem
250 2609 265 2648 e
291 2589 441 2648 manibus
473 2588 614 2668 ipsorum
648 2607 713 2648 non
745 2589 904 2665 erruisset,
934 2588 1044 2668 procul
1077 2587 1177 2649 dubio
1203 2607 1258 2668 per
1282 2588 1416 2647 eosdem

151 2694 336 2757 interfectus
360 2694 480 2755 luisset.
515 2695 563 2756 Ex
595 2694 729 2754 adverso
761 2708 868 2754 autern
902 2692 1015 2775 prelati
1040 2694 1223 2774 allegabant
1256 2693 1287 2753 id
1313 2713 1347 2753 se
1372 2692 1417 2753 fe·

150 2803 228 2864 cisse
253 2816 382 2884 propter
407 2801 581 2882 quamdam
608 2800 774 2861 infamiam
792 2820 888 2881 quam
916 2800 982 2881 ipse
1001 2799 1162 2860 lohannes
1185 2798 1317 2880 sellipar
1335 2818 1416 2879 quo·

149 2908 224 2968 dam
248 2922 393 2988 tempore
418 2926 490 2967 curn
516 2905 699 2968 fuissentin
725 2905 824 2967 cheha
843 2906 1070 2986 magistrorum
1088 2902 1296 2986 freniparum,
1322 2904 1418 2987 pelli·

149 3013 245 3074 ficum
269 3033 304 3074 ac
321 3013 506 3095 selliparum
532 3013 618 3095 apud
637 3013 810 3093 quemdam
826 3013 967 3093 ipsorum
986 3013 1175 3092 magistrum
1200 3026 1311 3073 contra
1329 3012 1418 3092 ipsos

148 3133 272 3181 sutores
296 3119 480 3201 protulisset
505 3119 536 3178 in
554 3118 612 3179 hec
629 3119 742 3179 verba:
769 3117 910 3197 quodam
928 3132 1085 3200 tempore,
1103 3117 1263 3198 inquiens,
1281 3117 1417 3198 quidam

149 3244 271 3307 pauper
295 3240 384 3285 sutor
401 3237 529 3285 coactus
553 3244 608 3305 per
625 3224 768 3305 reliquos
792 3240 917 3284 sutores
935 3223 1009 3284 dare
1022 3225 1194 3305 prandium
1220 3224 1308 3305 ipsis,
1326 3239 1418 3286 sutor

150 3344 268 3392 cattum
294 3349 366 3391 cum
391 3330 483 3406 nigro
509 3329 623 3390 brodio
648 3343 785 3407 coxerat,
818 3329 936 3410 pellem
962 3349 1038 3390 vero
1071 3330 1216 3392 eiusdem
1241 3331 1316 3391 catti
1342 3344 1416 3411 post

150 3435 313 3498 fornacem
338 3435 531 3517 projeceram
555 3454 692 3516 cumque
719 3435 776 3516 ipsi
791 3447 914 3495 sutores
938 3449 1057 3496 cattum
1083 3435 1309 3513 comedissent,
1333 3456 1417 3518 puer

149 3541 234 3603 filius
259 3542 357 3624 ipsius
381 3541 496 3602 sutoris
528 3539 671 3622 (pellem)
697 3542 728 3600 in
754 3540 897 3601 medium
930 3540 1094 3621 proferens
1122 3562 1158 3603 ac
1182 3542 1361 3603 extendens
1386 3557 1418 3605 et

150 3648 302 3708 manibus
319 3647 453 3728 palpans
466 3647 611 3708 dixisset:
626 3660 724 3728 pater,
742 3647 856 3727 inquit,
871 3645 1005 3728 chyczl,
1023 3667 1059 3706 ex
1078 3647 1138 3708 hoc
1159 3647 1235 3730 ipsis
1251 3649 1418 3709 sutoribus

151 3753 326 3815 diceretur:
352 3753 448 3837 chycz
474 3772 588 3832 warga.
608 3753 754 3813 Preterea
774 3752 893 3813 ibidem
913 3753 1045 3834 quidam
1064 3753 1193 3814 dixisset
1217 3773 1254 3815 ex
1272 3753 1414 3816 discum·

151 3860 299 3921 bentibus
324 3860 362 3919 ad
388 3859 540 3941 chyczam
558 3874 702 3919 sutorum
727 3879 797 3919 sum
816 3873 946 3919 vocatus
971 3859 1011 3919 ad
1036 3859 1221 3920 merendam
1248 3860 1325 3940 quia
1342 3880 1413 3921 sum

151 3965 244 4026 lrater
269 3965 477 4041 eorumdem;
502 3980 577 4026 tunc
603 3964 764 4025 lohannes
788 3965 917 4047 sellipar
941 3965 1081 4042 dixisset,
1106 3966 1130 4026 si
1156 3985 1213 4026 vos
1238 3964 1415 4047 hungariae

150 4072 296 4132 diceretis
321 4071 460 4132 eicerent
486 4092 542 4131 vos
567 4072 606 4131 de
639 4069 898 4132 confraternitate
924 4085 954 4131 et
987 4071 1097 4132 cheha.
1124 4072 1164 4132 Et
1187 4071 1323 4132 ulterius
1348 4072 1414 4154 ipse

150 4176 313 4237 lohannes
338 4177 484 4239 dixisset:
510 4177 651 4258 quodam
685 4191 829 4258 tempore
863 4176 990 4237 luerunt
1022 4179 1087 4238 duo
1115 4192 1248 4254 sutores,
1274 4197 1414 4260 cumque

150 4303 243 4344 curru
268 4284 460 4345 veherentur
484 4285 608 4344 duabus
640 4285 741 4364 equis,
767 4298 796 4343 et
821 4304 883 4343 una
917 4304 1071 4363 equarum
1097 4285 1240 4365 mingere
1268 4285 1414 4367 cepisset,

151 4409 233 4450 unus
257 4404 403 4450 sutorum
422 4391 461 4451 ad
486 4391 620 4450 alterum
639 4391 733 4450 dixit:
752 4411 815 4450 non
835 4391 932 4450 debes
949 4391 1115 4471 attingere,
1137 4391 1203 4472 ipse
1228 4391 1413 4472 respondit:

151 4496 255 4556 debeo
271 4496 385 4577 inquit,
404 4497 527 4557 addidit
544 4494 702 4576 prelatus:
721 4496 890 4576 suscipiam
909 4511 1013 4555 tecum
1032 4496 1159 4557 duobus
1177 4495 1308 4558 florenis
1325 4497 1413 4578 quod

151 4621 216 4662 non
243 4602 350 4664 debes.
376 4603 440 4674 Qui
468 4622 542 4663 mox
565 4622 698 4682 surgens
716 4603 880 4682 attigisset,
907 4603 972 4682 ipse
990 4622 1065 4662 vero
1091 4617 1162 4683 post
1184 4616 1310 4684 tergum
1329 4618 1416 4665 stans

151 4708 290 4769 eundem
316 4709 433 4769 subulo
457 4708 574 4769 fixisset
599 4722 629 4770 et
655 4709 742 4788 virga
763 4709 904 4768 eiusdem
932 4709 1031 4768 virilis
1056 4710 1086 4769 in
1112 4709 1241 4771 vulvam
1267 4729 1350 4792 eque
1368 4711 1415 4771 in-

149 4827 278 4888 trasset;
303 4811 435 4875 currifer
460 4831 566 4875 autem
584 4815 622 4874 de
645 4815 723 4874 silva
742 4814 854 4874 videns
871 4815 1017 4876 dixisset:
1044 4817 1218 4877 meretricis
1241 4816 1298 4878 filii
1316 4836 1416 4897 equas

149 4939 236 4981 meas
273 4921 474 5002 suposuistis‚
511 4933 634 4981 sutores
659 4934 765 4980 autem
799 4920 968 4981 dixissent:
1001 4936 1088 4999 tace,
1122 4923 1245 5004 inquit,
1277 4923 1416 5004 quilibet
