3142 5356
606 301 693 360 Anno
717 297 809 379 1428.
1283 323 1345 385 ¹57

62 513 200 574 duabus
223 511 340 573 marcis
357 511 564 573 denariorum
588 511 684 594 plene
703 513 875 594 persolutis
899 514 1045 575 vendidit
1069 530 1225 596 perpetuo
1243 515 1344 597 possi-

64 618 227 680 dendam.

180 724 259 786 ltem
278 723 439 805 Georgius
463 723 548 785 lilius
565 724 648 785 Petri
674 725 714 786 de
740 725 933 803 Petrowina,
951 726 1160 788 medietatem
1179 727 1345 788 cuiusdam

66 831 192 892 domus
226 830 258 891 in
292 831 377 891 dicta
410 831 535 892 civitate
569 831 652 892 inter
683 833 800 893 domos
832 832 949 893 Mathei
985 833 1095 894 Filech
1128 847 1159 894 et
1190 833 1346 895 Johannis

70 935 240 1014 Kusuech,
273 950 390 998 rectam
423 951 453 997 et
484 936 643 1018 equalem,
676 957 774 1000 unam
806 939 956 1001 videlicet
988 954 1152 1020 quartam,
1184 961 1256 1002 cum
1281 942 1347 1002 suis

68 1043 197 1105 cunctis
220 1043 426 1123 pertinenciis
449 1042 588 1104 Johanni
613 1041 681 1105 lilio
707 1045 805 1106 Marci
839 1045 878 1106 de
904 1045 997 1126 Japra
1022 1064 1080 1128 pro
1104 1047 1256 1108 undecim
1273 1046 1342 1110 flor.

68 1151 141 1211 auri
166 1149 338 1231 (vendidit)
375 1164 531 1231 perpetuo
555 1150 803 1231 possidendam
831 1151 923 1212 cuius
948 1152 1080 1232 quidem
1107 1152 1223 1214 domus
1247 1153 1343 1214 aliam

69 1257 294 1334 medietatem,
318 1269 437 1317 rectam
463 1270 493 1317 et
516 1257 677 1337 equalem,
702 1277 798 1318 unam
824 1258 1036 1320 consimiliter
1060 1273 1217 1339 quartam,
1243 1260 1346 1322 Elena

69 1381 207 1424 consors
232 1376 262 1422 et
288 1361 389 1423 Elena
414 1362 561 1444 privigna
583 1362 726 1424 eiusdem
744 1363 920 1425 literatorie
940 1364 1151 1427 dinoscuntur
1169 1366 1342 1448 possidere.

127 1582 214 1654 ltem
242 1581 326 1653 feria
357 1590 456 1654 sexta
485 1581 640 1672 proxima
670 1584 747 1673 post
784 1585 906 1656 festum
936 1584 1172 1657 conversionis
1201 1586 1290 1657 beati

572 1707 667 1777 Pauli
698 1707 853 1796 apostoli.

588 1866 654 1938 (30.
670 1864 838 1937 januarii).

183 2003 260 2064 Item
287 2003 362 2083 quia
388 2002 542 2083 providus
575 2003 621 2063 vir
647 2002 743 2080 lwan,
769 2003 910 2064 concivis
934 2017 1053 2080 noster,
1079 2001 1163 2064 filius
1187 2019 1217 2064 et
1243 2005 1344 2065 Lucia

72 2108 138 2171 filia
165 2109 303 2171 condam
339 2108 464 2169 Lucasii
498 2108 554 2169 filii
589 2109 719 2170 Kusdelt
752 2110 791 2169 de
825 2108 996 2185 Grathsan,
1029 2110 1061 2170 id
1085 2109 1280 2171 sufficienter
1313 2112 1342 2172 in

71 2216 150 2277 sede
176 2230 283 2276 nostra
302 2214 468 2293 judiciaria
486 2215 570 2276 clare
589 2216 852 2296 comprobarunt,
877 2229 912 2276 ut
929 2216 1067 2296 quedam
1086 2217 1179 2277 vinea
1205 2217 1236 2278 in
1255 2219 1344 2278 terri·

71 2323 159 2384 torio
184 2321 323 2382 civitatis
348 2322 430 2381 inter
454 2321 564 2381 vineas
581 2319 737 2382 Johannis
761 2321 838 2382 dicti
857 2322 984 2405 Rosyclr
1008 2321 1065 2383 filii
1084 2321 1181 2399 lwan,
1206 2343 1223 2383 a
1248 2323 1345 2384 meri·

73 2427 197 2490 dionali
217 2440 316 2509 parte,
336 2440 367 2488 et
385 2427 550 2487 Benedicti
568 2425 625 2488 filii
641 2427 769 2488 Martini
789 2427 845 2488 lilii
860 2428 937 2488 Wllr
956 2428 995 2489 de
1013 2427 1154 2508 predicta
1174 2427 1344 2508 Grathsan,

73 2554 90 2594 a
115 2547 207 2616 parte
232 2533 435 2610 occidentali,
460 2553 476 2592 a
509 2533 763 2613 septemtrionali
789 2553 866 2594 vero
898 2547 987 2614 parte
1013 2534 1141 2594 Martini
1167 2533 1340 2596 Glawosek

73 2640 163 2718 dicti,
196 2641 236 2700 ab
268 2639 414 2701 orientali
441 2653 547 2700 autem
581 2654 668 2720 parte
700 2659 791 2700 secus
815 2640 898 2700 viam
932 2658 1137 2700 communem
1172 2640 1278 2701 habita
1314 2654 1345 2702 et

73 2747 223 2823 existens,
250 2745 334 2821 iuxta
359 2758 508 2806 contenta
533 2745 676 2826 priorum
696 2745 858 2805 literarum
881 2758 1060 2805 nostrarum
1079 2745 1343 2825 privilegialium,

74 2867 222 2933 tempore
248 2831 488 2931 judicatusviri
514 2851 638 2930 providi
659 2850 817 2910 Francisci
843 2848 899 2910 filii
933 2850 1030 2911 Marci
1056 2852 1088 2910 in
1113 2871 1198 2912 anno
1216 2850 1340 2913 domini

76 2958 252 3020 millesimo
284 2958 510 3018 tercentesimo
546 2957 782 3038 septuagesimo
814 2971 927 3017 octavo
960 2954 1113 3017 confectis
1150 2972 1181 3018 et
1212 2977 1342 3019 emana-

75 3079 192 3140 tarum,
217 3065 292 3125 dicti
320 3064 445 3125 Lucasii
472 3062 651 3143 prefuisset,
686 3063 758 3123 ideo
784 3083 843 3123 nos
875 3064 1011 3124 eandem
1037 3064 1164 3124 vineam
1189 3066 1248 3125 sub
1273 3066 1342 3125 eius

76 3171 157 3231 veris
182 3169 344 3250 prioribus
366 3183 396 3229 et
420 3169 561 3250 antiquis
590 3169 684 3229 metis
715 3169 836 3231 eisdem
862 3168 970 3229 livano'
995 3183 1026 3230 et
1052 3169 1149 3229 Lucie
1174 3170 1344 3230 statuimus

76 3275 325 3354 possidendam;
358 3277 449 3336 cuius
481 3276 573 3335 vinee
607 3274 812 3336 medietatem
848 3274 960 3334 eadem
994 3275 1092 3335 Lucia
1117 3274 1204 3335 dicto
1237 3275 1343 3336 lwano

75 3379 160 3443 fratri
188 3400 247 3442 suo
272 3381 403 3442 donavit
428 3396 583 3462 perpetuo
608 3380 846 3461 possidendam.

182 3487 260 3547 ltem
286 3487 404 3548 Paulus
427 3486 511 3548 filius
536 3487 674 3564 Andree,
700 3486 859 3547 habitator
884 3500 1001 3562 noster,
1027 3485 1189 3566 quandam
1215 3485 1340 3545 vineam

72 3614 167 3657 suam
194 3594 225 3654 in
252 3608 361 3655 nostro
390 3593 549 3654 territorio
575 3594 656 3654 inter
681 3594 789 3653 vineas
807 3592 981 3654 Benedicti
997 3590 1054 3652 filii
1075 3591 1203 3652 Martini
1221 3611 1237 3651 a
1255 3604 1343 3672 parte

71 3699 281 3777 occidentali,
315 3713 345 3759 et
376 3699 490 3760 Vrsule
524 3699 632 3759 relicte
664 3699 800 3759 condam
834 3697 989 3758 lohannis
1021 3718 1037 3757 a
1075 3698 1167 3778 plaga
1193 3697 1341 3757 orientali

69 3808 182 3882 sitam,
208 3804 344 3886 desuper
376 3805 467 3865 avia
499 3805 677 3881 communi,
711 3802 792 3865 infra
825 3823 926 3884 usque
959 3804 1121 3883 quandam
1155 3817 1270 3863 terram
1304 3803 1343 3862 de

72 3911 240 3973 Krnleuch
265 3925 460 3992 protensam,
481 3911 572 3971 Petro
590 3909 657 3970 filio
684 3910 816 3970 Fabiani
842 3910 880 3970 de
899 3909 1058 3970 Grathsan
1084 3929 1141 3991 pro
1158 3929 1210 3969 sex
1230 3909 1343 3968 marcis

71 4018 284 4080 denariorum
311 4016 456 4077 vendidit
481 4031 637 4099 perpetuo
662 4016 900 4098 possidendam.

184 4123 264 4185 ltem
289 4123 430 4203 religiosi
457 4123 514 4182 viri
540 4121 635 4183 frater
660 4122 850 4183 Benedictus
876 4121 1022 4198 vicarius,
1044 4120 1204 4200 ceterique
1230 4117 1342 4179 fratres

74 4246 105 4292 et
131 4242 221 4291 totus
237 4243 414 4290 conventus
432 4227 563 4289 fratrum
583 4229 822 4289 Heremitarum
841 4227 967 4288 claustri
987 4227 1077 4287 beate
1097 4226 1195 4285 Marie
1212 4244 1344 4305 semper

73 4336 209 4417 virginis
234 4336 273 4397 de
292 4335 515 4416 promontorio
538 4336 748 4416 zagrabiensi,
766 4333 927 4414 quandam
953 4347 1068 4393 terram
1095 4331 1248 4393 arabilem
1267 4344 1342 4391 octo

74 4444 235 4504 dictarum
262 4442 292 4502 in
317 4441 478 4504 territorio
503 4441 639 4501 civitatis
672 4441 813 4521 predicte
844 4438 952 4518 Kroglr
987 4454 1113 4515 vocam,
1137 4439 1218 4498 inter
1242 4451 1339 4498 terras

75 4548 217 4610 arabiles
241 4546 403 4608 colendini
430 4545 698 4608 confraternitatis
721 4559 878 4620 sutorum,
902 4548 942 4605 ab
966 4565 1029 4605 una
1055 4559 1153 4626 parte,
1178 4558 1207 4604 et
1231 4545 1271 4603 ab
1296 4543 1341 4603 al·

75 4670 143 4718 tera
168 4669 256 4737 parte
281 4654 412 4737 Mathye
436 4655 576 4731 sartoris,
601 4653 705 4733 jurati,
729 4653 871 4713 concivis
896 4652 1007 4728 nostri,
1033 4652 1108 4732 ipsis
1133 4648 1340 4732 perpaulum

77 4760 227 4822 Thotbar
252 4760 284 4821 in
309 4780 368 4823 suo
392 4761 509 4821 ultimo
534 4775 610 4820 voto
635 4760 729 4820 vendi
752 4773 782 4819 et
799 4778 857 4840 pro
881 4759 988 4819 anima
1013 4776 1070 4818 sua
1095 4756 1231 4838 expendi
1256 4774 1342 4816 com·
