3142 5356
255 483 331 544 Item
358 483 467 543 Petrus
493 481 615 563 Vogrin
641 481 744 543 dictus
768 481 845 542 emit
869 480 1075 543 medietatem
1106 480 1275 543 cuiusdam
1301 480 1408 562 (hlorti

147 608 164 649 a
190 588 283 650 Petro
308 588 390 650 Cera
415 589 512 666 dicto,
536 603 681 670 tempore
705 587 865 669 judicatus
889 587 968 649 dicti
990 587 1155 649 Johannis.

255 694 332 755 Item
359 693 480 756 Stanko
497 694 575 757 emit
592 712 689 754 unam
714 693 920 755 medietatem
944 693 1037 754 vinee
1061 713 1079 754 a
1104 691 1180 754 luan
1206 693 1294 754 dicto
1312 691 1412 754 Joffan

148 814 179 863 et
202 800 298 861 aliam
323 800 450 861 vineam
483 799 625 860 aLucia
658 819 755 860 uxore
781 799 906 861 Nicolai
939 813 969 860 et
994 798 1119 861 Helena
1151 797 1218 860 filia
1243 818 1312 878 sua,
1336 813 1414 860 tem-

148 927 225 989 pore
249 905 407 988 judicatus
432 906 507 967 dicti
532 906 698 967 Johannis.

255 1031 334 1092 Item
360 1030 481 1112 Agicha
507 1050 588 1092 uxor
606 1028 739 1110 Georgii
764 1031 880 1091 sutoris
898 1030 1032 1093 donavit
1049 1029 1183 1092 fundum
1212 1049 1322 1108 suum,
1338 1044 1416 1092 tem·

150 1158 227 1220 pore
252 1137 410 1219 judicatus
434 1137 510 1198 dicti
536 1135 701 1198 Johannis.

256 1244 333 1305 ltem
358 1243 511 1305 dominus
545 1243 631 1306 Luca
663 1241 801 1304 condam
827 1241 921 1322 judex
954 1244 1032 1304 emit
1060 1242 1222 1324 quandam
1256 1257 1418 1304 terrama

149 1349 283 1411 domino
317 1348 451 1411 Miclino
484 1349 620 1411 condam
652 1348 801 1409 similiter
837 1347 953 1428 judice,
984 1361 1130 1430 tempore
1154 1347 1316 1430 judicatus
1342 1348 1416 1410 dicti

149 1456 313 1518 Johannis.

255 1563 332 1624 ltem
359 1563 469 1624 Petrus
493 1561 614 1643 Vogrin
640 1561 717 1622 emit
750 1561 914 1642 quandam
939 1574 1055 1622 terram
1081 1581 1098 1622 a
1124 1561 1246 1622 Mathia
1270 1561 1415 1638 orosnilr,

148 1682 293 1750 ternpore
317 1667 476 1748 judicatus
500 1667 576 1728 dicti
602 1666 769 1729 Johannis.

256 1774 333 1835 ltam
368 1774 486 1835 Paulus
517 1786 548 1834 et
580 1772 711 1853 Gurgelr
742 1786 890 1835 emerunt
925 1792 1022 1834 unam
1054 1773 1181 1835 vineam
1214 1794 1233 1835 a
1266 1773 1417 1836 Johanne

151 1880 304 1961 Voglessa
329 1880 426 1958 dicto,
451 1893 596 1961 tempore
620 1879 779 1960 judicatus
803 1879 879 1942 dicti
904 1878 1069 1941 Iohannis.

255 2005 331 2066 lrem
347 2005 503 2065 Martinus
523 2004 696 2084 Hungarus
710 2003 855 2065 vendidit
874 2023 974 2065 unum
992 2004 1100 2066 locum
1114 2002 1204 2065 fundi
1218 2005 1267 2066 sui
1281 2005 1418 2067 Nicolao

152 2110 387 2194 Lippouschak,
412 2125 557 2192 tempore
582 2110 740 2191 judicatus
764 2110 839 2171 dicti
866 2110 1030 2172 Johannis.

256 2219 333 2279 ltem
358 2219 445 2298 quod
472 2218 547 2298 quia
573 2218 603 2277 in
629 2230 820 2278 testamento
845 2217 969 2278 Nicolai
999 2215 1054 2277 filii
1082 2217 1191 2278 Pauko
1216 2216 1248 2277 id
1273 2217 1417 2278 vidimus

150 2324 318 2402 contineri,
342 2324 429 2404 quod
455 2324 522 2405 ipse
540 2344 637 2384 unam
663 2344 752 2385 suam
774 2325 900 2384 vineam
918 2323 1069 2405 Philippo
1094 2322 1161 2384 filio
1187 2323 1304 2384 medici
1323 2324 1417 2384 dimi·

149 2430 250 2507 sisset,
275 2430 349 2490 ideo
366 2450 425 2490 nos
448 2431 549 2512 ipsam
574 2431 701 2491 vineam
719 2429 823 2491 eidem
843 2429 1056 2511 relinquimus
1078 2428 1321 2510 possidendam,
1338 2443 1417 2490 tem·

150 2555 227 2617 pore
252 2535 409 2614 judicatus
434 2535 509 2598 dicti
536 2537 700 2600 Johannis.

256 2659 333 2721 ltem
359 2661 519 2722 lohannes
543 2661 627 2723 filius
652 2663 806 2726 Hermoni
836 2663 957 2743 juratus
989 2662 1063 2725 lecit
1086 2663 1315 2725 concambium
1341 2682 1415 2724 cum

152 2767 327 2845 Demetrio,
352 2769 472 2829 Jacobo
498 2783 529 2830 et
555 2768 710 2830 Srcherna
729 2769 838 2830 relicta
865 2770 948 2830 Petri
966 2769 1005 2831 de
1029 2769 1243 2831 Hrastouicha
1269 2770 1301 2830 in
1321 2770 1416 2830 vinea

151 2888 182 2934 et
206 2873 318 2952 lund0,
342 2887 485 2955 tempore
511 2874 669 2954 judicatus
694 2876 769 2937 dicti
795 2875 960 2937 Johannis.

259 2979 337 3040 ltcm
370 2981 523 3041 Nicolaus
551 2980 671 3058 juratus
704 2981 836 3041 Mahnin
869 2982 946 3042 emir
978 3001 1078 3042 unum
1111 2979 1247 3042 fundum
1272 3001 1290 3041 a
1316 2982 1416 3045 Here·

152 3085 247 3163 mitis,
272 3100 415 3166 tempore
441 3085 597 3164 judicatus
626 3087 701 3148 dicti
727 3086 893 3151 Johannis.

258 3211 333 3270 ltem
368 3211 452 3272 idem
486 3211 647 3272 lohannes
679 3212 854 3272 modernus
885 3210 980 3290 judex
1013 3225 1043 3272 et
1074 3211 1258 3274 Anthonius
1291 3213 1417 3276 Jursich

152 3318 360 3378 commissarii
394 3317 531 3377 condam
566 3318 706 3395 Mareni,
740 3317 944 3378 medietatem
979 3317 1085 3398 (h)orti
1119 3318 1262 3380 eiusdem
1291 3322 1416 3382 Maroni

152 3423 390 3504 (vendiderunt)
415 3424 549 3484 Nicolao
575 3424 718 3501 Mahnin,
743 3438 887 3504 tempore
912 3423 1070 3503 judicatus
1094 3423 1168 3484 dicti
1194 3425 1364 3489 Johannis.

257 3530 335 3591 ltem
354 3531 509 3591 Martinus
533 3531 609 3589 emir
635 3548 734 3590 unum
764 3528 900 3589 fundum
925 3549 941 3589 a
968 3529 1063 3606 lwan,
1087 3543 1231 3611 tempore
1256 3529 1420 3611 judicatus

152 3636 228 3697 dicti
257 3636 421 3698 Johannis.

258 3741 334 3802 lrem
361 3743 478 3803 Paulus
503 3742 691 3803 Menchicha
716 3742 819 3803 dictus
844 3741 921 3802 emit
945 3759 1043 3801 unam
1072 3740 1198 3801 vineam
1224 3761 1241 3801 a
1267 3742 1417 3806 Fabiano

151 3846 218 3909 filio
244 3849 380 3927 Nicolai,
403 3863 548 3930 tempore
573 3849 730 3928 judicatus
755 3848 830 3908 dicti
856 3847 1020 3908 Johannis.

258 3974 335 4035 ltem
362 3975 472 4035 Petrus
504 3989 534 4036 et
558 3974 709 4052 Crisrlen‚
742 3974 877 4050 institor,
910 3985 1057 4033 emerunt
1087 3991 1186 4033 unum
1212 3970 1352 4035 fundum
1387 3975 1418 4035 in

152 4095 295 4143 castros
331 4082 424 4141 Petro
449 4081 559 4161 longo,
594 4095 738 4163 tempore
764 4079 921 4159 judicatus
958 4079 1033 4139 dicti
1071 4078 1243 4158 johannis,
1278 4080 1311 4140 in
1336 4095 1417 4142 terra

153 4201 259 4249 nostra
283 4187 510 4249 condicionali.

259 4294 335 4354 ltem
361 4294 457 4354 iidem
490 4294 601 4355 Petrus
633 4293 758 4354 institor
790 4305 820 4353 et
852 4292 991 4354 Cristlen
1023 4290 1139 4370 conjux
1162 4311 1231 4368 sua,
1268 4304 1415 4353 emerunt

152 4401 232 4461 duas
263 4401 372 4460 vineas
405 4401 434 4460 in
466 4413 548 4461 terra
589 4413 695 4460 nostra
729 4398 964 4476 condicionali,
997 4416 1094 4458 unam
1126 4417 1143 4457 a
1175 4397 1315 4458 Lucasio
1349 4397 1413 4459 filio

154 4505 276 4566 Malech
302 4519 332 4566 et
362 4506 458 4566 aliam
483 4527 499 4566 a
526 4508 603 4582 Kus,
635 4520 780 4586 tempore
805 4505 963 4584 judicatus
988 4503 1063 4564 dicti
1088 4501 1252 4563 Johannis.

259 4629 335 4689 lrem
362 4630 491 4712 Mathey
508 4630 633 4690 institor
650 4630 726 4690 emit
746 4650 844 4690 unum
864 4628 999 4689 fundum
1027 4628 1057 4687 in
1075 4641 1177 4687 castro
1202 4646 1219 4686 a
1245 4627 1411 4689 Anthonio

153 4737 261 4815 Renis,
285 4750 430 4818 tempore
455 4737 612 4818 judicatus
636 4736 711 4797 dicti
736 4736 900 4797 Johannis.
