3142 5356
569 487 655 545 Anno
677 483 772 566 1489.
798 521 837 531 -
857 501 892 564 3.
908 488 993 564 julii.

588 738 591 744 -
679 700 936 762 Bartholomeus.

680 805 823 871 Mathlto.

683 913 868 996 Gregorius.

682 1021 817 1085 Blasius.
913 1085 915 1088 ,

684 1125 830 1193 Mathias.

682 1235 880 1299 Valentinus.

683 1341 855 1424 Georgius.

681 1449 872 1532 Stephanus.
923 1469 925 1473 ’

680 1556 813 1638 Symon.

623 1687 625 1691 ’
683 1664 811 1727 Blasko.

580 1778 585 1786 '
626 1757 628 1761 ¹
683 1772 820 1834 Marcus.

680 1878 826 1942 Mathias.

683 1985 874 2048 Stanizlaus.

682 2092 845 2156 Nicolaus.

684 2198 812 2262 Paulus.

164 2436 168 2442 '
262 2433 356 2507 Feria
386 2445 485 2526 sexta
516 2439 671 2526 proxima
700 2446 778 2526 post
806 2439 928 2510 sestam
958 2439 1178 2511 visitacionis
1207 2439 1337 2512 illaria·
1399 2525 1400 2528 Ἴ

705 2591 749 2670 (3.
765 2590 867 2673 Jielit).

260 2731 354 2808 Nota,
379 2730 468 2812 quod
493 2732 568 2812 quia
594 2732 715 2794 Fabian
741 2733 849 2795 Mezar
874 2753 932 2815 pro
960 2733 1186 2796 inobedientia
1210 2746 1341 2815 propter
1366 2753 1418 2794 ex·

147 2857 278 2901 cessum
302 2837 391 2919 quod
416 2852 526 2900 contra
551 2840 721 2902 consilium
747 2855 778 2902 et
798 2841 1062 2902 communitatem
1081 2839 1198 2902 lecerat
1222 2831 1368 2922 turpiter,
1386 2855 1418 2903 et

147 2944 355 3024 adjudicatus
378 2965 435 3027 per
466 2946 664 3008 sentenciam
697 2961 732 3008 ut
758 2968 854 3029 supra
885 2949 1037 3030 scriptum
1063 2947 1206 3026 est,>sed
1231 2947 1270 3008 ad
1295 2947 1417 3028 suppli·

147 3051 318 3113 cntionem
334 3067 364 3113 et
378 3052 640 3114 intercessionem
653 3054 886 3116 nonnullorum
904 3055 1053 3116 videlicet
1066 3054 1258 3117 venerabilis
1274 3053 1417 3136 Capituli

150 3157 289 3221 ecclesie
315 3159 531 3238 zagrabiensis
555 3175 586 3221 et
609 3160 747 3222 aliorum
765 3181 802 3222 ex
820 3163 1001 3244 captivitate
1016 3163 1156 3224 emissus
1181 3177 1210 3222 et
1242 3174 1354 3242 expost
1377 3160 1417 3221 ad

147 3265 348 3348 peticionem
366 3265 574 3327 literatotiam
591 3286 627 3328 ac
644 3268 740 3328 verba
758 3287 814 3349 per
832 3283 996 3330 strenuum
1015 3283 1046 3331 et
1062 3269 1228 3350 egregium
1246 3268 1416 3329 dominum

148 3370 282 3434 Petrum
316 3372 466 3456 Bachkay
496 3373 586 3453 regni
621 3373 775 3435 Slauonie
806 3375 997 3436 vicebanum
1028 3376 1061 3436 in
1095 3395 1230 3456 persona
1255 3373 1417 3455 magnifici

149 3479 280 3540 domini
304 3479 405 3540 nostri
428 3479 565 3559 graciosi
598 3479 721 3541 domini
747 3481 867 3543 Mathie
901 3480 1007 3543 Gereb
1039 3501 1212 3562 regnorum
1242 3481 1418 3560 Dalmacie‚

148 3586 290 3648 Croacie
315 3600 347 3646 et
371 3586 543 3648 Sclauonie
568 3587 641 3647 bani
667 3601 725 3649 etc.
752 3588 811 3669 ipsi
840 3588 984 3649 Fabiano
1016 3587 1154 3650 carnifici
1180 3588 1320 3650 totaliter
1343 3570 1416 3667 gra·

147 3694 235 3754 ciam
263 3690 397 3752 fecimus
421 3706 452 3753 et
476 3692 605 3774 culpam
630 3712 760 3754 omnem
790 3695 968 3756 relaxantes
1000 3695 1205 3775 eundemque
1232 3695 1262 3755 in
1287 3713 1420 3755 consot-

146 3802 251 3877 cium‚
275 3798 433 3860 honorem
459 3814 490 3861 et
513 3799 622 3861 locum
650 3801 819 3882 pristinum
845 3815 940 3882 atque
965 3801 1004 3862 ad
1029 3802 1199 3862 consilium
1224 3801 1415 3882 recepimus.

260 3905 339 3967 ltem
365 3924 458 3967 causa
484 3906 566 3967 inter
590 3906 799 3967 Valentinum
816 3907 1018 3968 Nadulenich
1043 3908 1167 3988 pridem
1192 3908 1352 3968 seniorem
1370 3891 1420 3986 in·

146 4014 258 4075 dicem
284 4026 315 4073 et
338 4012 485 4073 similiter
508 4012 717 4075 Valentinum
742 4029 882 4075 sutorem
913 4015 1041 4075 racione
1073 4014 1239 4075 cniusdam
1272 4014 1417 4095 dampni,

145 4120 248 4202 jurati
272 4119 550 4200 adjudicaverunt,
569 4121 657 4201 quod
683 4121 758 4201 quia
783 4122 877 4182 ambe
893 4134 999 4202 partes
1020 4121 1175 4181 miserunt
1198 4140 1231 4181 se
1256 4121 1295 4181 ad
1312 4134 1421 4183 testes.-

149 4226 284 4288 Primus
306 4226 396 4287 testis
419 4225 534 4309 prefati
551 4226 714 4289 Valentini
740 4226 943 4288 Nadulenich
972 4227 1077 4288 taliter
1100 4240 1231 4288 testatus
1245 4240 1312 4304 est,
1329 4227 1419 4308 quod

149 4334 285 4396 luerunt
309 4332 416 4414 aliqua
434 4353 551 4415 pecora
575 4336 634 4395 sub
652 4332 728 4395 feno
746 4334 821 4395 dicti
838 4333 1001 4396 Valentini
1019 4333 1220 4395 Nadulenich
1246 4333 1303 4394 sed
1319 4333 1421 4395 nescit

149 4455 234 4524 quot
259 4459 375 4522 pecora
397 4455 428 4502 et
450 4442 542 4502 cuius
567 4455 676 4518 erant;
701 4461 875 4502 econverso
896 4441 1117 4503 testimonium
1144 4461 1180 4500 ex
1205 4440 1306 4501 altera
1330 4453 1419 4521 parte

149 4547 317 4608 Valentini
341 4547 458 4608 sutoris
481 4561 576 4609 testes
600 4568 634 4609 se
659 4548 797 4609 invicem
822 4547 1099 4608 concordaverunt
1122 4545 1177 4607 tali
1204 4545 1313 4624 modo,
1331 4546 1419 4626 quod

151 4655 233 4715 dum
259 4651 390 4714 luerunt
414 4653 501 4714 ducti
523 4654 563 4715 ad
595 4654 772 4715 videndum
807 4654 996 4735 dampnum,
1029 4653 1161 4732 vestigia
1194 4652 1333 4713 duorum
1366 4671 1419 4734 pe-

151 4759 277 4823 cudum
301 4759 494 4821 invenerunt
517 4773 548 4822 et
570 4779 636 4822 non
660 4760 814 4843 plurium,
838 4775 869 4820 et
893 4760 978 4820 idem
1004 4759 1193 4820 Valentinus
1218 4758 1419 4820 Nadulenich

151 4867 214 4929 tria
240 4884 357 4947 pecora
380 4865 511 4948 insuper
534 4867 664 4948 recepit,
689 4880 720 4928 et
745 4867 821 4928 dum
855 4879 984 4927 venerat
1016 4885 1095 4926 uxor
1118 4864 1232 4946 prefati
1256 4864 1419 4926 Valentini

150 4972 274 5049 autoris
304 4970 344 5038 ad
376 4973 552 5057 petendum
578 4993 701 5059 pecora
733 4993 750 5035 a
783 4973 967 5035 Valentino⁸
987 4972 1192 5043 Nadulenich
1224 4985 1312 5034 tnnc·
1332 4971 1424 5039 idem
