3142 5356
159 361 220 422 282
691 361 777 416 Am
800 368 889 434 1435.

261 573 339 634 ltem
364 572 579 633 communitas
610 570 773 652 quendam
798 568 936 631 fundum
968 586 1106 629 vacuum
1131 580 1164 628 et
1184 565 1349 629 hedificiis
1369 585 1421 648 pe

154 681 240 741 nitus
264 679 453 741 destitutum
487 677 649 760 Symonia
681 676 810 738 Martini
843 690 874 737 et
898 673 1027 736 Thome
1058 672 1203 735 filiorum
1228 672 1361 734 Andree
1393 686 1422 732 et

155 784 356 866 Margarethe
374 784 414 845 de
432 783 592 846 Grathsan
610 784 642 844 in
663 783 735 844 rico
753 783 854 864 ipsius
866 782 1004 843 civitatis
1020 781 1169 843 exteriori
1186 778 1421 861 lutifigulorum

153 894 234 954 inter
251 891 369 954 fundos
394 891 508 952 Briccii
525 890 641 970 judicis
657 905 688 950 et
705 889 860 972 Stephani
877 887 1036 971 pellificis,
1052 907 1151 949 unam
1167 902 1321 970 quartam
1338 887 1421 949 curie

153 1002 184 1062 in
208 1021 242 1062 se
266 1000 498 1076 continentem,
522 1017 618 1079 super
649 997 913 1058 communitatem
948 1015 1006 1078 pro
1030 1015 1097 1056 non
1120 995 1294 1056 solucione
1318 993 1420 1055 dacio

152 1126 223 1168 rum
247 1106 451 1183 devolutum,
476 1104 607 1165 Vrbano
632 1104 760 1165 literato
783 1102 852 1164 filio
870 1103 999 1164 Thome
1023 1101 1268 1162 vitescolastico
1293 1113 1325 1161 et
1348 1118 1420 1161 con·

152 1213 213 1273 civi
238 1225 349 1273 nostro
374 1209 520 1272 vendidit
545 1224 702 1292 perpetuo
726 1208 970 1291 possidendum.

258 1317 337 1379 ltem
362 1332 475 1398 quarta
508 1336 580 1398 pars
612 1315 781 1377 cuiusdam
806 1314 897 1377 fundi
930 1315 1023 1377 vacui
1048 1328 1080 1376 et
1111 1312 1272 1376 hedificiis
1296 1315 1421 1396 penitus

151 1424 313 1502 destituta,
346 1424 378 1484 in
403 1424 530 1484 civitate
562 1423 706 1503 predicta
737 1424 819 1483 inter
850 1421 966 1482 domos
997 1435 1029 1482 et
1056 1419 1175 1482 fundos
1207 1440 1244 1482 ac
1268 1419 1417 1482 hedificia

154 1529 284 1612 Mathye
310 1530 385 1591 dicti
412 1529 531 1590 Farkas
562 1543 593 1590 et
625 1529 756 1590 domine
781 1528 956 1590 Katherine
987 1527 1146 1588 consortis
1168 1547 1225 1588 sue
1259 1527 1362 1589 habiti
1386 1542 1416 1588 et

152 1637 326 1714 existentis,
351 1656 448 1698 unam
473 1635 623 1698 videlicet
644 1650 790 1697 octavam
816 1636 847 1696 in
865 1654 898 1695 se
922 1635 1102 1712 continens,
1119 1634 1299 1696 Benedicto
1315 1634 1417 1715 jurato

152 1757 261 1804 nostro
290 1743 447 1804 moderno
471 1741 539 1803 filio
558 1741 725 1802 Michaelis
741 1761 800 1824 pro
823 1761 877 1802 sex
895 1741 964 1802 flor.
982 1740 1050 1801 auri
1074 1760 1131 1822 per
1149 1740 1300 1801 Vrsulam
1317 1739 1415 1801 tiliam

151 1849 307 1910 Anthonii
324 1849 455 1910 textoris
472 1863 518 1909 est
534 1849 663 1909 vendita
684 1862 840 1930 perpetuo
857 1847 1063 1929 possidenda,
1080 1846 1177 1907 salvis
1190 1861 1301 1910 tamen
1317 1847 1416 1908 tribus

152 1954 295 2032 partibus
312 1953 456 2015 eiusdem
476 1952 579 2031 fundi,
600 1954 701 2014 tribus
727 1953 875 2014 videlicet
898 1953 1018 2014 octavis
1042 1953 1140 2031 curie,
1164 1972 1245 2033 quas
1268 1952 1415 2036 Mathyas

151 2057 272 2138 juratus
296 2074 397 2121 sartor
420 2058 505 2120 filius
530 2059 659 2142 Mathye
684 2060 860 2122 dinoscitur
884 2059 1059 2141 possidere.

258 2164 335 2225 Item
361 2166 576 2226 communitas
608 2167 771 2247 quendam
796 2165 933 2227 fundum
965 2184 1102 2226 vacuum
1126 2179 1158 2227 et
1182 2163 1342 2227 hedificiis
1365 2185 1417 2248 pe-

152 2271 237 2332 nitus
261 2272 450 2332 destitutum
475 2273 506 2332 in
533 2273 659 2334 civitate
690 2273 830 2355 predicta
855 2273 937 2333 inter
953 2272 1088 2333 domum
1111 2286 1272 2334 muratam
1297 2287 1330 2333 et
1346 2271 1416 2334 lun·

152 2377 229 2437 dum
256 2378 352 2439 Blasii
378 2379 573 2456 stacionarii,
598 2380 702 2458 jurati,
727 2380 869 2441 concivis
892 2380 1004 2458 nostri,
1028 2381 1068 2440 ab
1093 2399 1155 2440 una
1180 2393 1283 2460 parte,
1308 2382 1348 2441 ab
1372 2380 1416 2440 al·

151 2498 216 2544 tera
250 2502 326 2544 vero
359 2485 433 2545 Jure
467 2486 506 2546 de
540 2486 704 2566 hlikulych
738 2501 769 2547 et
803 2485 952 2567 Gregorii
988 2485 1027 2546 de
1060 2485 1285 2547 Wlkomerich
1319 2505 1355 2547 ac
1387 2485 1418 2547 in

151 2604 301 2670 postergo
326 2590 443 2651 domus
467 2607 497 2651 et
522 2591 612 2652 fundi
632 2591 779 2673 Gregorii
805 2592 844 2654 de
866 2593 989 2653 Nowalr
1015 2591 1133 2670 habita,
1150 2611 1249 2653 unam
1269 2606 1417 2674 quartam

151 2695 237 2755 curie
263 2696 293 2754 in
319 2715 351 2756 se
376 2698 566 2776 continens,
599 2699 653 2779 qui
687 2698 825 2759 condam
853 2699 1029 2760 liberorum
1063 2698 1160 2759 Blasii
1186 2697 1413 2784 Chesanichyn

155 2799 315 2882 prefuerat
339 2816 369 2862 et
394 2822 488 2884 super
512 2805 776 2865 communitatem
794 2824 851 2886 pro
884 2824 948 2865 non
973 2804 1138 2866 solucione
1163 2803 1333 2866 daciorum
1349 2819 1416 2866 erat

157 2906 339 2986 devolutus,
365 2908 494 2970 Vrbano
520 2909 747 2973 Stanberchich
776 2909 843 2972 filio
875 2911 1009 2973 Fabiani
1043 2924 1154 2972 nostro
1189 2910 1317 2972 concivi
1342 2929 1415 2971 ven·

151 3012 232 3073 didit
256 3028 411 3095 perpetuo
436 3017 677 3096 possidendum.

257 3119 334 3181 Item
361 3120 521 3203 Georgius
546 3124 683 3204 piscator
715 3123 800 3185 filius
825 3124 979 3206 Stephani
1012 3123 1116 3184 dictus
1141 3121 1342 3203 Gurgethek,
1366 3122 1411 3183 di·

150 3240 266 3288 rectam
293 3242 323 3288 et
348 3230 495 3309 equalem
521 3231 728 3292 medietatem
760 3232 926 3293 cuiusdam
951 3230 1079 3308 domus,
1111 3228 1214 3307 fundi,
1240 3230 1350 3292 celarii
1384 3243 1413 3291 et

152 3331 376 3395 hedificiorum
400 3335 429 3397 in
456 3337 527 3397 vico
553 3351 662 3399 nostro
680 3339 829 3399 exteriori
854 3351 999 3399 sutorum
1025 3338 1107 3399 inter
1130 3337 1248 3398 domos
1271 3337 1412 3398 virorum

150 3440 361 3521 providorum
386 3441 542 3503 Anthonii
575 3445 747 3525 occuparis,
782 3447 822 3506 ab
847 3464 921 3523 una,
946 3459 1035 3526 parte
1065 3446 1105 3505 ab
1129 3444 1228 3505 altera
1252 3463 1330 3506 vero
1353 3443 1412 3506 Va·

151 3547 264 3607 lentini
291 3548 423 3609 cultoris
439 3550 630 3610 successoris
651 3551 779 3612 Thome
800 3549 960 3634 Krywych
985 3551 1104 3629 habite,
1121 3551 1309 3633 porcionem
1327 3551 1411 3612 vide-

149 3655 224 3716 licet
248 3674 351 3732 suam,
376 3675 473 3716 unam
506 3670 652 3737 quartam
686 3658 771 3718 curie
796 3658 829 3718 in
861 3677 894 3719 se
924 3657 1154 3735 continentem,
1180 3655 1324 3739 Georgio
1349 3657 1411 3719 bal·

150 3761 272 3822 nestori
299 3762 384 3823 dicto
403 3762 564 3824 Wrabech
589 3761 656 3824 filio
682 3764 785 3825 Mauri
806 3783 864 3846 pro
881 3764 994 3845 viginti
1019 3764 1164 3845 quinque
1182 3763 1251 3826 flor.
1269 3763 1412 3825 vendidit

149 3881 305 3949 perpetuo
332 3869 558 3950 possidendam
591 3890 628 3931 ex
654 3890 811 3932 consensu
844 3871 1025 3932 vicinorum
1058 3870 1278 3953 predictorum
1303 3883 1335 3932 et
1358 3869 1411 3931 do·

153 3974 232 4034 mini
258 3975 413 4036 Anthonii
439 3978 603 4058 presbiteri
629 3977 834 4038 medietatem
852 3977 995 4038 eiusdem
1022 3977 1148 4055 domus,
1173 3975 1277 4055 fundi,
1303 3976 1410 4038 celarii

150 4095 181 4141 et
205 4080 440 4160 hedificiomm,
464 4103 562 4143 unam
587 4084 798 4146 consimiliter
815 4099 961 4165 quartam
990 4085 1077 4146 curie
1102 4085 1134 4145 in
1156 4103 1201 4162 se,
1218 4082 1412 4166 possidentis

149 4187 188 4247 de
213 4188 435 4269 permissione.

255 4294 331 4354 Item
358 4293 512 4355 medietas
536 4297 702 4356 cuiusdam
737 4297 863 4374 domus,
889 4295 991 4374 fundi,
1025 4296 1134 4357 celarii
1159 4297 1360 4358 subterranei
1383 4310 1412 4356 et

148 4398 371 4461 hedificiorum
396 4400 571 4462 incivitate
589 4403 730 4483 predicta
755 4404 836 4463 inter
854 4403 969 4464 domos
994 4417 1025 4464 et
1050 4401 1169 4464 lundos
1186 4404 1313 4465 Nicolai
1331 4403 1410 4465 auri·

149 4505 241 4584 fabri,
274 4526 310 4566 ex
335 4525 398 4566 una
430 4521 529 4588 parte,
554 4521 584 4567 et
610 4509 747 4569 Emerici
780 4510 909 4570 sartoris
933 4523 1022 4591 parte
1055 4528 1094 4571 ert
1118 4509 1217 4571 altera
1250 4509 1359 4572 habite
1382 4523 1412 4570 et

149 4612 320 4690 existentis,
347 4612 438 4673 cuius
462 4613 561 4674 eciam
589 4614 714 4692 domus,
747 4613 849 4692 fundi,
873 4616 979 4677 celarii
1010 4630 1041 4677 et
1065 4614 1291 4679 hedificiorum
1316 4617 1410 4679 aliam

148 4717 352 4780 medietatem
371 4719 523 4781 dominus
548 4719 729 4803 Stephanus
747 4721 885 4782 Farcasii
912 4723 1087 4786 literatorie
1115 4723 1293 4786 dinoscitur
1309 4725 1410 4806 possi·

147 4823 232 4905 dere,
257 4845 319 4907 que
343 4840 409 4889 tota
435 4828 551 4889 domus
584 4829 724 4889 mediam
756 4829 877 4890 curiam
907 4829 1060 4909 continet,
1093 4829 1250 4892 medietas
1275 4845 1310 4892 ut
1340 4850 1411 4914 pre·
