3142 5356
148 464 250 471 ---—--
259 464 272 470 -.
285 460 725 470 ...·—-————-—--.——
739 457 1107 465 .-——--——-.·——-

149 567 321 629 Kstberine
354 586 390 628 ac
421 565 556 626 fluvium
590 564 804 626 Zerbechicza
840 578 871 625 et
903 562 987 623 viam
1020 580 1229 622 communem
1265 560 1415 636 habitam,

148 676 253 737 eidem
280 675 445 737 Demetrio
470 673 574 754 jurato
592 692 629 734 ex
654 692 811 734 consensu
834 671 968 754 predicti
988 669 1107 732 Mathis
1125 671 1245 731 Farkas
1271 669 1414 730 vendidit

146 797 302 864 perpetuo
326 780 555 863 possidendam
590 794 622 841 et
644 779 818 861 superinde
849 793 896 840 est
927 779 1018 840 litera
1042 779 1102 839 sub
1127 776 1284 859 pendenti
1309 775 1415 857 sigillo

147 887 388 949 communitatis
415 899 575 948 emanata.

253 993 331 1054 ltem
354 992 538 1053 Anthonius
555 990 641 1054 filius
656 990 814 1073 Appardi‚
830 990 955 1073 pridem
975 989 1072 1069 judex
1089 1002 1120 1051 et
1136 989 1283 1050 concivis
1300 1002 1417 1064 noster,

147 1099 310 1182 quandam
334 1113 449 1161 terram
474 1118 565 1160 suam
589 1098 742 1160 arabilem
768 1099 800 1160 in
826 1098 961 1159 Tratina
987 1097 1069 1158 inter
1092 1110 1210 1157 terram
1235 1095 1412 1157 liberorum

147 1206 285 1269 condam
310 1205 467 1267 lobannis
490 1203 549 1266 lilii
583 1205 670 1266 Luce
693 1203 824 1266 Bonioli
858 1218 889 1266 et
912 1204 998 1265 viam
1030 1221 1240 1264 communem
1266 1201 1417 1277 habitam,

147 1313 291 1395 quinque
315 1325 350 1374 ut
374 1311 490 1373 dicitur
514 1310 616 1373 dietas
639 1325 721 1372 terre
740 1311 771 1371 in
796 1329 829 1371 se
847 1309 1078 1387 continentem,
1100 1307 1334 1370 Bartholomeo
1354 1307 1416 1368 cul·

146 1419 207 1480 tori
231 1416 299 1478 filio
324 1416 478 1478 lobannis
502 1416 647 1478 vendidit
671 1430 827 1499 perpetuo
855 1415 1090 1498 possidendam
1117 1429 1148 1476 et
1171 1415 1347 1496 superinde
1374 1428 1417 1475 est

147 1524 237 1584 litera
261 1525 321 1585 sub
345 1523 498 1606 pendenti
522 1523 630 1604 sigillo
655 1523 897 1584 communitatis
921 1534 1079 1583 emanata.

252 1629 330 1691 ltem
355 1629 510 1691 medietas
535 1629 702 1690 cuiusdam
720 1629 847 1706 domus,
872 1627 976 1705 fundi,
1000 1627 1108 1689 celarii
1133 1641 1164 1688 et
1189 1625 1416 1688 hedificiorum

148 1736 179 1796 in
204 1736 276 1797 vico
301 1736 401 1817 ipsius
418 1736 555 1797 civitatis
572 1735 720 1796 exteriori
744 1755 801 1796 seu
827 1735 932 1817 platea
949 1733 1182 1795 theuthonicali
1202 1735 1286 1794 inter
1304 1733 1417 1794 domos

148 1855 179 1903 et
203 1840 320 1903 lundos
337 1841 466 1903 Thome
490 1841 608 1903 sutoris
624 1855 655 1902 et
679 1840 834 1902 Anthonii
851 1841 999 1902 similiter
1016 1839 1144 1919 sutoris,
1168 1841 1208 1900 ab
1235 1859 1312 1916 una,
1329 1853 1417 1921 parte

147 1950 187 2008 ab
211 1948 310 2008 altera
332 1967 409 2009 vero
428 1948 589 2009 Dominici
609 1948 717 2029 Popelx
743 1947 861 2026 habite,
879 1967 976 2009 unam
994 1945 1146 2008 videlicet
1162 1961 1312 2027 quartam
1331 1945 1418 2007 curie

148 2068 179 2116 et
201 2054 408 2116 medietatem
432 2067 545 2116 octave
563 2054 594 2115 in
619 2074 652 2116 se
674 2054 853 2132 continens,
873 2053 1003 2114 Thome
1021 2051 1173 2134 lrenipari
1192 2050 1261 2113 filio
1280 2053 1419 2128 Andree,

148 2179 234 2222 novo
258 2161 382 2222 concivi
409 2174 528 2239 nostro,
560 2161 752 2222 Ambrosius
784 2159 924 2242 lrenipar
956 2157 1102 2220 vendidit
1134 2172 1292 2240 perpetuo
1317 2158 1419 2241 possi·

148 2266 287 2328 dendam
323 2280 354 2328 et
378 2266 551 2349 superinde
576 2281 622 2327 est
647 2267 737 2327 litera
765 2268 825 2327 sub
857 2265 1011 2348 pendenti
1035 2263 1144 2345 sigillo
1171 2264 1418 2325 communitatis

148 2387 306 2436 emanata.

254 2478 331 2540 ltem
356 2478 511 2540 medietas
537 2479 704 2541 cuiusdam
728 2479 857 2557 domus,
881 2477 985 2556 fundi,
1003 2479 1112 2540 celarii
1136 2492 1168 2540 et
1192 2474 1420 2538 hedificiorum

149 2585 181 2646 in
199 2585 270 2646 vico
289 2585 388 2668 ipsius
410 2585 547 2646 civitatis
564 2586 712 2647 exteriori
730 2605 786 2646 seu
809 2584 913 2667 platea
931 2584 1184 2646 Theuthouicali
1203 2584 1287 2644 inter
1303 2582 1422 2643 domos

150 2692 247 2753 Blasii
272 2691 365 2773 jurati
390 2705 421 2753 et
446 2691 601 2753 Johannis
624 2691 782 2774 sellipsris
807 2691 926 2769 habite,
952 2711 1049 2754 unam
1067 2705 1215 2773 quartam
1234 2690 1265 2751 in
1291 2710 1325 2751 se
1342 2709 1421 2751 con-

148 2799 264 2876 tinens,
290 2799 407 2879 Egidio
433 2797 582 2880 lrenipari
609 2797 676 2859 filio
694 2797 856 2860 Valentini
881 2811 911 2858 et
930 2797 1105 2880 Elyzabeth
1127 2816 1184 2857 sue
1202 2797 1345 2859 consorti
1364 2816 1422 2877 per

150 2904 354 2965 Franciscum
379 2903 571 2985 lreniparem
596 2917 643 2964 est
674 2903 802 2965 vendita
831 2919 989 2985 perpetuo
1022 2903 1216 2986 possidenda
1251 2904 1312 2963 sub
1337 2922 1418 2983 pen·

149 3009 236 3070 denti
261 3009 368 3090 sigillo
393 3009 645 3071 communitatis.

255 3115 332 3176 ltem
358 3116 502 3176 Andreas
535 3115 613 3176 alias
641 3115 780 3178 carnifex
814 3116 918 3178 dictus
943 3116 1178 3198 Podlrorenyak
1217 3113 1305 3176 filius
1329 3114 1423 3198 Elye‚

150 3221 310 3302 quandam
337 3221 471 3282 domum
495 3241 584 3282 suam
610 3221 706 3282 simul
730 3241 805 3284 cum
830 3222 931 3283 lundo
956 3236 987 3284 et
1014 3221 1171 3284 hedificiis
1196 3221 1228 3282 in
1254 3222 1417 3282 suburbio

150 3328 287 3389 civitatis
311 3328 392 3388 inter
417 3326 535 3388 fundos
568 3329 696 3411 Mathye
723 3328 863 3391 Berthun
896 3343 926 3389 et
951 3328 1085 3410 Georgii
1117 3328 1236 3390 sutoris
1263 3328 1423 3405 habitam,

149 3453 246 3496 unam
271 3448 415 3515 quartam
441 3435 528 3496 curie
553 3435 584 3495 in
608 3456 641 3496 se
665 3437 897 3514 continentem,
930 3455 1003 3497 cum
1028 3436 1181 3497 omnibus
1204 3436 1272 3496 suis
1297 3435 1420 3497 utilita-

150 3542 235 3602 tibus
259 3553 289 3601 et
320 3541 526 3622 pertinenciis
560 3541 716 3601 universis
748 3541 887 3602 lohanni
921 3542 1013 3603 aliter
1046 3542 1130 3603 lwan
1163 3541 1266 3603 sutori
1292 3555 1422 3618 vocato,

149 3667 235 3708 novo
267 3648 391 3708 concivi
417 3661 538 3724 nostro,
560 3646 707 3708 vendidit
738 3662 895 3729 perpetuo
927 3647 1157 3728 possidendam
1189 3661 1221 3708 et
1244 3647 1421 3729 superinde

149 3755 241 3816 litera
265 3755 323 3814 sub
356 3753 508 3835 pendenti
533 3753 641 3834 sigillo
666 3755 905 3814 communitatis
930 3769 977 3816 est
1001 3769 1160 3816 emanata.

256 3860 331 3921 ltem
356 3861 495 3941 quedam
514 3860 640 3936 domus,
666 3858 785 3921 fundus
809 3874 840 3920 et
856 3859 1004 3921 hedificia
1029 3860 1062 3921 in
1087 3861 1170 3921 dicta
1187 3859 1317 3921 civitate
1337 3859 1421 3920 inter

149 3968 264 4029 domos
288 3981 317 4027 et
342 3965 460 4028 fundos
493 3966 584 4027 Pauli
611 3966 776 4028 Decanecz
808 3980 839 4028 et
868 3968 952 4029 Petri
979 3966 1130 4048 lutifiguli
1163 3967 1202 4027 ab
1228 3986 1304 4045 una,
1329 3982 1420 4048 parte

149 4077 189 4135 ab
213 4075 310 4135 altera
335 4093 410 4134 vero
435 4072 560 4134 Nicolai
586 4072 717 4132 cultoris
741 4087 771 4134 et
795 4073 920 4153 Agathe
952 4074 1097 4135 mulieris
1122 4072 1247 4152 habita,
1275 4072 1417 4134 mediam

149 4180 269 4242 curiam
295 4181 324 4241 in
350 4201 384 4241 se
407 4179 584 4255 continens,
610 4193 640 4239 et
671 4179 810 4260 quedam
847 4180 941 4240 vinea
974 4179 1208 4242 condicionalis
1232 4179 1348 4260 partim
1388 4192 1418 4240 et

149 4286 264 4368 partim
289 4286 387 4348 libera
425 4287 456 4346 in
481 4285 643 4346 territorio
668 4285 804 4346 civitatis
838 4286 920 4346 inter
945 4287 1054 4347 vineas
1078 4285 1255 4347 liberorum
1279 4284 1415 4346 condam

151 4395 248 4454 Marci
271 4394 379 4474 generi
407 4393 550 4468 Hermio,
576 4393 615 4452 ab
641 4412 704 4452 una
733 4406 831 4474 parte,
857 4394 895 4452 ab
930 4393 1028 4453 altera
1053 4412 1130 4453 vero
1155 4391 1335 4452 liberorum
1361 4409 1415 4451 seu

149 4520 367 4562 successorum
403 4498 540 4561 condam
568 4498 663 4558 Blasii
696 4499 827 4560 textoris
860 4498 966 4559 habita
1000 4511 1031 4558 et
1063 4499 1212 4575 existens,
1237 4498 1413 4579 desupera

149 4608 199 4668 via
223 4607 387 4668 communi
413 4621 443 4668 et
468 4603 549 4666 infra
575 4624 676 4685 usque
710 4604 850 4665 rivulum
879 4624 912 4666 se
944 4604 1130 4683 extendens,
1156 4601 1330 4693 Anthonio·
1348 4601 1414 4664 filiu

150 4714 232 4775 Petri
258 4713 297 4774 de
321 4714 458 4794 Newgar
482 4733 519 4772 ex
542 4709 712 4772 sufficienti
742 4711 790 4772 sui
809 4711 1081 4793 comprobacione
1105 4711 1137 4771 in
1155 4712 1289 4772 katerno
1307 4722 1415 4771 nostro

149 4821 313 4881 communi
336 4819 480 4900 judiciali
505 4817 701 4898 consignata,
727 4830 774 4878 est
812 4816 986 4878 literatorie
1019 4828 1050 4877 et
1074 4815 1318 4897 privilegialitet
1341 4834 1415 4876 con·
