3142 5356
229 526 285 587 ¹52
598 509 692 566 Anne
716 519 803 582 1505.
830 542 866 550 -
889 519 918 582 7.
944 507 1111 567 novembris.

223 719 307 781 iatus
331 738 407 780 vero
433 718 623 780 Valentinus
646 719 750 804 jurare
775 720 871 781 debet
889 734 1045 799 quantum
1071 718 1175 778 valeat
1200 717 1267 798 ipsa
1291 736 1399 793 vacca,
1424 717 1490 797 ipse

225 825 365 887 famulus
389 827 514 887 solvere
538 840 701 900 teneatur;
734 825 771 885 dc
805 844 870 906 quo
895 824 1114 906 judicio‚'ipse
1141 823 1330 886 Valentinus
1355 841 1421 884 non
1446 837 1491 883 est

224 946 406 1011 contentus,
430 951 558 993 causam
584 932 686 1013 ipsam
714 950 858 992 asserens
889 929 1112 1013 potencialiter
1136 949 1204 992 esse
1229 928 1357 1008 iactam,
1381 928 1492 1012 appel·

224 1039 302 1100 lavit
326 1038 365 1098 ad
390 1038 544 1114 seniores,
569 1037 760 1118 quiquidem
785 1037 929 1098 seniores
956 1037 1077 1118 judices
1101 1035 1381 1117 adjudicacionem
1407 1034 1490 1118 jura·

227 1159 333 1207 torum
360 1143 600 1205 confirmarunt.

350 1345 446 1418 Faria
474 1345 581 1418 tercia
612 1350 643 1417 in
672 1347 822 1436 profesto
850 1349 940 1418 beati
970 1345 1111 1419 Emerici
1140 1347 1358 1419 confessoris.

732 1497 778 1578 (4.
802 1499 989 1570 novembres).

333 1642 491 1703 Dominus
516 1642 706 1703 Dominicus
730 1641 857 1723 (rector)
878 1641 1046 1723 hospitalis
1071 1656 1181 1703 contra
1206 1642 1335 1703 Petrum
1362 1641 1496 1724 llychky

228 1749 333 1832 primo
358 1748 471 1809 citatus
494 1768 558 1809 non
585 1748 773 1829 comparuit.

333 1855 408 1915 ltem
443 1854 605 1915 lohannes
638 1854 781 1936 Posegay
814 1867 923 1913 contra
948 1854 1118 1915 Nicolaum
1153 1853 1351 1935 merzloltlep
1384 1853 1493 1935 primo

231 1963 344 2024 citatus
368 1980 431 2021 non
458 1960 648 2042 comparuit.

334 2068 410 2130 ltem
437 2067 563 2128 Marcus
588 2067 731 2148 Posegay
756 2081 865 2128 contra
890 2063 1095 2127 Demetrium
1124 2066 1294 2152 Rybarych
1320 2067 1427 2149 primo
1453 2067 1496 2127 ci-

228 2189 311 2237 tatus
336 2194 399 2234 non
426 2174 615 2254 comparuit.

333 2280 439 2342 Causa
470 2280 551 2340 inter
584 2280 703 2339 Lucam
738 2271 879 2339 sutorem
915 2279 955 2341 de
988 2279 1149 2340 Zamobor
1182 2294 1212 2341 et
1244 2279 1426 2340 lobannem
1459 2299 1497 2340 ac

231 2389 349 2450 Lucam
375 2400 498 2447 sutores
515 2386 643 2447 racione
659 2386 829 2447 traccionis
850 2400 880 2447 et
897 2387 937 2447 ad
956 2400 1070 2449 terram
1090 2386 1317 2473 prostrationis
1342 2386 1374 2446 in
1392 2385 1495 2447 domo

228 2496 328 2556 libera
353 2507 383 2554 et
408 2494 439 2553 in
464 2492 617 2554 thaberna
651 2494 772 2573 absque
801 2493 895 2574 culpa
926 2512 993 2571 sua,
1016 2508 1111 2574 prout
1135 2506 1230 2555 testes
1259 2493 1493 2574 deposuerunt,

227 2601 320 2683 jurati
345 2599 571 2679 adjudicarunt
595 2618 649 2659 eos
681 2599 845 2665 convictos
874 2614 984 2660 contra
1017 2599 1156 2660 eundem
1190 2598 1358 2659 indecem
1385 2598 1497 2680 pensis

228 2707 446 2784 denariorum,
470 2706 568 2786 judici
601 2726 676 2767 vero
709 2706 741 2766 in
775 2721 903 2768 centum
938 2707 1094 2781 denariis;
1120 2706 1250 2787 dequo
1282 2705 1404 2786 judicio
1428 2725 1496 2766 uon

228 2828 301 2875 sunt
325 2814 467 2874 contenti
492 2832 619 2873 causam
655 2812 756 2894 ipsam
788 2813 1032 2894 appellaverunt
1057 2812 1096 2873 ad
1129 2813 1272 2873 seniores
1294 2809 1428 2892 judices.
1456 2847 1496 2856 —

229 2919 380 2982 Seniores
404 2918 525 2997 judices
542 2916 697 3000 prefatam
722 2938 849 2979 causam
872 2918 912 2980 ad
930 2919 1074 2999 quinque
1099 2912 1214 3000 pensas
1229 2917 1499 2999 adjudicaverunt

228 3046 265 3088 ex
291 3045 356 3108 quo
381 3040 428 3087 est
445 3039 630 3100 extraneus;
655 3024 768 3107 prelati
794 3045 870 3086 vero
889 3025 1051 3086 lohannes
1069 3038 1099 3086 et
1117 3025 1220 3086 Lucas
1244 3039 1368 3086 sutores
1384 3024 1498 3107 appel·

229 3133 379 3195 laverunt
402 3132 441 3193 ad
467 3132 655 3212 magistrum
680 3131 959 3193 tbawernicorum.
1470 3130 1474 3134 ’

336 3239 441 3301 Causa
466 3239 547 3299 inter
573 3237 749 3318 Georgium
768 3238 1016 3299 inhabitatorem
1040 3236 1191 3299 territorii
1210 3237 1310 3298 nostri
1334 3251 1365 3298 et
1390 3236 1498 3298 Math-

232 3349 349 3409 ltonem
375 3345 604 3428 Pongrachych
630 3347 757 3406 racione
776 3346 940 3406 cuiusdam
956 3344 1060 3423 fovee,
1078 3365 1175 3426 quam
1198 3345 1264 3426 ipse
1291 3342 1372 3405 fodit
1395 3363 1499 3426 penes

231 3454 315 3514 viam
340 3454 503 3536 publicam
528 3467 559 3514 et
584 3453 614 3512 in
647 3472 743 3534 quam
778 3472 871 3512 vacca
900 3473 956 3513 sua
989 3453 1103 3513 cecidit
1127 3465 1158 3514 et
1189 3465 1396 3527 mortuaest,
1423 3451 1497 3512 nul-

230 3561 363 3640 lumque
387 3559 564 3640 dampnum
590 3559 696 3619 eidem
722 3557 806 3635 iecit,
831 3579 928 3639 quam
955 3558 1062 3619 iovem
1088 3559 1112 3619 si
1139 3557 1220 3619 fodit
1242 3578 1301 3639 pro
1328 3557 1499 3638 capiendis

230 3665 406 3747 leporibus,
430 3664 592 3726 debuisset
617 3684 686 3725 eam
712 3666 860 3726 claudere
895 3680 926 3727 et
951 3666 1099 3726 ordinare
1124 3665 1301 3726 secundum
1326 3678 1498 3726 consvetu-

230 3772 339 3833 dinem
365 3772 498 3832 aliarum
526 3770 703 3847 fovearum,
728 3771 820 3850 jurati
844 3772 1118 3850 adjudicaverunt,
1143 3771 1231 3852 quod
1257 3771 1324 3852 ipse
1350 3768 1498 3833 thrlto

230 3877 268 3938 ad
296 3876 406 3938 leriam
432 3891 551 3938 sextam
577 3878 721 3958 proxime
754 3893 919 3938 venturam
954 3879 1056 3961 jurare
1082 3877 1213 3938 debebit
1243 3890 1400 3958 quantum
1427 3877 1498 3957 ipsa

230 4004 324 4044 vacca
350 3983 477 4044 valebat
501 3998 531 4043 et
557 3984 623 4064 ipse
642 3983 773 4044 Mathlto
798 3985 922 4045 solvere
939 3985 1071 4060 debeat;
1100 3982 1241 4065 prelatus
1267 4002 1342 4045 vero
1362 3983 1499 4046 Mathlto

232 4110 297 4150 non
323 4102 492 4150 contentus
516 4090 690 4170 appellavit
713 4091 751 4150 ad
776 4091 928 4152 seniores.

338 4197 488 4259 Seniores
501 4197 622 4278 judices
644 4217 770 4258 causam
788 4199 1004 4279 supradictam
1022 4198 1127 4258 taliter
1151 4196 1386 4273 adjudicarunt,
1405 4199 1498 4278 quod

232 4302 318 4364 idem
338 4302 498 4383 Georgius
516 4323 572 4384 pro
591 4324 684 4364 vacca
702 4325 757 4364 sua
777 4304 874 4365 nichil
900 4305 1014 4364 debeat
1032 4303 1147 4364 habere
1166 4304 1205 4364 ab
1224 4304 1293 4384 ipso
1319 4302 1499 4365 Mathltone

232 4430 269 4470 ex
291 4429 356 4490 quo
377 4410 436 4470 sibi
459 4410 580 4472 dixerat
602 4411 736 4472 eandem
760 4409 885 4471 foveam
908 4431 1004 4492 quam
1026 4410 1160 4488 foderat,
1179 4429 1242 4472 non
1260 4411 1392 4472 curavit.
1418 4414 1499 4489 (sic).

232 4609 329 4680 Feria
368 4619 466 4681 sexta
505 4611 658 4700 proxima
697 4621 774 4700 post
812 4613 933 4683 festum
971 4611 1060 4684 beati
1088 4613 1250 4686 leonardi
1281 4613 1500 4686 contessoris.

733 4747 775 4823 (7.
800 4748 988 4823 nottrmbrt's).

341 4871 468 4931 Marcus
493 4870 635 4954 Posegay
660 4871 699 4930 ad
724 4871 863 4951 primum
888 4871 1043 4951 judicium
1069 4885 1178 4932 contra
1204 4871 1406 4934 Demetrium
1431 4873 1500 4957 Ry-

235 4974 354 5058 barych
381 4977 574 5059 respondere
599 4977 738 5039 debebit.
763 5013 802 5020 —
830 4977 987 5038 Fecerunt
1010 4997 1133 5060 pacem.
