<?xml version="1.0" encoding="UTF-8"?>
<!DOCTYPE html PUBLIC "-//W3C//DTD XHTML 1.0 Transitional//EN"
    "http://www.w3.org/TR/xhtml1/DTD/xhtml1-transitional.dtd">
<html xmlns="http://www.w3.org/1999/xhtml" xml:lang="en" lang="en">
 <head>
  <title>
</title>
<meta http-equiv="Content-Type" content="text/html;charset=utf-8" />
  <meta name='ocr-system' content='tesseract 3.04.00' />
  <meta name='ocr-capabilities' content='ocr_page ocr_carea ocr_par ocr_line ocrx_word'/>
</head>
<body>
  <div class='ocr_page' id='page_1' title='image "./monumentahistor17laszgoog_0286.png"; bbox 0 0 3156 5364; ppageno 0'>
   <div class='ocr_carea' id='block_1_1' title="bbox 482 501 1329 579">
    <p class='ocr_par' dir='ltr' id='par_1_1' title="bbox 482 501 1329 579">
     <span class='ocr_line' id='line_1_1' title="bbox 482 501 1329 579; baseline 0 -21"><span class='ocrx_word' id='word_1_1' title='bbox 482 501 679 576; x_wconf 72' lang='lat' dir='ltr'><strong>Ann01524.</strong></span> <span class='ocrx_word' id='word_1_2' title='bbox 705 532 746 541; x_wconf 95' lang='lat'><strong>—</strong></span> <span class='ocrx_word' id='word_1_3' title='bbox 769 512 820 574; x_wconf 79' lang='lat'><strong>29.</strong></span> <span class='ocrx_word' id='word_1_4' title='bbox 837 501 922 575; x_wconf 82' lang='lat' dir='ltr'><strong>julii.</strong></span> <span class='ocrx_word' id='word_1_5' title='bbox 1268 515 1306 579; x_wconf 80' lang='lat'><strong>23</strong></span> <span class='ocrx_word' id='word_1_6' title='bbox 1313 518 1329 578; x_wconf 89' lang='lat'>3</span> 
     </span>
    </p>
   </div>
   <div class='ocr_carea' id='block_1_2' title="bbox 71 607 872 617">
    <p class='ocr_par' dir='ltr' id='par_1_2' title="bbox 71 607 872 617">
     <span class='ocr_line' id='line_1_2' title="bbox 71 607 872 617; baseline -0.005 0"><span class='ocrx_word' id='word_1_7' title='bbox 71 607 438 617; x_wconf 43' lang='lat'>*-—...—.-—-</span> <span class='ocrx_word' id='word_1_8' title='bbox 469 607 567 612; x_wconf 82' lang='lat'><em>-———·-</em></span> <span class='ocrx_word' id='word_1_9' title='bbox 591 607 630 611; x_wconf 89' lang='lat'>--——</span> <span class='ocrx_word' id='word_1_10' title='bbox 642 607 736 612; x_wconf 65' lang='lat'>---——</span> <span class='ocrx_word' id='word_1_11' title='bbox 761 607 872 613; x_wconf 54' lang='grc'><strong>..-</strong></span> 
     </span>
    </p>
   </div>
   <div class='ocr_carea' id='block_1_3' title="bbox 71 709 1330 1009">
    <p class='ocr_par' dir='ltr' id='par_1_3' title="bbox 71 709 1330 1009">
     <span class='ocr_line' id='line_1_3' title="bbox 71 709 1330 795; baseline -0.006 -19"><span class='ocrx_word' id='word_1_12' title='bbox 71 732 144 791; x_wconf 75' lang='grc' dir='ltr'><strong>ἐτε,</strong></span> <span class='ocrx_word' id='word_1_13' title='bbox 159 714 323 791; x_wconf 49' lang='lat' dir='ltr'><strong>,dominus</strong></span> <span class='ocrx_word' id='word_1_14' title='bbox 347 714 441 794; x_wconf 86' lang='lat' dir='ltr'><strong>judex</strong></span> <span class='ocrx_word' id='word_1_15' title='bbox 467 713 611 795; x_wconf 89' lang='lat' dir='ltr'><strong>partibus</strong></span> <span class='ocrx_word' id='word_1_16' title='bbox 632 714 670 772; x_wconf 87' lang='lat' dir='ltr'><strong>ad</strong></span> <span class='ocrx_word' id='word_1_17' title='bbox 697 712 898 794; x_wconf 90' lang='lat' dir='ltr'><strong>probandum</strong></span> <span class='ocrx_word' id='word_1_18' title='bbox 918 726 948 772; x_wconf 91' lang='lat' dir='ltr'><strong>et</strong></span> <span class='ocrx_word' id='word_1_19' title='bbox 972 709 1216 792; x_wconf 91' lang='lat' dir='ltr'><strong>producendum</strong></span> <span class='ocrx_word' id='word_1_20' title='bbox 1235 723 1330 770; x_wconf 87' lang='lat' dir='ltr'><strong>testes</strong></span> 
     </span>
     <span class='ocr_line' id='line_1_4' title="bbox 71 817 1326 902; baseline -0.002 -24"><span class='ocrx_word' id='word_1_21' title='bbox 71 822 205 883; x_wconf 81' lang='lat' dir='ltr'><strong>&gt;rimam</strong></span> <span class='ocrx_word' id='word_1_22' title='bbox 231 820 317 882; x_wconf 91' lang='lat' dir='ltr'><strong>diem</strong></span> <span class='ocrx_word' id='word_1_23' title='bbox 341 820 509 902; x_wconf 84' lang='lat' dir='ltr'>juridicam</span> <span class='ocrx_word' id='word_1_24' title='bbox 535 818 685 879; x_wconf 89' lang='lat' dir='ltr'><strong>videlicet</strong></span> <span class='ocrx_word' id='word_1_25' title='bbox 710 817 822 880; x_wconf 91' lang='lat' dir='ltr'><strong>leriam</strong></span> <span class='ocrx_word' id='word_1_26' title='bbox 847 831 967 880; x_wconf 84' lang='lat' dir='ltr'>sextam</span> <span class='ocrx_word' id='word_1_27' title='bbox 992 817 1136 899; x_wconf 81' lang='lat' dir='ltr'>proxime</span> <span class='ocrx_word' id='word_1_28' title='bbox 1161 829 1326 876; x_wconf 87' lang='lat' dir='ltr'><strong>venturam</strong></span> 
     </span>
     <span class='ocr_line' id='line_1_5' title="bbox 71 925 505 1009; baseline -0.002 -22"><span class='ocrx_word' id='word_1_29' title='bbox 71 925 248 1008; x_wconf 85' lang='lat' dir='ltr'><strong>lesignavit</strong></span> <span class='ocrx_word' id='word_1_30' title='bbox 273 946 330 1009; x_wconf 90' lang='lat' dir='ltr'><strong>pro</strong></span> <span class='ocrx_word' id='word_1_31' title='bbox 355 926 505 988; x_wconf 91' lang='lat' dir='ltr'><strong>termino.</strong></span> 
     </span>
    </p>
   </div>
   <div class='ocr_carea' id='block_1_4' title="bbox 105 1163 1285 1394">
    <p class='ocr_par' dir='ltr' id='par_1_4' title="bbox 105 1163 1285 1394">
     <span class='ocr_line' id='line_1_6' title="bbox 105 1163 1285 1254; baseline -0.002 -18"><span class='ocrx_word' id='word_1_32' title='bbox 105 1164 205 1237; x_wconf 75' lang='lat' dir='ltr'><strong>Feria</strong></span> <span class='ocrx_word' id='word_1_33' title='bbox 235 1173 332 1237; x_wconf 86' lang='lat' dir='ltr'><strong>sexta</strong></span> <span class='ocrx_word' id='word_1_34' title='bbox 358 1163 511 1254; x_wconf 86' lang='lat' dir='ltr'><strong>proxima</strong></span> <span class='ocrx_word' id='word_1_35' title='bbox 540 1174 616 1253; x_wconf 88' lang='lat' dir='ltr'><strong>post</strong></span> <span class='ocrx_word' id='word_1_36' title='bbox 655 1164 777 1235; x_wconf 86' lang='lat' dir='ltr'><strong>festum</strong></span> <span class='ocrx_word' id='word_1_37' title='bbox 807 1165 896 1234; x_wconf 90' lang='lat' dir='ltr'><strong>beati</strong></span> <span class='ocrx_word' id='word_1_38' title='bbox 927 1164 1031 1234; x_wconf 83' lang='lat' dir='ltr'><strong>Marci</strong></span> <span class='ocrx_word' id='word_1_39' title='bbox 1061 1164 1285 1252; x_wconf 76' lang='lat' dir='ltr'><strong>ewangeliste.</strong></span> 
     </span>
     <span class='ocr_line' id='line_1_7' title="bbox 593 1319 810 1394; baseline 0.018 -20"><span class='ocrx_word' id='word_1_40' title='bbox 593 1332 657 1394; x_wconf 86' lang='lat'><em>(29.</em></span> <span class='ocrx_word' id='word_1_41' title='bbox 682 1319 810 1392; x_wconf 74' lang='lat' dir='ltr'><strong>aprilr&#39;s).</strong></span> 
     </span>
    </p>
   </div>
   <div class='ocr_carea' id='block_1_5' title="bbox 172 1459 1333 1541">
    <p class='ocr_par' dir='ltr' id='par_1_5' title="bbox 172 1459 1333 1541">
     <span class='ocr_line' id='line_1_8' title="bbox 172 1459 1333 1541; baseline -0.003 -20"><span class='ocrx_word' id='word_1_42' title='bbox 172 1459 334 1541; x_wconf 83' lang='lat' dir='ltr'><strong>Georgius</strong></span> <span class='ocrx_word' id='word_1_43' title='bbox 360 1460 485 1520; x_wconf 88' lang='lat' dir='ltr'><strong>Maxian</strong></span> <span class='ocrx_word' id='word_1_44' title='bbox 505 1461 544 1520; x_wconf 90' lang='lat' dir='ltr'><strong>ad</strong></span> <span class='ocrx_word' id='word_1_45' title='bbox 566 1460 753 1521; x_wconf 81' lang='lat' dir='ltr'><strong>instanciam</strong></span> <span class='ocrx_word' id='word_1_46' title='bbox 772 1459 899 1520; x_wconf 87' lang='lat' dir='ltr'><strong>Nicolai</strong></span> <span class='ocrx_word' id='word_1_47' title='bbox 924 1478 1035 1540; x_wconf 88' lang='lat' dir='ltr'><strong>sporar</strong></span> <span class='ocrx_word' id='word_1_48' title='bbox 1052 1459 1195 1521; x_wconf 89' lang='lat' dir='ltr'><strong>secundo</strong></span> <span class='ocrx_word' id='word_1_49' title='bbox 1220 1459 1333 1521; x_wconf 86' lang='lat' dir='ltr'><strong>citatus</strong></span> 
     </span>
    </p>
   </div>
   <div class='ocr_carea' id='block_1_6' title="bbox 71 1568 1333 1754">
    <p class='ocr_par' dir='ltr' id='par_1_6' title="bbox 71 1568 1333 1754">
     <span class='ocr_line' id='line_1_9' title="bbox 71 1568 347 1648; baseline 0.004 -20"><span class='ocrx_word' id='word_1_50' title='bbox 71 1588 128 1631; x_wconf 79' lang='lat' dir='ltr'><strong>ion</strong></span> <span class='ocrx_word' id='word_1_51' title='bbox 156 1568 347 1648; x_wconf 83' lang='lat' dir='ltr'>comparuit.</span> 
     </span>
     <span class='ocr_line' id='line_1_10' title="bbox 171 1670 1333 1754; baseline -0.003 -20"><span class='ocrx_word' id='word_1_52' title='bbox 171 1672 250 1734; x_wconf 89' lang='lat' dir='ltr'><strong>Item</strong></span> <span class='ocrx_word' id='word_1_53' title='bbox 278 1672 440 1733; x_wconf 88' lang='lat' dir='ltr'><strong>Dorothea</strong></span> <span class='ocrx_word' id='word_1_54' title='bbox 478 1672 680 1754; x_wconf 84' lang='lat' dir='ltr'><strong>chhychna</strong></span> <span class='ocrx_word' id='word_1_55' title='bbox 705 1672 745 1733; x_wconf 90' lang='lat' dir='ltr'><strong>ad</strong></span> <span class='ocrx_word' id='word_1_56' title='bbox 777 1672 967 1733; x_wconf 79' lang='lat' dir='ltr'><strong>instanciam</strong></span> <span class='ocrx_word' id='word_1_57' title='bbox 999 1671 1155 1732; x_wconf 83' lang='lat' dir='ltr'><strong>iohannis</strong></span> <span class='ocrx_word' id='word_1_58' title='bbox 1186 1670 1333 1754; x_wconf 90' lang='lat' dir='ltr'><strong>Zperday</strong></span> 
     </span>
    </p>
   </div>
   <div class='ocr_carea' id='block_1_7' title="bbox 71 1779 595 1861">
    <p class='ocr_par' dir='ltr' id='par_1_7' title="bbox 71 1779 595 1861">
     <span class='ocr_line' id='line_1_11' title="bbox 71 1779 595 1861; baseline 0.01 -24"><span class='ocrx_word' id='word_1_59' title='bbox 71 1781 172 1843; x_wconf 70' lang='lat' dir='ltr'><strong>trimo</strong></span> <span class='ocrx_word' id='word_1_60' title='bbox 197 1779 291 1841; x_wconf 89' lang='lat' dir='ltr'><strong>citata</strong></span> <span class='ocrx_word' id='word_1_61' title='bbox 316 1798 380 1841; x_wconf 91' lang='lat' dir='ltr'><strong>non</strong></span> <span class='ocrx_word' id='word_1_62' title='bbox 406 1780 595 1861; x_wconf 90' lang='lat' dir='ltr'><strong>comparuit.</strong></span> 
     </span>
    </p>
   </div>
   <div class='ocr_carea' id='block_1_8' title="bbox 117 2011 1278 2107">
    <p class='ocr_par' dir='ltr' id='par_1_8' title="bbox 117 2011 1278 2107">
     <span class='ocr_line' id='line_1_12' title="bbox 117 2011 1278 2107; baseline -0.003 -17"><span class='ocrx_word' id='word_1_63' title='bbox 117 2017 218 2090; x_wconf 82' lang='lat' dir='ltr'><strong>Faria</strong></span> <span class='ocrx_word' id='word_1_64' title='bbox 248 2027 345 2088; x_wconf 87' lang='lat' dir='ltr'><strong>sexta</strong></span> <span class='ocrx_word' id='word_1_65' title='bbox 373 2011 526 2107; x_wconf 86' lang='lat' dir='ltr'><strong>proxima</strong></span> <span class='ocrx_word' id='word_1_66' title='bbox 557 2025 632 2106; x_wconf 87' lang='lat' dir='ltr'><strong>post</strong></span> <span class='ocrx_word' id='word_1_67' title='bbox 666 2017 787 2088; x_wconf 87' lang='lat' dir='ltr'><strong>festam</strong></span> <span class='ocrx_word' id='word_1_68' title='bbox 818 2019 914 2089; x_wconf 87' lang='lat' dir='ltr'><strong>beate</strong></span> <span class='ocrx_word' id='word_1_69' title='bbox 945 2016 1047 2088; x_wconf 81' lang='lat' dir='ltr'><strong>llatie</strong></span> <span class='ocrx_word' id='word_1_70' title='bbox 1076 2018 1278 2105; x_wconf 85' lang='lat' dir='ltr'><strong>Magdalene.</strong></span> 
     </span>
    </p>
   </div>
   <div class='ocr_carea' id='block_1_9' title="bbox 71 2169 1334 5057">
    <p class='ocr_par' dir='ltr' id='par_1_9' title="bbox 602 2169 787 2251">
     <span class='ocr_line' id='line_1_13' title="bbox 602 2169 787 2251; baseline 0.027 -24"><span class='ocrx_word' id='word_1_71' title='bbox 602 2176 669 2249; x_wconf 81' lang='lat'><em>(29.</em></span> <span class='ocrx_word' id='word_1_72' title='bbox 686 2169 787 2251; x_wconf 71' lang='lat' dir='ltr'><strong>julie).</strong></span> 
     </span>
    </p>

    <p class='ocr_par' dir='ltr' id='par_1_10' title="bbox 173 2309 1158 2394">
     <span class='ocr_line' id='line_1_14' title="bbox 173 2309 1158 2394; baseline 0.002 -22"><span class='ocrx_word' id='word_1_73' title='bbox 173 2309 337 2372; x_wconf 88' lang='lat' dir='ltr'><strong>Dorothea</strong></span> <span class='ocrx_word' id='word_1_74' title='bbox 362 2309 566 2394; x_wconf 89' lang='lat' dir='ltr'><strong>chhychna</strong></span> <span class='ocrx_word' id='word_1_75' title='bbox 591 2311 733 2373; x_wconf 88' lang='lat' dir='ltr'><strong>secundo</strong></span> <span class='ocrx_word' id='word_1_76' title='bbox 757 2313 852 2374; x_wconf 89' lang='lat' dir='ltr'><strong>citata</strong></span> <span class='ocrx_word' id='word_1_77' title='bbox 877 2332 942 2373; x_wconf 90' lang='lat' dir='ltr'><strong>non</strong></span> <span class='ocrx_word' id='word_1_78' title='bbox 968 2312 1158 2394; x_wconf 87' lang='lat' dir='ltr'><strong>comparuit.</strong></span> 
     </span>
    </p>

    <p class='ocr_par' dir='ltr' id='par_1_11' title="bbox 71 2416 1334 3778">
     <span class='ocr_line' id='line_1_15' title="bbox 174 2416 1333 2496; baseline 0 -18"><span class='ocrx_word' id='word_1_79' title='bbox 174 2416 252 2478; x_wconf 91' lang='lat' dir='ltr'><strong>ltem</strong></span> <span class='ocrx_word' id='word_1_80' title='bbox 279 2417 392 2480; x_wconf 88' lang='lat' dir='ltr'><strong>eadem</strong></span> <span class='ocrx_word' id='word_1_81' title='bbox 418 2418 469 2478; x_wconf 91' lang='lat' dir='ltr'><strong>die</strong></span> <span class='ocrx_word' id='word_1_82' title='bbox 496 2418 526 2478; x_wconf 91' lang='lat' dir='ltr'><strong>in</strong></span> <span class='ocrx_word' id='word_1_83' title='bbox 553 2438 646 2479; x_wconf 85' lang='lat' dir='ltr'><strong>causa</strong></span> <span class='ocrx_word' id='word_1_84' title='bbox 680 2418 761 2479; x_wconf 92' lang='lat' dir='ltr'><strong>inter</strong></span> <span class='ocrx_word' id='word_1_85' title='bbox 790 2419 987 2480; x_wconf 76' lang='lat' dir='ltr'>Dorotheum</span> <span class='ocrx_word' id='word_1_86' title='bbox 1021 2438 1152 2480; x_wconf 86' lang='lat' dir='ltr'><strong>uxorem</strong></span> <span class='ocrx_word' id='word_1_87' title='bbox 1179 2416 1333 2496; x_wconf 85' lang='lat' dir='ltr'><strong>Stephani</strong></span> 
     </span>
     <span class='ocr_line' id='line_1_16' title="bbox 71 2524 1331 2604; baseline -0.004 -14"><span class='ocrx_word' id='word_1_88' title='bbox 71 2526 201 2590; x_wconf 78' lang='lat' dir='ltr'><strong>[almar</strong></span> <span class='ocrx_word' id='word_1_89' title='bbox 232 2538 263 2585; x_wconf 90' lang='lat' dir='ltr'><strong>et</strong></span> <span class='ocrx_word' id='word_1_90' title='bbox 295 2524 429 2586; x_wconf 87' lang='lat' dir='ltr'><strong>Elenam</strong></span> <span class='ocrx_word' id='word_1_91' title='bbox 462 2544 605 2587; x_wconf 91' lang='lat' dir='ltr'><strong>sororem</strong></span> <span class='ocrx_word' id='word_1_92' title='bbox 639 2525 784 2586; x_wconf 89' lang='lat' dir='ltr'><strong>eiusdem</strong></span> <span class='ocrx_word' id='word_1_93' title='bbox 817 2540 852 2587; x_wconf 94' lang='lat' dir='ltr'><strong>ut</strong></span> <span class='ocrx_word' id='word_1_94' title='bbox 883 2527 1024 2604; x_wconf 88' lang='lat' dir='ltr'><strong>actrices,</strong></span> <span class='ocrx_word' id='word_1_95' title='bbox 1058 2539 1088 2587; x_wconf 93' lang='lat' dir='ltr'><strong>et</strong></span> <span class='ocrx_word' id='word_1_96' title='bbox 1120 2524 1331 2586; x_wconf 86' lang='lat' dir='ltr'><strong>Katherinam</strong></span> 
     </span>
     <span class='ocr_line' id='line_1_17' title="bbox 71 2630 1332 2713; baseline -0.003 -18"><span class='ocrx_word' id='word_1_97' title='bbox 71 2649 199 2695; x_wconf 72' lang='lat' dir='ltr'><strong>tuorem</strong></span> <span class='ocrx_word' id='word_1_98' title='bbox 226 2630 394 2692; x_wconf 81' lang='lat' dir='ltr'><strong>Laurentii</strong></span> <span class='ocrx_word' id='word_1_99' title='bbox 420 2631 558 2712; x_wconf 90' lang='lat' dir='ltr'><strong>Repecz,</strong></span> <span class='ocrx_word' id='word_1_100' title='bbox 583 2645 617 2692; x_wconf 95' lang='lat' dir='ltr'><strong>ut</strong></span> <span class='ocrx_word' id='word_1_101' title='bbox 639 2651 725 2692; x_wconf 90' lang='lat' dir='ltr'><strong>ream</strong></span> <span class='ocrx_word' id='word_1_102' title='bbox 750 2645 839 2713; x_wconf 88' lang='lat' dir='ltr'><strong>parte</strong></span> <span class='ocrx_word' id='word_1_103' title='bbox 862 2632 902 2692; x_wconf 86' lang='lat' dir='ltr'><strong>ab</strong></span> <span class='ocrx_word' id='word_1_104' title='bbox 920 2632 1029 2709; x_wconf 89' lang='lat' dir='ltr'><strong>altera,</strong></span> <span class='ocrx_word' id='word_1_105' title='bbox 1054 2631 1182 2693; x_wconf 87' lang='lat' dir='ltr'><strong>racione</strong></span> <span class='ocrx_word' id='word_1_106' title='bbox 1207 2646 1238 2692; x_wconf 91' lang='lat' dir='ltr'><strong>et</strong></span> <span class='ocrx_word' id='word_1_107' title='bbox 1262 2650 1332 2712; x_wconf 87' lang='lat' dir='ltr'><strong>pre-</strong></span> 
     </span>
     <span class='ocr_line' id='line_1_18' title="bbox 71 2733 1332 2819; baseline -0.003 -17"><span class='ocrx_word' id='word_1_108' title='bbox 71 2753 152 2802; x_wconf 82' lang='lat' dir='ltr'><strong>extu</strong></span> <span class='ocrx_word' id='word_1_109' title='bbox 179 2750 337 2800; x_wconf 87' lang='lat' dir='ltr'><strong>certarum</strong></span> <span class='ocrx_word' id='word_1_110' title='bbox 363 2733 567 2799; x_wconf 83' lang='lat' dir='ltr'><strong>infamiarum</strong></span> <span class='ocrx_word' id='word_1_111' title='bbox 594 2751 624 2798; x_wconf 89' lang='lat' dir='ltr'><strong>et</strong></span> <span class='ocrx_word' id='word_1_112' title='bbox 649 2738 810 2819; x_wconf 86' lang='lat' dir='ltr'><strong>vituperii,</strong></span> <span class='ocrx_word' id='word_1_113' title='bbox 845 2739 899 2798; x_wconf 91' lang='lat' dir='ltr'><strong>ubi</strong></span> <span class='ocrx_word' id='word_1_114' title='bbox 924 2737 1074 2799; x_wconf 89' lang='lat' dir='ltr'><strong>videlicet</strong></span> <span class='ocrx_word' id='word_1_115' title='bbox 1106 2737 1189 2798; x_wconf 86' lang='lat' dir='ltr'><strong>dicta</strong></span> <span class='ocrx_word' id='word_1_116' title='bbox 1215 2737 1332 2798; x_wconf 92' lang='lat' dir='ltr'><strong>Kathe·</strong></span> 
     </span>
     <span class='ocr_line' id='line_1_19' title="bbox 71 2841 1332 2927; baseline -0.004 -17"><span class='ocrx_word' id='word_1_117' title='bbox 71 2848 131 2910; x_wconf 82' lang='lat' dir='ltr'><strong>ina</strong></span> <span class='ocrx_word' id='word_1_118' title='bbox 159 2841 299 2927; x_wconf 85' lang='lat' dir='ltr'><strong>prelatas</strong></span> <span class='ocrx_word' id='word_1_119' title='bbox 324 2843 519 2905; x_wconf 86' lang='lat' dir='ltr'><strong>Dorotheam</strong></span> <span class='ocrx_word' id='word_1_120' title='bbox 546 2859 577 2905; x_wconf 91' lang='lat' dir='ltr'><strong>et</strong></span> <span class='ocrx_word' id='word_1_121' title='bbox 611 2845 744 2905; x_wconf 88' lang='lat' dir='ltr'><strong>Elenam</strong></span> <span class='ocrx_word' id='word_1_122' title='bbox 777 2845 959 2906; x_wconf 87' lang='lat' dir='ltr'><strong>meretrices</strong></span> <span class='ocrx_word' id='word_1_123' title='bbox 991 2845 1184 2927; x_wconf 84' lang='lat' dir='ltr'><strong>appellasset</strong></span> <span class='ocrx_word' id='word_1_124' title='bbox 1208 2858 1238 2906; x_wconf 94' lang='lat' dir='ltr'><strong>et</strong></span> <span class='ocrx_word' id='word_1_125' title='bbox 1263 2863 1332 2926; x_wconf 91' lang='lat' dir='ltr'><strong>pre·</strong></span> 
     </span>
     <span class='ocr_line' id='line_1_20' title="bbox 71 2949 1334 3032; baseline -0.004 -16"><span class='ocrx_word' id='word_1_126' title='bbox 71 2971 149 3016; x_wconf 85' lang='lat' dir='ltr'><strong>erea</strong></span> <span class='ocrx_word' id='word_1_127' title='bbox 178 2949 325 3010; x_wconf 82' lang='lat' dir='ltr'><strong>dixisset:</strong></span> <span class='ocrx_word' id='word_1_128' title='bbox 343 2969 404 3031; x_wconf 91' lang='lat' dir='ltr'><strong>ego</strong></span> <span class='ocrx_word' id='word_1_129' title='bbox 430 2970 527 3032; x_wconf 88' lang='lat' dir='ltr'><strong>panes</strong></span> <span class='ocrx_word' id='word_1_130' title='bbox 544 2950 675 3012; x_wconf 91' lang='lat' dir='ltr'><strong>vendidi</strong></span> <span class='ocrx_word' id='word_1_131' title='bbox 698 2970 762 3011; x_wconf 90' lang='lat' dir='ltr'><strong>non</strong></span> <span class='ocrx_word' id='word_1_132' title='bbox 782 2965 888 3012; x_wconf 88' lang='lat' dir='ltr'><strong>autem</strong></span> <span class='ocrx_word' id='word_1_133' title='bbox 906 2952 1028 3012; x_wconf 92' lang='lat' dir='ltr'><strong>cullum</strong></span> <span class='ocrx_word' id='word_1_134' title='bbox 1054 2965 1084 3012; x_wconf 90' lang='lat' dir='ltr'><strong>et</strong></span> <span class='ocrx_word' id='word_1_135' title='bbox 1101 2964 1220 3032; x_wconf 89' lang='lat' dir='ltr'><strong>pattam</strong></span> <span class='ocrx_word' id='word_1_136' title='bbox 1238 2963 1334 3032; x_wconf 89' lang='lat' dir='ltr'><strong>prout</strong></span> 
     </span>
     <span class='ocr_line' id='line_1_21' title="bbox 71 3055 1331 3143; baseline -0.004 -22"><span class='ocrx_word' id='word_1_137' title='bbox 71 3078 130 3143; x_wconf 87' lang='lat' dir='ltr'><strong>pse</strong></span> <span class='ocrx_word' id='word_1_138' title='bbox 150 3057 184 3119; x_wconf 95' lang='lat' dir='ltr'><strong>in</strong></span> <span class='ocrx_word' id='word_1_139' title='bbox 200 3055 354 3137; x_wconf 89' lang='lat' dir='ltr'><strong>Capitulo</strong></span> <span class='ocrx_word' id='word_1_140' title='bbox 368 3057 587 3118; x_wconf 86' lang='lat' dir='ltr'><strong>sacerdotibus</strong></span> <span class='ocrx_word' id='word_1_141' title='bbox 601 3057 833 3135; x_wconf 87' lang='lat' dir='ltr'><strong>vendiderunt;</strong></span> <span class='ocrx_word' id='word_1_142' title='bbox 859 3078 910 3118; x_wconf 87' lang='lat' dir='ltr'><strong>rea</strong></span> <span class='ocrx_word' id='word_1_143' title='bbox 927 3059 1122 3139; x_wconf 84' lang='lat' dir='ltr'><strong>pernegabat</strong></span> <span class='ocrx_word' id='word_1_144' title='bbox 1139 3056 1247 3117; x_wconf 92' lang='lat' dir='ltr'><strong>medio</strong></span> <span class='ocrx_word' id='word_1_145' title='bbox 1265 3075 1331 3117; x_wconf 90' lang='lat' dir='ltr'><strong>ma·</strong></span> 
     </span>
     <span class='ocr_line' id='line_1_22' title="bbox 72 3164 1334 3246; baseline -0.005 -17"><span class='ocrx_word' id='word_1_146' title='bbox 72 3168 126 3229; x_wconf 89' lang='lat' dir='ltr'><strong>ito</strong></span> <span class='ocrx_word' id='word_1_147' title='bbox 152 3177 372 3245; x_wconf 86' lang='lat' dir='ltr'><strong>procuratore,</strong></span> <span class='ocrx_word' id='word_1_148' title='bbox 396 3183 489 3225; x_wconf 91' lang='lat' dir='ltr'><strong>causa</strong></span> <span class='ocrx_word' id='word_1_149' title='bbox 514 3165 648 3225; x_wconf 91' lang='lat' dir='ltr'><strong>testibus</strong></span> <span class='ocrx_word' id='word_1_150' title='bbox 664 3165 832 3243; x_wconf 88' lang='lat' dir='ltr'><strong>submissa,</strong></span> <span class='ocrx_word' id='word_1_151' title='bbox 856 3178 952 3226; x_wconf 91' lang='lat' dir='ltr'><strong>testes</strong></span> <span class='ocrx_word' id='word_1_152' title='bbox 977 3184 1032 3246; x_wconf 89' lang='lat' dir='ltr'><strong>per</strong></span> <span class='ocrx_word' id='word_1_153' title='bbox 1057 3165 1166 3225; x_wconf 91' lang='lat' dir='ltr'><strong>omnia</strong></span> <span class='ocrx_word' id='word_1_154' title='bbox 1191 3164 1235 3224; x_wconf 91' lang='lat' dir='ltr'><strong>sic</strong></span> <span class='ocrx_word' id='word_1_155' title='bbox 1260 3183 1334 3224; x_wconf 89' lang='lat' dir='ltr'><strong>eam</strong></span> 
     </span>
     <span class='ocr_line' id='line_1_23' title="bbox 71 3268 1333 3353; baseline -0.004 -18"><span class='ocrx_word' id='word_1_156' title='bbox 71 3271 185 3336; x_wconf 84' lang='lat' dir='ltr'><strong>lixisse</strong></span> <span class='ocrx_word' id='word_1_157' title='bbox 209 3284 283 3330; x_wconf 90' lang='lat' dir='ltr'><strong>sunt</strong></span> <span class='ocrx_word' id='word_1_158' title='bbox 308 3268 393 3349; x_wconf 88' lang='lat' dir='ltr'><strong>lassi,</strong></span> <span class='ocrx_word' id='word_1_159' title='bbox 416 3270 509 3350; x_wconf 89' lang='lat' dir='ltr'><strong>jurati</strong></span> <span class='ocrx_word' id='word_1_160' title='bbox 535 3271 769 3350; x_wconf 76' lang='lat' dir='ltr'><strong>adjudicarunt,</strong></span> <span class='ocrx_word' id='word_1_161' title='bbox 796 3286 828 3332; x_wconf 93' lang='lat' dir='ltr'><strong>ut</strong></span> <span class='ocrx_word' id='word_1_162' title='bbox 853 3270 974 3353; x_wconf 89' lang='lat' dir='ltr'><strong>prelata</strong></span> <span class='ocrx_word' id='word_1_163' title='bbox 1004 3269 1179 3332; x_wconf 88' lang='lat' dir='ltr'><strong>Katherina</strong></span> <span class='ocrx_word' id='word_1_164' title='bbox 1203 3269 1333 3351; x_wconf 91' lang='lat' dir='ltr'><strong>quinto·</strong></span> 
     </span>
     <span class='ocr_line' id='line_1_24' title="bbox 71 3375 1332 3459; baseline -0.005 -17"><span class='ocrx_word' id='word_1_165' title='bbox 71 3377 195 3442; x_wconf 86' lang='lat' dir='ltr'><strong>lecimo</strong></span> <span class='ocrx_word' id='word_1_166' title='bbox 220 3375 272 3437; x_wconf 92' lang='lat' dir='ltr'><strong>die</strong></span> <span class='ocrx_word' id='word_1_167' title='bbox 298 3376 329 3436; x_wconf 94' lang='lat' dir='ltr'><strong>id</strong></span> <span class='ocrx_word' id='word_1_168' title='bbox 348 3379 558 3459; x_wconf 92' lang='lat' dir='ltr'><strong>comprobare</strong></span> <span class='ocrx_word' id='word_1_169' title='bbox 576 3377 701 3455; x_wconf 91' lang='lat' dir='ltr'><strong>debeat,</strong></span> <span class='ocrx_word' id='word_1_170' title='bbox 727 3378 814 3459; x_wconf 92' lang='lat' dir='ltr'><strong>quod</strong></span> <span class='ocrx_word' id='word_1_171' title='bbox 840 3379 949 3438; x_wconf 92' lang='lat' dir='ltr'><strong>sinon</strong></span> <span class='ocrx_word' id='word_1_172' title='bbox 974 3376 1242 3458; x_wconf 85' lang='lat' dir='ltr'><strong>comprobaverit,</strong></span> <span class='ocrx_word' id='word_1_173' title='bbox 1267 3375 1332 3436; x_wconf 91' lang='lat' dir='ltr'><strong>cui·</strong></span> 
     </span>
     <span class='ocr_line' id='line_1_25' title="bbox 71 3481 1331 3564; baseline -0.005 -16"><span class='ocrx_word' id='word_1_174' title='bbox 71 3487 143 3548; x_wconf 88' lang='lat' dir='ltr'><strong>ibet</strong></span> <span class='ocrx_word' id='word_1_175' title='bbox 167 3481 206 3543; x_wconf 90' lang='lat' dir='ltr'><strong>de</strong></span> <span class='ocrx_word' id='word_1_176' title='bbox 224 3502 280 3564; x_wconf 90' lang='lat' dir='ltr'><strong>per</strong></span> <span class='ocrx_word' id='word_1_177' title='bbox 296 3502 329 3543; x_wconf 89' lang='lat' dir='ltr'><strong>se</strong></span> <span class='ocrx_word' id='word_1_178' title='bbox 347 3483 378 3544; x_wconf 95' lang='lat' dir='ltr'><strong>in</strong></span> <span class='ocrx_word' id='word_1_179' title='bbox 396 3484 470 3544; x_wconf 93' lang='lat' dir='ltr'><strong>vivo</strong></span> <span class='ocrx_word' id='word_1_180' title='bbox 494 3484 647 3564; x_wconf 82' lang='lat' dir='ltr'><strong>homagio</strong></span> <span class='ocrx_word' id='word_1_181' title='bbox 665 3485 833 3544; x_wconf 89' lang='lat' dir='ltr'><strong>convincta</strong></span> <span class='ocrx_word' id='word_1_182' title='bbox 852 3483 1017 3560; x_wconf 86' lang='lat' dir='ltr'><strong>habeatur,</strong></span> <span class='ocrx_word' id='word_1_183' title='bbox 1044 3482 1132 3564; x_wconf 95' lang='lat' dir='ltr'><strong>quod</strong></span> <span class='ocrx_word' id='word_1_184' title='bbox 1157 3483 1181 3542; x_wconf 90' lang='lat' dir='ltr'><strong>si</strong></span> <span class='ocrx_word' id='word_1_185' title='bbox 1206 3481 1331 3542; x_wconf 89' lang='lat' dir='ltr'><strong>solvere</strong></span> 
     </span>
     <span class='ocr_line' id='line_1_26' title="bbox 71 3588 1330 3671; baseline -0.006 -16"><span class='ocrx_word' id='word_1_186' title='bbox 71 3589 255 3670; x_wconf 86' lang='lat' dir='ltr'><strong>tomagium</strong></span> <span class='ocrx_word' id='word_1_187' title='bbox 280 3589 384 3670; x_wconf 90' lang='lat' dir='ltr'><strong>ipsum</strong></span> <span class='ocrx_word' id='word_1_188' title='bbox 409 3609 474 3650; x_wconf 91' lang='lat' dir='ltr'><strong>non</strong></span> <span class='ocrx_word' id='word_1_189' title='bbox 500 3604 605 3671; x_wconf 88' lang='lat' dir='ltr'><strong>posset</strong></span> <span class='ocrx_word' id='word_1_190' title='bbox 630 3604 769 3651; x_wconf 90' lang='lat' dir='ltr'><strong>autnon</strong></span> <span class='ocrx_word' id='word_1_191' title='bbox 794 3589 924 3651; x_wconf 88' lang='lat' dir='ltr'><strong>haberet</strong></span> <span class='ocrx_word' id='word_1_192' title='bbox 955 3589 1052 3668; x_wconf 92' lang='lat' dir='ltr'><strong>unde,</strong></span> <span class='ocrx_word' id='word_1_193' title='bbox 1077 3600 1193 3667; x_wconf 79' lang='lat' dir='ltr'><strong>extunc</strong></span> <span class='ocrx_word' id='word_1_194' title='bbox 1218 3588 1330 3668; x_wconf 90' lang='lat' dir='ltr'><strong>lingua</strong></span> 
     </span>
     <span class='ocr_line' id='line_1_27' title="bbox 71 3695 547 3778; baseline -0.006 -17"><span class='ocrx_word' id='word_1_195' title='bbox 71 3696 212 3761; x_wconf 71' lang='lat' dir='ltr'><strong>tiusdem</strong></span> <span class='ocrx_word' id='word_1_196' title='bbox 236 3695 396 3778; x_wconf 85' lang='lat' dir='ltr'><strong>prescindi</strong></span> <span class='ocrx_word' id='word_1_197' title='bbox 422 3695 547 3759; x_wconf 88' lang='lat' dir='ltr'><strong>debeat.</strong></span> 
     </span>
    </p>

    <p class='ocr_par' dir='ltr' id='par_1_12' title="bbox 71 3800 1333 5057">
     <span class='ocr_line' id='line_1_28' title="bbox 174 3800 1332 3884; baseline -0.001 -22"><span class='ocrx_word' id='word_1_198' title='bbox 174 3802 266 3864; x_wconf 87' lang='lat' dir='ltr'><strong>Feria</strong></span> <span class='ocrx_word' id='word_1_199' title='bbox 299 3815 385 3864; x_wconf 81' lang='lat' dir='ltr'><strong>sexta</strong></span> <span class='ocrx_word' id='word_1_200' title='bbox 417 3816 489 3884; x_wconf 90' lang='lat' dir='ltr'><strong>post</strong></span> <span class='ocrx_word' id='word_1_201' title='bbox 522 3801 636 3864; x_wconf 84' lang='lat' dir='ltr'><strong>festum</strong></span> <span class='ocrx_word' id='word_1_202' title='bbox 672 3803 754 3863; x_wconf 91' lang='lat' dir='ltr'><strong>beati</strong></span> <span class='ocrx_word' id='word_1_203' title='bbox 788 3803 887 3863; x_wconf 89' lang='lat' dir='ltr'><strong>Marci</strong></span> <span class='ocrx_word' id='word_1_204' title='bbox 918 3801 1136 3882; x_wconf 83' lang='lat' dir='ltr'><strong>ewangeliste.</strong></span> <span class='ocrx_word' id='word_1_205' title='bbox 1173 3800 1205 3862; x_wconf 90' lang='lat' dir='ltr'><strong>ln</strong></span> <span class='ocrx_word' id='word_1_206' title='bbox 1238 3820 1332 3862; x_wconf 87' lang='lat' dir='ltr'><strong>causa</strong></span> 
     </span>
     <span class='ocr_line' id='line_1_29' title="bbox 71 3907 1333 3993; baseline -0.002 -20"><span class='ocrx_word' id='word_1_207' title='bbox 71 3925 147 3973; x_wconf 91' lang='lat' dir='ltr'><strong>nter</strong></span> <span class='ocrx_word' id='word_1_208' title='bbox 180 3907 390 3970; x_wconf 86' lang='lat' dir='ltr'><strong>Benedictum</strong></span> <span class='ocrx_word' id='word_1_209' title='bbox 423 3924 596 3988; x_wconf 87' lang='lat' dir='ltr'><strong>sartorem,</strong></span> <span class='ocrx_word' id='word_1_210' title='bbox 634 3922 668 3970; x_wconf 91' lang='lat' dir='ltr'><strong>ut</strong></span> <span class='ocrx_word' id='word_1_211' title='bbox 692 3923 844 3987; x_wconf 89' lang='lat' dir='ltr'><strong>actorem,</strong></span> <span class='ocrx_word' id='word_1_212' title='bbox 874 3923 904 3970; x_wconf 90' lang='lat' dir='ltr'><strong>et</strong></span> <span class='ocrx_word' id='word_1_213' title='bbox 936 3909 1100 3971; x_wconf 90' lang='lat' dir='ltr'><strong>Matheum</strong></span> <span class='ocrx_word' id='word_1_214' title='bbox 1127 3908 1266 3993; x_wconf 86' lang='lat' dir='ltr'><strong>Modych</strong></span> <span class='ocrx_word' id='word_1_215' title='bbox 1298 3923 1333 3970; x_wconf 93' lang='lat' dir='ltr'><strong>ut</strong></span> 
     </span>
     <span class='ocr_line' id='line_1_30' title="bbox 71 4015 1332 4096; baseline -0.002 -17"><span class='ocrx_word' id='word_1_216' title='bbox 71 4035 168 4093; x_wconf 75' lang='lat' dir='ltr'><strong>eum,</strong></span> <span class='ocrx_word' id='word_1_217' title='bbox 192 4015 341 4076; x_wconf 88' lang='lat' dir='ltr'><strong>concives</strong></span> <span class='ocrx_word' id='word_1_218' title='bbox 364 4029 500 4093; x_wconf 90' lang='lat' dir='ltr'><strong>nostros,</strong></span> <span class='ocrx_word' id='word_1_219' title='bbox 526 4015 556 4075; x_wconf 91' lang='lat' dir='ltr'><strong>in</strong></span> <span class='ocrx_word' id='word_1_220' title='bbox 587 4035 626 4076; x_wconf 90' lang='lat' dir='ltr'><strong>eo</strong></span> <span class='ocrx_word' id='word_1_221' title='bbox 651 4015 811 4093; x_wconf 90' lang='lat' dir='ltr'><strong>videlicet,</strong></span> <span class='ocrx_word' id='word_1_222' title='bbox 837 4016 912 4096; x_wconf 91' lang='lat' dir='ltr'><strong>quia</strong></span> <span class='ocrx_word' id='word_1_223' title='bbox 937 4015 1113 4076; x_wconf 91' lang='lat' dir='ltr'><strong>cumidem</strong></span> <span class='ocrx_word' id='word_1_224' title='bbox 1139 4015 1332 4076; x_wconf 87' lang='lat' dir='ltr'><strong>Benedictus</strong></span> 
     </span>
     <span class='ocr_line' id='line_1_31' title="bbox 71 4121 1333 4203; baseline -0.002 -18"><span class='ocrx_word' id='word_1_225' title='bbox 71 4121 223 4199; x_wconf 84' lang='lat' dir='ltr'><strong>mesiam,</strong></span> <span class='ocrx_word' id='word_1_226' title='bbox 252 4136 443 4202; x_wconf 89' lang='lat' dir='ltr'><strong>proventum</strong></span> <span class='ocrx_word' id='word_1_227' title='bbox 476 4122 725 4198; x_wconf 90' lang='lat' dir='ltr'><strong>communitatis,</strong></span> <span class='ocrx_word' id='word_1_228' title='bbox 754 4121 942 4182; x_wconf 90' lang='lat' dir='ltr'><strong>arendatum</strong></span> <span class='ocrx_word' id='word_1_229' title='bbox 964 4142 1020 4203; x_wconf 91' lang='lat' dir='ltr'><strong>per</strong></span> <span class='ocrx_word' id='word_1_230' title='bbox 1052 4141 1171 4182; x_wconf 90' lang='lat' dir='ltr'><strong>annum</strong></span> <span class='ocrx_word' id='word_1_231' title='bbox 1197 4142 1213 4182; x_wconf 91' lang='lat' dir='ltr'><strong>a</strong></span> <span class='ocrx_word' id='word_1_232' title='bbox 1246 4141 1333 4183; x_wconf 92' lang='lat' dir='ltr'><strong>com-</strong></span> 
     </span>
     <span class='ocr_line' id='line_1_32' title="bbox 71 4227 1332 4311; baseline -0.001 -21"><span class='ocrx_word' id='word_1_233' title='bbox 71 4228 223 4292; x_wconf 88' lang='lat' dir='ltr'><strong>nunitate</strong></span> <span class='ocrx_word' id='word_1_234' title='bbox 247 4227 440 4309; x_wconf 81' lang='lat' dir='ltr'><strong>exigendum</strong></span> <span class='ocrx_word' id='word_1_235' title='bbox 465 4228 504 4288; x_wconf 92' lang='lat' dir='ltr'><strong>ad</strong></span> <span class='ocrx_word' id='word_1_236' title='bbox 530 4227 662 4288; x_wconf 91' lang='lat' dir='ltr'><strong>domum</strong></span> <span class='ocrx_word' id='word_1_237' title='bbox 689 4229 788 4308; x_wconf 92' lang='lat' dir='ltr'><strong>ipsius</strong></span> <span class='ocrx_word' id='word_1_238' title='bbox 814 4228 943 4310; x_wconf 90' lang='lat' dir='ltr'><strong>Mathey</strong></span> <span class='ocrx_word' id='word_1_239' title='bbox 961 4227 1100 4311; x_wconf 87' lang='lat' dir='ltr'><strong>Modyclr</strong></span> <span class='ocrx_word' id='word_1_240' title='bbox 1127 4228 1332 4310; x_wconf 89' lang='lat' dir='ltr'><strong>pervenisset,</strong></span> 
     </span>
     <span class='ocr_line' id='line_1_33' title="bbox 71 4334 1332 4416; baseline -0.002 -19"><span class='ocrx_word' id='word_1_241' title='bbox 71 4350 95 4398; x_wconf 74' lang='lat' dir='ltr'><strong>et</strong></span> <span class='ocrx_word' id='word_1_242' title='bbox 131 4334 207 4416; x_wconf 89' lang='lat' dir='ltr'><strong>quia</strong></span> <span class='ocrx_word' id='word_1_243' title='bbox 241 4334 386 4395; x_wconf 87' lang='lat' dir='ltr'><strong>knesiam</strong></span> <span class='ocrx_word' id='word_1_244' title='bbox 423 4334 489 4414; x_wconf 82' lang='lat' dir='ltr'><strong>ipae</strong></span> <span class='ocrx_word' id='word_1_245' title='bbox 518 4334 665 4395; x_wconf 88' lang='lat' dir='ltr'><strong>Matheus</strong></span> <span class='ocrx_word' id='word_1_246' title='bbox 709 4353 772 4394; x_wconf 90' lang='lat' dir='ltr'><strong>non</strong></span> <span class='ocrx_word' id='word_1_247' title='bbox 809 4334 964 4412; x_wconf 88' lang='lat' dir='ltr'><strong>solverat,</strong></span> <span class='ocrx_word' id='word_1_248' title='bbox 1000 4335 1117 4416; x_wconf 90' lang='lat' dir='ltr'><strong>pignus</strong></span> <span class='ocrx_word' id='word_1_249' title='bbox 1152 4335 1332 4416; x_wconf 88' lang='lat' dir='ltr'><strong>recepisset,</strong></span> 
     </span>
     <span class='ocr_line' id='line_1_34' title="bbox 71 4439 1333 4522; baseline -0.002 -20"><span class='ocrx_word' id='word_1_250' title='bbox 71 4441 153 4502; x_wconf 90' lang='lat' dir='ltr'><strong>dem</strong></span> <span class='ocrx_word' id='word_1_251' title='bbox 180 4439 326 4501; x_wconf 87' lang='lat' dir='ltr'><strong>Matheus</strong></span> <span class='ocrx_word' id='word_1_252' title='bbox 350 4440 457 4501; x_wconf 91' lang='lat' dir='ltr'><strong>oculte</strong></span> <span class='ocrx_word' id='word_1_253' title='bbox 482 4461 554 4500; x_wconf 91' lang='lat' dir='ltr'><strong>cum</strong></span> <span class='ocrx_word' id='word_1_254' title='bbox 572 4441 703 4501; x_wconf 89' lang='lat' dir='ltr'><strong>cultello</strong></span> <span class='ocrx_word' id='word_1_255' title='bbox 721 4459 820 4521; x_wconf 88' lang='lat' dir='ltr'><strong>parvo</strong></span> <span class='ocrx_word' id='word_1_256' title='bbox 846 4440 984 4502; x_wconf 92' lang='lat' dir='ltr'><strong>eundem</strong></span> <span class='ocrx_word' id='word_1_257' title='bbox 1010 4441 1191 4519; x_wconf 87' lang='lat' dir='ltr'><strong>vulnerans,</strong></span> <span class='ocrx_word' id='word_1_258' title='bbox 1215 4441 1333 4522; x_wconf 88' lang='lat' dir='ltr'><strong>pignus</strong></span> 
     </span>
     <span class='ocr_line' id='line_1_35' title="bbox 71 4546 1331 4630; baseline -0.001 -20"><span class='ocrx_word' id='word_1_259' title='bbox 71 4566 123 4610; x_wconf 73' lang='lat' dir='ltr'><strong>ser</strong></span> <span class='ocrx_word' id='word_1_260' title='bbox 154 4547 220 4607; x_wconf 89' lang='lat' dir='ltr'><strong>vim</strong></span> <span class='ocrx_word' id='word_1_261' title='bbox 252 4546 428 4627; x_wconf 89' lang='lat' dir='ltr'><strong>eripuisset,</strong></span> <span class='ocrx_word' id='word_1_262' title='bbox 460 4546 553 4626; x_wconf 89' lang='lat' dir='ltr'><strong>jurati</strong></span> <span class='ocrx_word' id='word_1_263' title='bbox 586 4547 819 4626; x_wconf 87' lang='lat' dir='ltr'><strong>adjudicarunt,</strong></span> <span class='ocrx_word' id='word_1_264' title='bbox 857 4562 890 4608; x_wconf 91' lang='lat' dir='ltr'><strong>ut</strong></span> <span class='ocrx_word' id='word_1_265' title='bbox 921 4548 1006 4609; x_wconf 92' lang='lat' dir='ltr'><strong>idem</strong></span> <span class='ocrx_word' id='word_1_266' title='bbox 1033 4548 1179 4609; x_wconf 89' lang='lat' dir='ltr'><strong>Matheus</strong></span> <span class='ocrx_word' id='word_1_267' title='bbox 1211 4549 1243 4608; x_wconf 93' lang='lat' dir='ltr'><strong>in</strong></span> <span class='ocrx_word' id='word_1_268' title='bbox 1275 4567 1331 4630; x_wconf 93' lang='lat' dir='ltr'><strong>po·</strong></span> 
     </span>
     <span class='ocr_line' id='line_1_36' title="bbox 71 4653 1331 4736; baseline -0.002 -20"><span class='ocrx_word' id='word_1_269' title='bbox 71 4653 172 4717; x_wconf 86' lang='lat' dir='ltr'><strong>:encia</strong></span> <span class='ocrx_word' id='word_1_270' title='bbox 190 4653 355 4714; x_wconf 86' lang='lat' dir='ltr'><strong>convictus</strong></span> <span class='ocrx_word' id='word_1_271' title='bbox 373 4653 537 4732; x_wconf 88' lang='lat' dir='ltr'><strong>habeatur,</strong></span> <span class='ocrx_word' id='word_1_272' title='bbox 571 4655 709 4714; x_wconf 89' lang='lat' dir='ltr'><strong>mediam</strong></span> <span class='ocrx_word' id='word_1_273' title='bbox 728 4670 850 4736; x_wconf 90' lang='lat' dir='ltr'><strong>partem</strong></span> <span class='ocrx_word' id='word_1_274' title='bbox 875 4654 972 4734; x_wconf 86' lang='lat' dir='ltr'><strong>judici</strong></span> <span class='ocrx_word' id='word_1_275' title='bbox 1002 4675 1074 4715; x_wconf 92' lang='lat' dir='ltr'><strong>cum</strong></span> <span class='ocrx_word' id='word_1_276' title='bbox 1099 4655 1219 4735; x_wconf 89' lang='lat' dir='ltr'><strong>juratis,</strong></span> <span class='ocrx_word' id='word_1_277' title='bbox 1235 4654 1331 4715; x_wconf 90' lang='lat' dir='ltr'><strong>aliam</strong></span> 
     </span>
     <span class='ocr_line' id='line_1_37' title="bbox 71 4760 1332 4844; baseline -0.001 -21"><span class='ocrx_word' id='word_1_278' title='bbox 71 4762 148 4844; x_wconf 88' lang='lat' dir='ltr'><strong>parti</strong></span> <span class='ocrx_word' id='word_1_279' title='bbox 175 4760 325 4836; x_wconf 84' lang='lat' dir='ltr'><strong>adverse;</strong></span> <span class='ocrx_word' id='word_1_280' title='bbox 350 4774 381 4822; x_wconf 91' lang='lat' dir='ltr'><strong>et</strong></span> <span class='ocrx_word' id='word_1_281' title='bbox 406 4761 480 4841; x_wconf 91' lang='lat' dir='ltr'><strong>quia</strong></span> <span class='ocrx_word' id='word_1_282' title='bbox 514 4781 595 4822; x_wconf 90' lang='lat' dir='ltr'><strong>unus</strong></span> <span class='ocrx_word' id='word_1_283' title='bbox 627 4783 662 4821; x_wconf 87' lang='lat' dir='ltr'><strong>ex</strong></span> <span class='ocrx_word' id='word_1_284' title='bbox 697 4762 910 4843; x_wconf 86' lang='lat' dir='ltr'><strong>complicibus</strong></span> <span class='ocrx_word' id='word_1_285' title='bbox 942 4763 1016 4823; x_wconf 93' lang='lat' dir='ltr'><strong>dicti</strong></span> <span class='ocrx_word' id='word_1_286' title='bbox 1043 4763 1161 4824; x_wconf 88' lang='lat' dir='ltr'><strong>Mathei</strong></span> <span class='ocrx_word' id='word_1_287' title='bbox 1189 4761 1332 4840; x_wconf 90' lang='lat' dir='ltr'><strong>indulsit,</strong></span> 
     </span>
     <span class='ocr_line' id='line_1_38' title="bbox 71 4867 1332 4949; baseline -0.001 -19"><span class='ocrx_word' id='word_1_288' title='bbox 71 4870 111 4931; x_wconf 92' lang='lat' dir='ltr'><strong>ob</strong></span> <span class='ocrx_word' id='word_1_289' title='bbox 134 4868 197 4929; x_wconf 91' lang='lat' dir='ltr'><strong>hoc</strong></span> <span class='ocrx_word' id='word_1_290' title='bbox 223 4867 302 4928; x_wconf 81' lang='lat' dir='ltr'><strong>duaa</strong></span> <span class='ocrx_word' id='word_1_291' title='bbox 325 4880 450 4929; x_wconf 88' lang='lat' dir='ltr'><strong>tantum</strong></span> <span class='ocrx_word' id='word_1_292' title='bbox 475 4882 580 4949; x_wconf 87' lang='lat' dir='ltr'><strong>partes</strong></span> <span class='ocrx_word' id='word_1_293' title='bbox 596 4869 720 4929; x_wconf 88' lang='lat' dir='ltr'><strong>solvere</strong></span> <span class='ocrx_word' id='word_1_294' title='bbox 743 4869 866 4929; x_wconf 90' lang='lat' dir='ltr'><strong>debeat.</strong></span> <span class='ocrx_word' id='word_1_295' title='bbox 893 4905 933 4912; x_wconf 98' lang='lat'>—</span> <span class='ocrx_word' id='word_1_296' title='bbox 961 4868 1082 4929; x_wconf 87' lang='lat' dir='ltr'><strong>Eadem</strong></span> <span class='ocrx_word' id='word_1_297' title='bbox 1108 4868 1159 4929; x_wconf 91' lang='lat' dir='ltr'><strong>die</strong></span> <span class='ocrx_word' id='word_1_298' title='bbox 1186 4868 1332 4929; x_wconf 87' lang='lat' dir='ltr'><strong>Matheus</strong></span> 
     </span>
     <span class='ocr_line' id='line_1_39' title="bbox 71 4975 1333 5057; baseline -0.002 -19"><span class='ocrx_word' id='word_1_299' title='bbox 71 4994 133 5038; x_wconf 86' lang='lat' dir='ltr'><strong>aon</strong></span> <span class='ocrx_word' id='word_1_300' title='bbox 160 4988 330 5037; x_wconf 83' lang='lat' dir='ltr'><strong>contentus</strong></span> <span class='ocrx_word' id='word_1_301' title='bbox 347 4994 473 5036; x_wconf 88' lang='lat' dir='ltr'><strong>causam</strong></span> <span class='ocrx_word' id='word_1_302' title='bbox 489 4975 529 5035; x_wconf 92' lang='lat' dir='ltr'><strong>ad</strong></span> <span class='ocrx_word' id='word_1_303' title='bbox 546 4975 668 5056; x_wconf 83' lang='lat' dir='ltr'><strong>judices</strong></span> <span class='ocrx_word' id='word_1_304' title='bbox 685 4976 827 5037; x_wconf 90' lang='lat' dir='ltr'><strong>seniores</strong></span> <span class='ocrx_word' id='word_1_305' title='bbox 851 4975 1036 5057; x_wconf 88' lang='lat' dir='ltr'><strong>appellavit.</strong></span> <span class='ocrx_word' id='word_1_306' title='bbox 1055 5011 1093 5020; x_wconf 93' lang='lat'><em>-</em></span> <span class='ocrx_word' id='word_1_307' title='bbox 1113 4975 1203 5038; x_wconf 87' lang='lat' dir='ltr'><strong>Feria</strong></span> <span class='ocrx_word' id='word_1_308' title='bbox 1220 4988 1333 5057; x_wconf 82' lang='lat' dir='ltr'><strong>quarta</strong></span> 
     </span>
    </p>
   </div>
   <div class='ocr_carea' id='block_1_10' title="bbox 0 0 1582 5364">
    <p class='ocr_par' dir='ltr' id='par_1_13' title="bbox 0 0 1582 5364">
     <span class='ocr_line' id='line_1_40' title="bbox 0 0 1582 5364; baseline 0 0"><span class='ocrx_word' id='word_1_309' title='bbox 0 0 1582 5364; x_wconf 95' lang='lat' dir='ltr'><strong> </strong></span> 
     </span>
    </p>
   </div>
  </div>
 </body>
</html>
