3142 5356
514 509 599 566 Anno
623 507 713 584 1506.
739 542 779 551 -
799 519 833 582 5.
850 509 942 582 sicarii.
1306 505 1358 566 161

143 615 272 623 -—-.-...
292 617 477 623 .-.⁴..—.-.--
517 616 543 621 —
961 614 1042 619 —..--
1059 613 1364 620 ——--—-—-.

48 607 107 616 ..p-

205 723 308 784 Causa
334 720 415 782 inter
433 720 610 782 Sinkonem
630 719 785 780 Horwath
802 733 832 780 et
855 719 1019 779 Thomam
1037 719 1214 780 institorem
1236 720 1363 779 racione

50 818 349 908 vituperationis
374 845 432 887 nec
464 845 529 886 non
563 825 811 901 vulneracionis,
844 823 937 904 jurati
971 823 1237 903 adjudicaverunt
1267 844 1365 906 penes

54 933 322 995 testimonium
346 930 519 1010 sufficiens,
543 932 632 1013 quod
657 931 754 992 iidem
781 951 863 992 unus
881 931 1016 991 alterurn
1042 930 1181 991 vicissim
1205 931 1364 1012 vitupera-

60 1048 227 1119 terunt,
252 1039 328 1102 ideo
351 1058 435 1100 unus
452 1051 562 1100 contra
586 1038 684 1099 alium
711 1037 875 1098 convictus
892 1037 984 1098 estin
1009 1036 1119 1097 decem
1138 1037 1244 1117 pensis
1268 1036 1364 1098 clena·

60 1135 232 1222 riorum,
257 1145 356 1227 judici
380 1164 457 1206 vero
482 1145 513 1205 in
539 1159 668 1206 centum
686 1143 841 1218 denariis;
867 1144 921 1204 ubi
939 1161 1015 1204 vero
1038 1143 1199 1224 allegabat
1224 1140 1365 1224 prefatus

62 1241 200 1313 Sintao
225 1251 381 1313 Horwath
413 1250 501 1333 quod
535 1250 639 1311 dictus
667 1249 813 1311 Thomas
846 1250 969 1310 institor
1001 1249 1141 1310 eundem
1166 1249 1365 1311 vulnerasset

63 1361 87 1407 et
135 1358 192 1417 ad
213 1372 332 1419 terram
364 1357 596 1438 prostravisset,
629 1376 724 1437 super
756 1355 841 1416 idem
874 1354 987 1436 prefati
1020 1369 1115 1416 testes
1143 1356 1363 1416 testimonium

64 1473 164 1522 non
190 1479 261 1526 sunt
284 1463 461 1539 testificati;
485 1459 625 1544 prefatus
656 1462 757 1523 Sinho
790 1461 945 1522 llorwath
979 1461 1018 1523 de
1043 1461 1163 1542 judicio
1187 1461 1363 1542 juratorum

65 1581 168 1630 non
192 1585 361 1634 contentus
394 1584 523 1653 propter
554 1569 820 1630 vulnerationem
845 1583 875 1630 et
906 1569 1071 1649 sanguinis
1093 1588 1148 1629 sue
1174 1567 1363 1630 effusionem

65 1678 273 1751 appellavit
298 1677 338 1739 ad
363 1678 506 1738 seniores
530 1676 663 1756 judices.

207 1786 347 1848 Sabbato
373 1798 445 1846 ante
479 1783 593 1847 festum
628 1784 862 1846 Conversionis
895 1785 979 1846 beati
1005 1784 1095 1845 Pauli
1128 1789 1205 1864 (sic),
1236 1806 1364 1847 causam

66 1889 252 1958 prefatam
279 1893 363 1953 inter
388 1890 565 1952 Sinkonem
592 1889 746 1951 Horwath
773 1904 803 1950 et
820 1890 984 1952 Thomam
1010 1891 1199 1968 institorem,
1223 1892 1365 1954 seniores

65 1981 221 2062 iudices
245 1996 400 2080 prefatam
425 1997 705 2075 adjudicationem
731 1996 971 2075 confirmarunt,
1006 2013 1140 2079 excepto
1164 1999 1252 2079 quod
1278 1999 1363 2061 idem

67 2089 203 2164 sinam
225 2105 392 2165 convictus
416 2119 462 2165 est
486 2105 518 2165 in
544 2103 664 2185 duppla
690 2116 799 2164 contra
818 2102 982 2164 Thomam
1007 2123 1046 2166 ex
1070 2123 1135 2184 quo
1160 2104 1281 2186 juratus
1305 2104 1365 2167 fuit

67 2192 160 2260 i¹¹0
186 2223 338 2292 tempore.

154 2442 248 2519 feria
278 2456 376 2519 sexta
405 2449 559 2536 proxima
588 2456 665 2535 post
694 2446 893 2518 dominicam
922 2445 1068 2535 Spiritus
1097 2446 1230 2533 domini,
1259 2447 1310 2520 vel

481 2579 557 2660 post
586 2572 708 2642 festum
738 2572 984 2643 Penthecostes.

651 2736 691 2801 (5.
709 2726 816 2802 Junir').

208 2865 281 2928 ltem
315 2865 506 2927 Valentinus
538 2863 679 2927 carnifex
713 2879 823 2927 contra
856 2879 886 2926 et
914 2865 1066 2926 adversus
1098 2864 1277 2927 lohannem
1304 2866 1363 2928 Po·

87 2965 199 3049 ⁸²ssay
220 2973 325 3052 primo
351 2972 463 3032 citatus
488 2990 553 3031 non
579 2971 769 3052 comparuit.

207 3075 309 3138 Causa
335 3078 418 3138 inter
441 3075 615 3138 familiares
648 3077 772 3137 domini
805 3076 969 3138 castellani
1002 3076 1123 3139 castelli
1148 3079 1364 3157 zagrabiensis

88 3169 123 3272 (ξ
166 3178 361 3245 dominorum
387 3184 425 3245 de
446 3184 599 3266 Capitulo
618 3181 737 3265 prefate
756 3184 888 3245 ecclesie
905 3183 1120 3264 zagrabiensis
1138 3197 1169 3246 et
1192 3182 1365 3245 familiares

90 3279 219 3381 cl'vium
243 3291 380 3352 civitatis
397 3291 688 3372 hlontisgrecensis,
713 3290 766 3351 ubi
792 3290 942 3351 videlicet
967 3288 1078 3370 prefati
1106 3289 1278 3352 familiares
1302 3291 1363 3352 Ca·

91 3383 253 3457 P¹tolares
277 3397 427 3457 manibus
450 3397 580 3458 armatis
612 3397 651 3457 ad
684 3397 879 3457 territorium
912 3397 1048 3458 civitatis
1079 3395 1200 3477 prefate
1225 3397 1363 3458 liberum

92 3489 262 3564 lenientes
287 3505 319 3564 in
344 3503 430 3584 ipsos
460 3501 634 3566 familiares
651 3503 859 3564 dominorum
876 3503 993 3563 civium
1012 3503 1233 3584 potencialiter
1257 3504 1364 3564 irruis·

98 3596 313 3691 settteosque
341 3628 430 3670 more
455 3608 632 3691 predonico
665 3609 864 3686 invasissent,
893 3609 947 3670 ubi
979 3609 1038 3691 ipsi
1063 3607 1237 3670 familiares
1261 3609 1364 3671 domi·

102 3701 216 3775 n(trum
241 3715 360 3776 civium
395 3715 524 3777 eosdem
556 3715 759 3796 prevalentes
790 3715 945 3797 persecuti
972 3727 1055 3792 sunt,
1077 3714 1236 3796 quosdam
1262 3716 1362 3777 eciam

108 3810 148 3870 ‘X
170 3817 239 3901 ipsis
263 3821 486 3883 vulnerassent
511 3835 541 3883 et
573 3824 803 3900 verberassent,
835 3822 926 3903 jurati
952 3820 1186 3901 adjudicarunt,
1218 3822 1293 3903 quia
1325 3841 1364 3884 ex

114 3921 169 3992 ‘illo
191 3926 248 4009 ipsi
271 3923 447 3989 familiares
471 3926 613 4008 Capituli
640 3928 771 3989 eosdem
801 3927 905 4009 primo
930 3927 1152 4008 potencialiter
1177 3927 1364 3989 invasissent

119 4027 200 4094 etiana
225 4033 250 4094 si
275 4031 389 4115 prefati
416 4031 588 4094 familiares
624 4034 742 4095 civium
775 4049 879 4094 certos
904 4054 941 4094 ex
974 4034 1093 4096 eisdem
1118 4035 1363 4113 interemissent,

117 4133 204 4199 tdhuc
228 4139 320 4201 nullo
346 4138 445 4200 modo
471 4139 628 4222 inculpari
653 4155 793 4221 possent,
824 4140 880 4200 sed
906 4141 961 4221 qui
995 4154 1102 4201 autem
1128 4159 1168 4202 ex
1192 4141 1267 4223 ipsis
1290 4154 1363 4203 sunt

116 4245 256 4306 verberati
282 4259 313 4307 et
338 4245 496 4306 vulnerati
520 4245 650 4328 pacifice
668 4247 845 4308 sustineant
869 4267 904 4308 ac
923 4247 953 4308 in
971 4247 1116 4308 libertate
1141 4247 1277 4309 civitatis
1294 4268 1364 4330 pre-

109 4346 163 4413 fate
187 4365 260 4412 sunt
284 4350 530 4433 justicionaliter
553 4353 705 4414 convicti.

206 4456 313 4520 Causa
339 4459 421 4519 inter
446 4457 613 4519 mulierem
633 4458 864 4520 Oczthovvkam
883 4475 913 4521 et
930 4458 1120 4520 familiarem
1143 4459 1363 4541 circumspecti

103 4564 159 4624 viri
193 4563 361 4625 Michaelis
392 4564 519 4641 literati,
546 4565 681 4625 senioris
706 4565 818 4625 decani
852 4579 882 4626 et
915 4565 1056 4626 concivis
1091 4565 1202 4642 nostri,
1234 4565 1363 4626 racione

101 4670 268 4734 cuiusdam
294 4670 429 4752 pecunie
454 4670 604 4732 videlicet
629 4671 766 4732 duorum
802 4671 871 4733 flor.
897 4686 926 4732 et
951 4671 1064 4751 viginti
1097 4670 1241 4751 quinque
1267 4670 1365 4732 dena-

95 4778 234 4854 riorum,
258 4776 312 4837 ubi
338 4775 421 4838 dicta
447 4777 562 4838 mulier
587 4776 785 4839 Oczthowka
809 4791 918 4839 contra
947 4777 1052 4858 ipsum
1077 4774 1267 4838 familiarem
1294 4797 1364 4858 pre-

94 4883 153 4948 tau
182 4881 350 4944 Michaelis
373 4883 548 4966 suspiciose
574 4885 751 4964 proposuit,
770 4884 856 4965 quod
882 4884 949 4965 ipse
967 4885 1071 4944 eidem
1097 4880 1252 4965 prefatam
1278 4904 1363 4945 sum-

92 5007 187 5055 mam
218 4988 355 5072 pecunie
385 4989 590 5072 surripuisset
621 5004 653 5049 et
683 4991 900 5071 subtraxisset,
930 4991 998 5076 ipse
1031 5009 1109 5055 vero
1143 5012 1182 5053 ea
1214 5012 1376 5055 converso

1282 5105 1321 5152 tt
