3142 5356
485 508 572 564 Anno
595 520 686 583 1504.
710 539 755 550 —
777 518 826 582 27.
842 507 994 582 januarii.
1319 518 1374 584 145

148 720 245 798 Feria
274 729 384 798 tercia
412 728 568 815 proxima
598 734 674 813 post
702 725 825 796 festum
855 727 944 796 beati
976 725 1144 796 Vincencii
1174 722 1337 795 martiris.

618 888 681 954 (23.
697 877 860 952 januarii).

214 1018 321 1081 Causa
347 1030 434 1080 mota
467 1017 549 1078 inter
582 1016 782 1099 Stephanum
813 1016 974 1078 literatum
1000 1032 1031 1078 et
1055 1016 1246 1079 Michaelem
1278 1015 1374 1079 freni·

105 1145 217 1209 parem
244 1125 373 1187 racione
398 1138 429 1185 et
453 1137 600 1206 pretextu
628 1123 842 1205 quarumdam
876 1124 998 1184 eutium
1023 1122 1199 1186 foratarum
1224 1124 1373 1203 duarum,

106 1233 233 1294 domiui
258 1231 352 1312 jurati
385 1230 621 1310 adjudicarunt,
653 1229 741 1310 quod
774 1247 870 1290 unam
901 1243 1006 1290 cutem
1031 1229 1070 1290 de
1104 1230 1225 1292 eisdem
1250 1231 1377 1292 cutibus

105 1340 194 1401 solus
219 1338 388 1399 Emericus
405 1356 469 1398 non
495 1337 634 1417 negavit,
655 1335 688 1396 in
706 1335 820 1396 eadem
845 1348 892 1395 eat
916 1335 1098 1411 convictus;
1124 1335 1164 1397 de
1188 1336 1250 1397 alia
1269 1350 1376 1398 autem

105 1461 178 1508 cute
204 1445 246 1506 ad
271 1458 423 1531 octavum
448 1443 534 1504 diem
559 1442 598 1503 ad
617 1461 731 1503 manus
753 1441 848 1502 unius
864 1442 958 1521 jurati
975 1441 1190 1522 juramentum
1217 1442 1378 1525 deponere

105 1550 214 1628 hebet,
239 1549 328 1631 quod
354 1549 380 1610 si
405 1548 717 1637 nequieriuextun'c
741 1547 772 1609 in
792 1547 911 1632 eadem
936 1549 1102 1641 conuictus
1126 1547 1220 1630 (erit).

311 1749 408 1822 leria
436 1751 536 1822 sexta
564 1757 641 1839 post
669 1748 924 1822 conversionem
953 1750 1043 1821 beati
1073 1748 1178 1822 Pauli.

617 1903 683 1980 (26.
699 1890 862 1986 januaria).
961 1888 1022 1895 Η
1115 1889 1155 1899 *¹

215 2046 324 2108 Causa
350 2046 432 2107 inter
456 2044 629 2107 discretum
655 2044 825 2106 dominum
848 2043 1050 2106 Anthonium
1077 2059 1107 2106 et
1131 2044 1295 2107 Thomam
1313 2066 1387 2108 car·.

107 2141 341 2236 pentarium
310 2153 439 2213 racione
464 2164 496 2213 et
511 2139 657 2233 pretextu
674 2137 841 2213 cuiusdam
860 2149 1003 2229 inlamie,
1026 2151 1150 2213 domini
1168 2137 1262 2233 jurati
1280 2172 1379 2235 penes

109 2257 355 2339 deposicionem
380 2257 509 2319 testium
528 2256 744 2338 plurimorum
766 2257 872 2319 taliter
889 2255 1125 2336 adjudicarunt,
1150 2258 1253 2338 quod
1266 2257 1391 2340 prelati.

110 2379 206 2425 testes
229 2364 455 2427 testimonium
486 2363 645 2460 testificati
673 2378 757 2442 sunt,
790 2377 825 2424 ut
848 2361 990 2445 prefatus
1021 2363 1181 2457 dominus
1196 2365 1380 2428 Anthonius

107 2471 166 2532 illo
191 2485 338 2553 tempore
363 2469 453 2532 luit'
446 2491 479 2531 rn
486 2450 603 2532 domo
631 2490 698 2549 sua,
723 2484 819 2552 prout
836 2483 931 2530 testes
955 2470 1015 2552 ipsi
1040 2468 1113 2533 lassi
1146 2450 1231 2550 sunt,
1256 2484 1287 2534 et
1310 2492 1376 2534 non

108 2577 140 2638 in
168 2577 268 2640 domo
293 2578 398 2639 aliena
423 2597 496 2639 cum
521 2578 751 2655 meretricibus,
776 2576 850 2638 ideo
880 2577 966 2638 idern
992 2577 1138 2639 Thomas
1162 2580 1380 2661 carpentarius

108 2682 234 2766 prelato
260 2684 395 2745 domino
420 2683 587 2745 Anthonio
612 2684 778 2744 convictus
802 2696 848 2745 est
872 2683 904 2743 in
929 2683 1004 2743 vivo
1032 2681 1220 2766 (h)omagi0.

217 2788 343 2850 Eodem
368 2790 420 2851 die
441 2809 536 2850 causa
554 2789 636 2849 inter
654 2807 785 2849 uxorem
805 2788 959 2849 Sinkonis
975 2802 1006 2849 et
1022 2788 1192 2850 Nicolaum
1210 2809 1380 2872 campane-

109 2912 214 2959 torem
237 2897 367 2958 racione
392 2911 423 2959 et
438 2909 583 2978 pretextu
608 2895 771 2977 vituperii,
796 2895 851 2959 ubi
870 2895 973 2955 dictus
996 2896 1149 2956 Nicolaus
1173 2895 1291 2976 objecit
1308 2916 1378 2959 eam

110 3004 296 3085 vituperans
313 3017 344 3066 et
361 3003 533 3064 nominans
545 2991 746 3063 meretricem
765 3001 995 3062 sacerdotalem
1010 3016 1041 3063 et
1056 3001 1263 3081 scholarium,
1280 3023 1379 3084 penes

111 3111 333 3172 testimonium
358 3125 467 3172 contra
493 3110 614 3171 dictum
641 3109 813 3171 Nicolaum
842 3107 960 3170 lactum
986 3109 1110 3170 domini
1135 3109 1229 3189 jurati
1253 3110 1378 3192 adjudi-

112 3232 224 3280 carunt
247 3218 353 3301 ipsum
379 3217 446 3279 fieri
472 3218 505 3279 in
530 3217 605 3278 vivo
629 3195 819 3298 (h)o⁴magio.

193 3421 339 3492 Sabbato
368 3419 519 3510 proximo
547 3430 623 3509 post
652 3419 774 3490 festum
812 3417 1047 3489 Conversionis
1075 3419 1165 3490 beati
1195 3420 1301 3491 Pauli.

622 3584 683 3649 (27.
700 3571 869 3647 januarii).

223 3697 373 3759 Seniores
390 3695 511 3776 judices
531 3695 626 3756 huius
644 3694 781 3755 civitatis
806 3714 933 3755 causam
952 3709 1072 3756 motam
1091 3696 1172 3757 inter
1196 3710 1380 3758 executores

116 3803 251 3864 condam
284 3803 394 3864 lacobi
430 3800 590 3863 Beledich
624 3815 654 3862 et
680 3800 823 3876 ¹Paulum
857 3800 1011 3878 Pechich,
1044 3815 1189 3883 tempore
1223 3803 1380 3881 judicatus

116 3909 336 3991 circumspecti
364 3908 484 3970 Mathie
508 3908 643 3968 senioris
667 3907 792 3987 judicis,
818 3907 904 3988 prius
929 3927 986 3988 per
1010 3907 1129 3987 juratos
1154 3909 1379 3988 adjudicatam,

116 4017 241 4078 racione
257 4029 288 4077 et
306 4029 450 4097 pretextu
467 4015 578 4076 decem
602 4015 683 4091 flor,
701 4015 754 4075 ubi
773 4027 890 4074 eotunc
907 4014 1010 4075 dictus
1029 4014 1147 4075 Paulus
1165 4015 1300 4076 Pechich
1315 4037 1378 4078 non

115 4136 283 4184 contentus
307 4122 363 4182 sed
389 4121 564 4204 appellavit
584 4121 623 4181 ad
646 4121 790 4181 seniores
808 4120 938 4199 judices,
962 4122 1017 4181 ubi
1042 4122 1139 4182 iidem
1167 4123 1265 4182 modo
1284 4120 1377 4184 infra-

114 4229 230 4310 scripto
243 4227 349 4290 taliter
359 4228 441 4289 inter
455 4242 559 4309 partes
569 4226 706 4309 prelatas
719 4226 953 4305 adjudicarunt,
972 4241 1004 4288 ut
1019 4227 1104 4288 idem
1116 4228 1234 4290 Paulus
1245 4229 1381 4290 Pechich

114 4355 150 4396 ex
174 4354 240 4417 quo
265 4334 410 4395 debitum
437 4332 594 4416 prefatum
615 4333 744 4413 negavit
766 4353 801 4393 ac
820 4353 924 4414 neque
950 4348 1044 4394 testes
1068 4336 1162 4395 ambe
1180 4330 1381 4415 partes'inibi

112 4454 188 4503 tunc
212 4441 384 4502 existentes
408 4440 577 4501 admittere
599 4439 783 4514 noluerunt,
811 4459 868 4520 pro
886 4459 924 4499 eo
951 4439 1055 4500 dictus
1080 4441 1197 4501 Paulus
1222 4440 1261 4500 ad
1287 4442 1381 4522 quin-

111 4548 349 4610 tumdecimum
383 4547 468 4608 diem
502 4546 717 4626 juramentum
752 4546 914 4626 deponere
942 4547 1048 4623 habet,
1074 4562 1107 4608 ut
1140 4567 1245 4627 neque
1279 4549 1383 4608 dictus

114 4655 234 4716 Paulus
260 4652 320 4715 luit
345 4653 515 4716 consocius
539 4667 570 4714 et
594 4671 699 4732 neque
725 4651 885 4713 commisit
907 4672 986 4713 uxor
1010 4674 1066 4714 sua
1092 4654 1198 4715 eidem
1223 4653 1382 4735 prelatum

112 4763 260 4824 debitum
279 4761 447 4836 exolvere;
472 4761 496 4822 si
516 4759 679 4840 juraverit,
704 4773 819 4819 extunc
844 4759 927 4819 idem
947 4761 1098 4822 reddetur
1123 4761 1214 4836 liber,
1232 4761 1257 4820 si
1276 4776 1382 4823 autem

110 4869 331 4952 juramentum
356 4867 519 4949 deponere
544 4866 731 4947 neglexerit,
757 4886 796 4925 eo
825 4864 908 4927 lacto
934 4868 1100 4929 convictus
1125 4883 1170 4928 est
1196 4868 1228 4928 in
1254 4866 1383 4948 prefatis

110 4970 1391 5057 decemflor.;dequojudicioseniorumjudicumpartesambecontentesunt.

640 5104 853 5121 *⁴⁶*-
1297 5088 1340 5133 lO
