3142 5356
497 1330 625 1430 (Anno
654 1329 810 1417 Domini
837 1329 1062 1432 MGCGGH.)

150 1670 258 1761 Nota,
280 1672 344 1744 sub
365 1694 459 1744 ranno
480 1670 623 1744 Domini
655 1671 843 1745 millesimo
864 1670 1221 1769 quadringentesimo
1247 1672 1422 1760 secundm

150 1803 316 1893 tempore
347 1795 476 1868 domini
498 1795 668 1895 lobannis
697 1794 754 1868 filii
779 1795 888 1885 Pauli,
913 1794 1053 1891 judicis,
1085 1817 1237 1894 presens
1266 1795 1423 1870 katemn

628 1928 685 1994 est
715 1920 931 2018 conscripta.

257 2131 334 2191 ltem
360 2130 446 2211 quod
471 2132 545 2212 quia
572 2130 688 2213 Gyuan
719 2129 803 2190 filius
829 2129 1006 2207 Benedicti,
1039 2129 1163 2211 pridem
1190 2129 1299 2208 judex,
1324 2149 1417 2211 super

152 2251 347 2298 conventum
372 2238 504 2298 ecclesie
530 2238 613 2298 beati
639 2237 764 2297 Nicolai
791 2256 845 2316 per
879 2234 1016 2297 formam
1042 2235 1243 2314 judiciariam
1269 2256 1306 2297 ac
1332 2237 1415 2297 iuxta

151 2344 387 2405 continenciam
412 2344 574 2405 literarum
602 2344 746 2404 eiusdem
765 2343 847 2403 Petri
872 2343 986 2424 prioris
1012 2343 1144 2404 ecclesie
1170 2343 1314 2425 predicte
1333 2342 1412 2403 beati

151 2451 274 2511 Nicolai
301 2451 398 2510 nostri
425 2451 455 2511 in
482 2451 679 2532 presenciam
713 2450 853 2510 obtinuit
887 2465 917 2511 et
941 2450 1100 2531 pervenit,
1123 2449 1196 2511 ideo
1222 2470 1282 2511 nos
1310 2450 1411 2511 literas

151 2570 273 2617 nostras
290 2577 385 2638 super
403 2558 480 2637 ipsa,
507 2577 568 2637 que
588 2555 646 2617 fuit
664 2556 750 2617 dicto
768 2557 905 2616 claustro
929 2576 985 2636 per
1002 2556 1173 2616 Nicolaum
1192 2555 1295 2617 filium
1316 2557 1410 2618 Bene·

151 2663 225 2723 dicti
252 2663 324 2723 data
351 2677 381 2724 et
398 2663 512 2743 legata,
538 2662 698 2739 dedimus,
715 2677 862 2742 tempore
881 2662 956 2722 dicti
975 2662 1098 2722 domini
1117 2661 1274 2723 lobannis
1291 2661 1410 2743 judicis.

256 2769 332 2830 ltem
352 2768 466 2851 Gyuan
484 2768 569 2830 filius
586 2769 761 2847 Benedicti,
781 2768 904 2850 pridem
923 2767 1028 2849 judex,
1046 2767 1218 2849 predictus,
1236 2768 1408 2849 predictam

150 2890 264 2936 terram
289 2876 434 2936 vendidit
458 2875 591 2936 domino
617 2876 745 2936 Thome
770 2876 906 2936 viceario
931 2874 1101 2955 temporali
1134 2875 1339 2957 episcopatus
1361 2894 1407 2935 za·

149 2982 337 3063 grabiensis,
363 2996 507 3063 tempore
533 2982 631 3063 ipsius
657 2982 811 3043 lobannis
836 2982 960 3062 judicis.

257 3089 333 3149 ltem
360 3090 434 3169 quia
459 3088 612 3149 Nicolaus
630 3089 773 3149 literatus
798 3102 828 3150 et
854 3089 1017 3148 lohannes
1033 3084 1090 3147 filii
1110 3086 1199 3147 Pauli
1224 3087 1301 3149 dicti
1319 3087 1408 3148 Prau-

151 3195 234 3271 dieb,
260 3196 369 3277 vigore
395 3196 557 3256 literarum
592 3195 716 3255 domini
743 3196 841 3255 nostri
876 3195 958 3275 regis
990 3194 1273 3275 preceptoriarum,
1298 3215 1333 3255 ac
1357 3194 1407 3254 do·

151 3302 229 3362 mini
266 3301 421 3362 lobannis
446 3302 485 3362 de
519 3302 610 3362 Senis
642 3317 717 3362 tunc
751 3302 859 3362 vicarii
892 3300 1108 3381 zagrabiensis
1132 3300 1162 3360 in
1194 3301 1411 3382 spiritualibus

148 3409 306 3490 generalis
330 3408 585 3483 sentencialium‚
615 3409 788 3489 quemdam
822 3408 986 3486 oblortum,
1012 3407 1066 3487 qui
1091 3406 1259 3468 Francisce
1285 3423 1316 3468 et
1341 3408 1409 3469 Ber·

150 3515 236 3574 naldi
263 3513 432 3595 prefuisset
456 3534 511 3594 per
529 3515 768 3596 completiones
792 3515 1025 3594 legittimorum
1049 3512 1262 3574 terminorum
1280 3512 1410 3594 juridice
1463 3527 1475 3560 =

150 3621 350 3696 obtinuisset,
378 3621 450 3681 ideo
469 3621 572 3702 ipsum
599 3621 752 3701 (h)ortum
771 3641 869 3702 prope
896 3640 1024 3681 murum
1043 3633 1149 3681 nostre
1173 3621 1412 3683 communitatis
1453 3630 1475 3667 ὃ

149 3729 260 3788 subtus
285 3728 488 3808 porticullam
516 3748 645 3808 parvam
672 3728 710 3788 ad
737 3747 885 3809 campum
912 3742 1052 3805 euntem,
1077 3727 1196 3787 eisdem
1223 3726 1360 3789 Nicolao
1384 3742 1411 3787 et
1455 3731 1475 3777 :

150 3834 288 3894 lobanni
314 3834 486 3894 statuimus
511 3847 541 3894 et
566 3835 754 3914 reliquimus
780 3849 934 3916 perpetuo
959 3833 1200 3915 possidendum.

255 3941 331 4000 ltem
358 3941 455 4000 iidem
483 3941 635 4001 Nicolaus
669 3955 699 4001 et
725 3941 885 4002 lohannes
909 3941 1047 4002 eundem
1082 3939 1233 4021 (h)ortum
1260 3939 1410 4001 vendide·
1459 3961 1475 3971 ·

149 4062 222 4107 runt
254 4047 387 4108 domino
421 4047 548 4108 Tbome
583 4048 735 4128 Stephani
768 4049 886 4109 vicario
919 4047 1117 4128 zagrabieosi
1150 4047 1320 4128 temporali
1344 4066 1410 4129 per·
1462 4068 1475 4077 ·

148 4155 329 4235 petualiter,
355 4169 500 4234 tempore
526 4154 600 4214 dicti
628 4154 782 4215 lobannis
806 4154 929 4234 judicis.

256 4260 331 4320 ltem
351 4260 501 4319 dominus
519 4261 672 4321 Nicolaus
694 4262 847 4342 presbiter
872 4275 902 4322 et
925 4260 1041 4320 l’aulus
1060 4259 1159 4319 Tatar
1176 4259 1410 4320 concordarunt

149 4369 179 4428 in
205 4365 289 4429 facto
304 4368 420 4428 domus
446 4369 476 4427 in
503 4389 564 4449 qua
584 4389 668 4430 nunc
694 4371 758 4450 ipse
786 4370 903 4429 Paulus
920 4387 1042 4429 moram
1069 4365 1173 4443 trabit,
1197 4385 1237 4428 ex
1254 4386 1413 4429 consensu

148 4475 247 4556 ipsius
280 4475 403 4535 Nicolai
439 4476 530 4534 cessit
564 4476 620 4556 ipsi
657 4475 756 4535 Paulo
790 4489 819 4534 et
844 4475 908 4534 suis
933 4473 1120 4550 heredibus,
1152 4485 1299 4553 tempore
1336 4472 1415 4533 dicti

147 4581 271 4661 judicis.

255 4688 331 4748 ltem
348 4689 500 4748 dominus
517 4688 662 4769 blycbael
681 4690 835 4768 presbiter
853 4688 1008 4768 plebanus
1025 4687 1156 4747 ecclesie
1173 4688 1258 4748 beati
1277 4683 1416 4767 Georgii

148 4796 285 4859 martiris
310 4796 349 4857 de
376 4796 534 4872 llalconik,
561 4795 722 4876 quandam
749 4795 881 4854 domum
912 4813 1000 4854 suam
1025 4793 1084 4854 sibi
1110 4812 1166 4876 per
1190 4795 1329 4858 condam
1353 4793 1410 4854 do·
