3156 5364
688 320 775 379 Anno
798 319 894 399 1384.
1404 344 1425 408 7

265 530 345 593 Item
370 530 503 591 domina
521 535 614 592 Anna
640 550 720 592 uxor
738 531 877 594 Ladislai
895 530 952 594 filii
971 533 1096 595 Nicolai
1122 535 1306 617 propinavit
1322 555 1423 598 unum

155 634 298 699 fundum
323 639 416 698 Aulia
440 635 505 699 filie
530 651 562 698 et
586 637 757 699 Francisco
781 657 901 718 genero
926 639 1001 702 suis.

266 743 344 804 ltem
378 743 463 804 lwan
493 742 578 804 filius
610 743 765 805 iohannis
797 744 875 806 emit
903 765 1003 806 unum
1037 741 1173 807 fundum
1199 768 1217 808 a
1243 746 1424 808 Lowrando

157 848 226 911 filio
251 849 388 913 Nicolai.

266 955 344 1017 ltem
382 956 508 1017 Marcus
544 954 628 1017 filius
661 957 786 1019 Mikech
826 956 884 1019 filii
915 957 1075 1020 Francisci
1109 960 1186 1021 emit
1217 960 1423 1022 medietatem

159 1062 326 1123 cuiusdam
352 1062 446 1124 vinee
470 1082 486 1123 a
514 1062 646 1124 domina
672 1063 873 1144 Margaretha
898 1083 1008 1126 sorore
1032 1084 1099 1128 sua.

267 1168 345 1230 ltem
370 1169 498 1229 Marcus
530 1168 614 1229 filius
648 1169 776 1230 Mikeeh
801 1169 858 1231 filii
889 1171 1048 1233 Francisci
1082 1191 1118 1233 ac
1142 1172 1274 1233 domina
1299 1173 1424 1254 Marga-

159 1275 248 1337 retha
273 1273 338 1335 lilia
363 1275 506 1336 eiusdem
545 1274 672 1336 Milrech
698 1276 872 1357 quemdam
906 1275 1041 1338 fundum
1074 1279 1156 1340 inter
1178 1298 1212 1340 se
1236 1279 1423 1343 diviserunt.

265 1381 343 1442 Item
370 1382 495 1443 Marcus
526 1381 611 1442 filius
635 1382 763 1444 Mikech
795 1381 852 1444 filii
878 1383 1038 1445 Francisci
1070 1385 1149 1447 emit
1173 1404 1269 1446 unam
1295 1387 1423 1447 vineam

158 1508 174 1548 a
200 1489 379 1550 Laurentio
403 1487 507 1568 jurato
533 1487 647 1550 Galico
672 1488 738 1550 filio
764 1489 902 1552 Thome.

265 1594 341 1655 Item
378 1595 624 1657 Bartholomeus
655 1595 740 1657 lilius
770 1597 866 1657 Blasii
900 1597 1105 1660 medietatem
1138 1599 1305 1660 cuiusdam
1330 1600 1423 1662 vinee

159 1701 341 1783 propinavit
356 1701 487 1762 domine
506 1701 678 1764 Scolastice
696 1703 803 1765 relicte
822 1703 948 1765 domini
964 1704 1078 1788 Bolye‚
1094 1704 1191 1767 aliam
1207 1726 1285 1768 vero
1302 1706 1422 1770 medie-

160 1821 255 1869 tatem
282 1808 381 1890 ipsius
414 1807 506 1868 vinee
538 1807 680 1889 prelatus
705 1809 829 1870 Blasius
861 1810 967 1872 eidem
995 1810 1127 1873 domine
1159 1813 1423 1876 testamentaliter

160 1913 288 1995 legavit.

264 2019 341 2081 ltem
367 2040 425 2081 nos
443 2022 658 2083 communitas
675 2022 825 2084 dedimus
843 2042 942 2084 unum
968 2024 1076 2085 locum
1098 2023 1279 2086 molendini
1297 2023 1422 2109 Gywan

159 2124 224 2188 filio
250 2127 415 2188 Benedicti
441 2143 472 2189 et
496 2128 636 2190 iohanni
660 2128 728 2191 filio
753 2130 855 2192 Pauli.

264 2233 340 2295 ltem
366 2234 505 2314 quedam
525 2235 587 2296 due
612 2236 705 2297 vinee
731 2236 906 2319 Rodolpho
924 2235 991 2298 filio
1008 2236 1144 2316 Alberti,
1169 2257 1233 2319 que
1257 2237 1421 2300 Dominici

159 2340 288 2422 pictoris
301 2339 445 2420 fuissent,
458 2361 517 2423 pro
531 2342 672 2423 quodam
687 2343 797 2405 debito
811 2357 963 2426 perpetue
978 2356 1051 2403 sunt
1067 2356 1183 2404 statute
1196 2356 1227 2404 et
1239 2343 1420 2406 commisse.

263 2447 341 2508 ltem
376 2448 486 2509 Petrus
517 2449 673 2531 gladypar
699 2450 831 2511 terciam
860 2463 983 2532 partem
1015 2449 1180 2511 cuiusdam
1213 2448 1333 2531 (h)orti,
1357 2468 1420 2531 que

161 2553 284 2614 Nicolai
311 2553 387 2615 dicti
412 2554 583 2636 Hlebopelr
615 2555 832 2637 profuisset,a
858 2557 952 2617 nobis
984 2557 1130 2635 redemit,
1154 2570 1186 2618 et
1212 2556 1292 2617 duas
1315 2570 1420 2638 partes

157 2660 298 2721 eiusdem
332 2660 440 2741 (h)orti
472 2660 604 2722 domina
630 2662 797 2724 Elizabeth
830 2681 961 2723 consors
994 2682 1050 2723 sua
1073 2663 1134 2723 sibi
1159 2663 1352 2744 propinavit.

262 2765 339 2826 ltem
365 2765 527 2828 lohannes
559 2765 644 2828 filius
676 2768 766 2830 Pauli
799 2770 877 2830 emit
901 2788 997 2830 unam
1031 2781 1176 2850 quartam
1201 2766 1293 2830 lundi
1317 2789 1334 2830 a
1357 2770 1417 2832 Mi·

159 2871 265 2935 chaele
291 2887 322 2934 et
347 2873 517 2934 Leonardo
542 2872 617 2935 filiis
646 2875 835 2938 Sebastiani.

262 2981 339 3041 ltem
373 2980 504 3041 domina
541 2980 636 3042 Clara
668 2981 733 3043 lilia
759 2981 915 3043 lobannis
946 3001 1077 3043 consors
1101 2982 1264 3043 Valentini
1288 2985 1418 3045 sartoris

159 3085 211 3148 filii
236 3086 403 3149 Michaelis
427 3088 610 3170 propinavit
633 3089 795 3170 quendam
821 3088 956 3150 fundum
982 3089 1088 3150 eidem
1112 3089 1295 3153 Valentino.

261 3193 338 3254 ltem
371 3193 534 3256 lohannes
565 3194 649 3256 filius
675 3195 784 3256 Plahta
817 3209 847 3256 et
871 3195 1003 3256 domina
1034 3215 1165 3258 consors
1188 3216 1244 3257 sua
1269 3211 1417 3259 emerunt

159 3319 250 3361 unani
278 3300 404 3361 vineam
431 3320 448 3360 a
472 3301 608 3361 Nicolao
633 3302 832 3383 carpentario
856 3301 923 3362 lilio
949 3302 1076 3384 Kapan.

261 3407 338 3468 ltem
362 3406 547 3468 Anthonius
572 3407 655 3468 lilius
680 3409 770 3469 Jursa
804 3408 1010 3470 medietatem
1043 3408 1209 3471 cuiusdam
1233 3407 1341 3490 (h)orti
1366 3410 1415 3471 sui

156 3510 227 3573 filiis
260 3513 386 3574 lwanka
416 3514 599 3594 propinavit
631 3530 661 3575 et
692 3515 789 3575 iidem
819 3514 877 3575 filii
908 3516 1034 3576 lwanka
1060 3516 1164 3597 ipsum
1189 3514 1342 3597 (h)ortum
1375 3517 1415 3577 ad

156 3620 248 3681 civile
276 3633 527 3701 assumpserunt.

259 3725 335 3787 ltem
363 3726 531 3786 Lorandus
554 3725 639 3787 lilius
663 3726 789 3787 Nicolai
814 3727 891 3788 emit
915 3746 1014 3786 unum
1041 3725 1178 3788 fundum
1203 3748 1220 3789 a
1246 3742 1414 3790 executore

155 3831 284 3894 domine
310 3830 393 3893 Gere
418 3831 482 3893 filie
508 3833 645 3914 Reynar.

259 3939 336 3999 ltem
362 3938 470 3999 Mathe
496 3938 579 3999 filius
605 3939 772 3999 Laurencii
799 3939 877 4000 emit
906 3958 1005 3999 unum
1030 3938 1166 4001 fundum
1191 3961 1207 4001 a
1235 3941 1414 4002 Laurencio

154 4060 261 4107 sutore
285 4043 352 4105 lilio
377 4045 533 4105 lobannis
557 4058 588 4105 et
612 4045 744 4105 domina
770 4045 942 4106 Katherina
969 4065 1065 4107 uxore
1091 4047 1246 4108 eiusdem.

260 4152 337 4212 ltem
362 4151 494 4231 quidam
521 4150 650 4229 fundus,
675 4152 730 4231 qui
756 4152 892 4212 condam
912 4151 1053 4234 Gyanini
1078 4153 1134 4214 filii
1161 4154 1327 4215 Michaelis
1343 4175 1413 4237 pre-

152 4256 273 4335 fuisset,
293 4276 350 4338 pro
368 4257 477 4318 debito
495 4278 553 4318 suo
573 4259 680 4318 Marco
699 4256 765 4318 lilio
791 4272 820 4319 et
838 4259 969 4319 domine
988 4260 1187 4340 Margarethe
1206 4260 1268 4321 lille
1287 4261 1413 4322 Mikech

153 4363 210 4426 filii
238 4364 396 4425 Francisci
422 4384 479 4445 pro
505 4364 620 4425 debitis
645 4383 755 4424 eorum
782 4380 934 4446 perpetue
959 4380 1005 4427 est
1028 4379 1172 4428 statutus.

261 4469 338 4541 ltern
364 4470 511 4552 Mathyas
535 4469 620 4531 filius
645 4470 730 4530 lwan
764 4485 794 4530 et
825 4471 932 4552 puella
959 4472 1035 4533 Ewa
1060 4487 1170 4534 vocata
1195 4473 1259 4534 filia
1284 4473 1413 4533 Andree

158 4577 233 4638 dicti
260 4577 374 4660 Jaakyn
407 4577 659 4658 propinaverunt
682 4576 843 4655 quendam
870 4575 1005 4639 lundum
1024 4580 1159 4641 Nicolao
1183 4578 1250 4641 filio
1275 4579 1359 4639 Petri
1377 4578 1416 4638 de

149 4684 321 4766 Zauersya.

676 4820 887 4839 ——Owss--w
