<?xml version="1.0" encoding="UTF-8"?>
<!DOCTYPE html PUBLIC "-//W3C//DTD XHTML 1.0 Transitional//EN"
    "http://www.w3.org/TR/xhtml1/DTD/xhtml1-transitional.dtd">
<html xmlns="http://www.w3.org/1999/xhtml" xml:lang="en" lang="en">
 <head>
  <title>
</title>
<meta http-equiv="Content-Type" content="text/html;charset=utf-8" />
  <meta name='ocr-system' content='tesseract 3.04.00' />
  <meta name='ocr-capabilities' content='ocr_page ocr_carea ocr_par ocr_line ocrx_word'/>
</head>
<body>
  <div class='ocr_page' id='page_1' title='image "./monumentahistor17laszgoog_0626.png"; bbox 0 0 3142 5356; ppageno 0'>
   <div class='ocr_carea' id='block_1_1' title="bbox 121 546 1392 3187">
    <p class='ocr_par' dir='ltr' id='par_1_1' title="bbox 125 546 1392 1167">
     <span class='ocr_line' id='line_1_1' title="bbox 234 546 1391 629; baseline -0.003 -17"><span class='ocrx_word' id='word_1_1' title='bbox 234 551 312 612; x_wconf 85' lang='lat' dir='ltr'>Item</span> <span class='ocrx_word' id='word_1_2' title='bbox 331 550 443 612; x_wconf 90' lang='lat' dir='ltr'>Katria</span> <span class='ocrx_word' id='word_1_3' title='bbox 457 550 567 611; x_wconf 93' lang='lat' dir='ltr'>relicta</span> <span class='ocrx_word' id='word_1_4' title='bbox 581 548 719 610; x_wconf 91' lang='lat' dir='ltr'>condam</span> <span class='ocrx_word' id='word_1_5' title='bbox 735 547 854 610; x_wconf 89' lang='lat' dir='ltr'>Mathei</span> <span class='ocrx_word' id='word_1_6' title='bbox 872 548 995 625; x_wconf 90' lang='lat' dir='ltr'>decani,</span> <span class='ocrx_word' id='word_1_7' title='bbox 1013 567 1098 609; x_wconf 90' lang='lat' dir='ltr'>nunc</span> <span class='ocrx_word' id='word_1_8' title='bbox 1112 567 1242 609; x_wconf 90' lang='lat' dir='ltr'>consors</span> <span class='ocrx_word' id='word_1_9' title='bbox 1259 546 1391 629; x_wconf 82' lang='lat' dir='ltr'>Georgii</span> 
     </span>
     <span class='ocr_line' id='line_1_2' title="bbox 133 653 1391 739; baseline -0.004 -20"><span class='ocrx_word' id='word_1_10' title='bbox 133 656 264 736; x_wconf 87' lang='lat' dir='ltr'>Thuch,</span> <span class='ocrx_word' id='word_1_11' title='bbox 290 656 452 738; x_wconf 89' lang='lat' dir='ltr'>quandam</span> <span class='ocrx_word' id='word_1_12' title='bbox 476 656 664 739; x_wconf 85' lang='lat' dir='ltr'>porcionem</span> <span class='ocrx_word' id='word_1_13' title='bbox 688 669 769 718; x_wconf 92' lang='lat' dir='ltr'>terre</span> <span class='ocrx_word' id='word_1_14' title='bbox 795 673 850 715; x_wconf 91' lang='lat' dir='ltr'>sue</span> <span class='ocrx_word' id='word_1_15' title='bbox 871 674 925 715; x_wconf 80' lang='lat' dir='ltr'>sex</span> <span class='ocrx_word' id='word_1_16' title='bbox 949 653 1000 715; x_wconf 89' lang='lat' dir='ltr'>vel</span> <span class='ocrx_word' id='word_1_17' title='bbox 1024 655 1101 715; x_wconf 88' lang='lat' dir='ltr'>citra</span> <span class='ocrx_word' id='word_1_18' title='bbox 1125 655 1231 715; x_wconf 89' lang='lat' dir='ltr'>sulcos</span> <span class='ocrx_word' id='word_1_19' title='bbox 1253 667 1335 716; x_wconf 86' lang='lat' dir='ltr'>terre</span> <span class='ocrx_word' id='word_1_20' title='bbox 1360 654 1391 714; x_wconf 93' lang='lat' dir='ltr'>in</span> 
     </span>
     <span class='ocr_line' id='line_1_3' title="bbox 125 759 1392 844; baseline -0.003 -19"><span class='ocrx_word' id='word_1_21' title='bbox 125 785 159 825; x_wconf 91' lang='lat' dir='ltr'>se</span> <span class='ocrx_word' id='word_1_22' title='bbox 185 763 417 841; x_wconf 88' lang='lat' dir='ltr'>continentem,</span> <span class='ocrx_word' id='word_1_23' title='bbox 435 763 516 824; x_wconf 91' lang='lat' dir='ltr'>inter</span> <span class='ocrx_word' id='word_1_24' title='bbox 540 776 656 823; x_wconf 88' lang='lat' dir='ltr'>terram</span> <span class='ocrx_word' id='word_1_25' title='bbox 675 761 773 823; x_wconf 90' lang='lat' dir='ltr'>Lucie</span> <span class='ocrx_word' id='word_1_26' title='bbox 790 761 899 822; x_wconf 91' lang='lat' dir='ltr'>relicte</span> <span class='ocrx_word' id='word_1_27' title='bbox 919 759 1136 844; x_wconf 82' lang='lat' dir='ltr'>Gerdsevvych</span> <span class='ocrx_word' id='word_1_28' title='bbox 1161 775 1193 822; x_wconf 89' lang='lat' dir='ltr'>et</span> <span class='ocrx_word' id='word_1_29' title='bbox 1216 761 1392 823; x_wconf 90' lang='lat' dir='ltr'>liberorum</span> 
     </span>
     <span class='ocr_line' id='line_1_4' title="bbox 126 867 1392 950; baseline -0.003 -18"><span class='ocrx_word' id='word_1_30' title='bbox 126 871 257 932; x_wconf 83' lang='lat' dir='ltr'>Andree</span> <span class='ocrx_word' id='word_1_31' title='bbox 283 870 322 932; x_wconf 92' lang='lat' dir='ltr'>de</span> <span class='ocrx_word' id='word_1_32' title='bbox 339 870 445 932; x_wconf 89' lang='lat' dir='ltr'>Turre</span> <span class='ocrx_word' id='word_1_33' title='bbox 470 889 506 931; x_wconf 91' lang='lat' dir='ltr'>ac</span> <span class='ocrx_word' id='word_1_34' title='bbox 528 888 618 930; x_wconf 88' lang='lat' dir='ltr'>secus</span> <span class='ocrx_word' id='word_1_35' title='bbox 642 868 727 930; x_wconf 90' lang='lat' dir='ltr'>viam</span> <span class='ocrx_word' id='word_1_36' title='bbox 755 886 961 929; x_wconf 88' lang='lat' dir='ltr'>communem</span> <span class='ocrx_word' id='word_1_37' title='bbox 987 867 1140 944; x_wconf 82' lang='lat' dir='ltr'><strong>habitam,</strong></span> <span class='ocrx_word' id='word_1_38' title='bbox 1166 867 1298 950; x_wconf 90' lang='lat' dir='ltr'>Symoni</span> <span class='ocrx_word' id='word_1_39' title='bbox 1324 867 1392 929; x_wconf 87' lang='lat' dir='ltr'>filio</span> 
     </span>
     <span class='ocr_line' id='line_1_5' title="bbox 127 974 1391 1057; baseline -0.003 -17"><span class='ocrx_word' id='word_1_40' title='bbox 127 976 297 1040; x_wconf 76' lang='lat' dir='ltr'>Michaelis</span> <span class='ocrx_word' id='word_1_41' title='bbox 331 976 371 1039; x_wconf 95' lang='lat' dir='ltr'>de</span> <span class='ocrx_word' id='word_1_42' title='bbox 405 975 537 1038; x_wconf 85' lang='lat' dir='ltr'>Raboch</span> <span class='ocrx_word' id='word_1_43' title='bbox 572 975 611 1035; x_wconf 92' lang='lat' dir='ltr'>de</span> <span class='ocrx_word' id='word_1_44' title='bbox 648 993 807 1036; x_wconf 88' lang='lat' dir='ltr'>consensu</span> <span class='ocrx_word' id='word_1_45' title='bbox 841 974 1020 1035; x_wconf 90' lang='lat' dir='ltr'>vicinorum</span> <span class='ocrx_word' id='word_1_46' title='bbox 1059 974 1203 1035; x_wconf 89' lang='lat' dir='ltr'>vendidit</span> <span class='ocrx_word' id='word_1_47' title='bbox 1235 989 1391 1057; x_wconf 91' lang='lat' dir='ltr'>perpetuo</span> 
     </span>
     <span class='ocr_line' id='line_1_6' title="bbox 125 1083 369 1167; baseline 0 -22"><span class='ocrx_word' id='word_1_48' title='bbox 125 1083 369 1167; x_wconf 87' lang='lat' dir='ltr'>possidendam.</span> 
     </span>
    </p>

    <p class='ocr_par' dir='ltr' id='par_1_2' title="bbox 121 1184 1391 3187">
     <span class='ocr_line' id='line_1_7' title="bbox 232 1184 1391 1269; baseline -0.001 -20"><span class='ocrx_word' id='word_1_49' title='bbox 232 1187 311 1250; x_wconf 83' lang='lat' dir='ltr'>Item</span> <span class='ocrx_word' id='word_1_50' title='bbox 336 1186 497 1269; x_wconf 83' lang='lat' dir='ltr'>Georgius</span> <span class='ocrx_word' id='word_1_51' title='bbox 521 1184 607 1248; x_wconf 86' lang='lat' dir='ltr'>filius</span> <span class='ocrx_word' id='word_1_52' title='bbox 631 1186 760 1249; x_wconf 92' lang='lat' dir='ltr'>Thome</span> <span class='ocrx_word' id='word_1_53' title='bbox 777 1186 915 1269; x_wconf 85' lang='lat' dir='ltr'>Aythlch</span> <span class='ocrx_word' id='word_1_54' title='bbox 940 1200 972 1248; x_wconf 89' lang='lat' dir='ltr'>et</span> <span class='ocrx_word' id='word_1_55' title='bbox 996 1187 1185 1248; x_wconf 86' lang='lat' dir='ltr'>Ambrosius</span> <span class='ocrx_word' id='word_1_56' title='bbox 1209 1185 1293 1247; x_wconf 87' lang='lat' dir='ltr'>filius</span> <span class='ocrx_word' id='word_1_57' title='bbox 1318 1185 1391 1248; x_wconf 89' lang='lat' dir='ltr'>Cle-</span> 
     </span>
     <span class='ocr_line' id='line_1_8' title="bbox 124 1293 1389 1376; baseline -0.001 -20"><span class='ocrx_word' id='word_1_58' title='bbox 124 1295 243 1356; x_wconf 90' lang='lat' dir='ltr'>mentis</span> <span class='ocrx_word' id='word_1_59' title='bbox 266 1293 324 1356; x_wconf 92' lang='lat' dir='ltr'>lilii</span> <span class='ocrx_word' id='word_1_60' title='bbox 350 1293 499 1376; x_wconf 89' lang='lat' dir='ltr'>Mykech,</span> <span class='ocrx_word' id='word_1_61' title='bbox 525 1293 689 1355; x_wconf 90' lang='lat' dir='ltr'>universas</span> <span class='ocrx_word' id='word_1_62' title='bbox 713 1294 931 1375; x_wconf 89' lang='lat' dir='ltr'>possessiones</span> <span class='ocrx_word' id='word_1_63' title='bbox 948 1308 979 1355; x_wconf 89' lang='lat' dir='ltr'>et</span> <span class='ocrx_word' id='word_1_64' title='bbox 1003 1312 1114 1355; x_wconf 91' lang='lat' dir='ltr'>eorum</span> <span class='ocrx_word' id='word_1_65' title='bbox 1133 1293 1302 1375; x_wconf 77' lang='lat' dir='ltr'>porciones</span> <span class='ocrx_word' id='word_1_66' title='bbox 1318 1313 1389 1375; x_wconf 94' lang='lat' dir='ltr'>pos·</span> 
     </span>
     <span class='ocr_line' id='line_1_9' title="bbox 123 1398 1389 1482; baseline -0.001 -20"><span class='ocrx_word' id='word_1_67' title='bbox 123 1401 333 1462; x_wconf 80' lang='lat' dir='ltr'>sessionarias</span> <span class='ocrx_word' id='word_1_68' title='bbox 357 1398 571 1482; x_wconf 78' lang='lat' dir='ltr'>infrascriptos</span> <span class='ocrx_word' id='word_1_69' title='bbox 601 1399 708 1462; x_wconf 89' lang='lat' dir='ltr'>taliter</span> <span class='ocrx_word' id='word_1_70' title='bbox 739 1400 821 1462; x_wconf 93' lang='lat' dir='ltr'>inter</span> <span class='ocrx_word' id='word_1_71' title='bbox 852 1421 884 1461; x_wconf 91' lang='lat' dir='ltr'>se</span> <span class='ocrx_word' id='word_1_72' title='bbox 911 1400 1103 1477; x_wconf 86' lang='lat' dir='ltr'>divisissent,</span> <span class='ocrx_word' id='word_1_73' title='bbox 1130 1400 1218 1481; x_wconf 91' lang='lat' dir='ltr'>quod</span> <span class='ocrx_word' id='word_1_74' title='bbox 1251 1400 1389 1482; x_wconf 89' lang='lat' dir='ltr'>quedam</span> 
     </span>
     <span class='ocr_line' id='line_1_10' title="bbox 126 1505 1390 1591; baseline 0 -23"><span class='ocrx_word' id='word_1_75' title='bbox 126 1507 244 1569; x_wconf 87' lang='lat' dir='ltr'>domus</span> <span class='ocrx_word' id='word_1_76' title='bbox 268 1527 285 1568; x_wconf 92' lang='lat' dir='ltr'>a</span> <span class='ocrx_word' id='word_1_77' title='bbox 310 1520 400 1590; x_wconf 90' lang='lat' dir='ltr'>parte</span> <span class='ocrx_word' id='word_1_78' title='bbox 424 1506 541 1567; x_wconf 90' lang='lat' dir='ltr'>domus</span> <span class='ocrx_word' id='word_1_79' title='bbox 566 1505 662 1568; x_wconf 87' lang='lat' dir='ltr'>Blasii</span> <span class='ocrx_word' id='word_1_80' title='bbox 688 1506 764 1568; x_wconf 91' lang='lat' dir='ltr'>dicti</span> <span class='ocrx_word' id='word_1_81' title='bbox 793 1507 1013 1591; x_wconf 91' lang='lat' dir='ltr'>Kurmanych,</span> <span class='ocrx_word' id='word_1_82' title='bbox 1045 1507 1185 1568; x_wconf 90' lang='lat' dir='ltr'>mediam</span> <span class='ocrx_word' id='word_1_83' title='bbox 1212 1507 1334 1568; x_wconf 92' lang='lat' dir='ltr'>curiam</span> <span class='ocrx_word' id='word_1_84' title='bbox 1358 1507 1390 1568; x_wconf 96' lang='lat' dir='ltr'>in</span> 
     </span>
     <span class='ocr_line' id='line_1_11' title="bbox 125 1612 1389 1695; baseline 0.001 -21"><span class='ocrx_word' id='word_1_85' title='bbox 125 1634 162 1676; x_wconf 91' lang='lat' dir='ltr'>se</span> <span class='ocrx_word' id='word_1_86' title='bbox 187 1614 366 1691; x_wconf 90' lang='lat' dir='ltr'>continens,</span> <span class='ocrx_word' id='word_1_87' title='bbox 390 1628 421 1674; x_wconf 89' lang='lat' dir='ltr'>et</span> <span class='ocrx_word' id='word_1_88' title='bbox 444 1612 585 1695; x_wconf 90' lang='lat' dir='ltr'>quedam</span> <span class='ocrx_word' id='word_1_89' title='bbox 609 1612 703 1674; x_wconf 90' lang='lat' dir='ltr'>vinea</span> <span class='ocrx_word' id='word_1_90' title='bbox 727 1613 809 1674; x_wconf 90' lang='lat' dir='ltr'>inter</span> <span class='ocrx_word' id='word_1_91' title='bbox 832 1614 959 1675; x_wconf 90' lang='lat' dir='ltr'>vineam</span> <span class='ocrx_word' id='word_1_92' title='bbox 985 1614 1163 1675; x_wconf 90' lang='lat' dir='ltr'>liberorum</span> <span class='ocrx_word' id='word_1_93' title='bbox 1189 1613 1271 1674; x_wconf 88' lang='lat' dir='ltr'>Petri</span> <span class='ocrx_word' id='word_1_94' title='bbox 1296 1614 1389 1675; x_wconf 92' lang='lat' dir='ltr'>Wre·</span> 
     </span>
     <span class='ocr_line' id='line_1_12' title="bbox 124 1719 1389 1801; baseline 0.001 -20"><span class='ocrx_word' id='word_1_95' title='bbox 124 1719 255 1782; x_wconf 90' lang='lat' dir='ltr'>charich</span> <span class='ocrx_word' id='word_1_96' title='bbox 278 1733 309 1782; x_wconf 93' lang='lat' dir='ltr'>et</span> <span class='ocrx_word' id='word_1_97' title='bbox 333 1720 425 1781; x_wconf 89' lang='lat' dir='ltr'>Pauli</span> <span class='ocrx_word' id='word_1_98' title='bbox 458 1719 729 1782; x_wconf 91' lang='lat' dir='ltr'>Charanthowich</span> <span class='ocrx_word' id='word_1_99' title='bbox 762 1720 880 1797; x_wconf 88' lang='lat' dir='ltr'>habita,</span> <span class='ocrx_word' id='word_1_100' title='bbox 912 1720 1008 1782; x_wconf 88' lang='lat' dir='ltr'>simul</span> <span class='ocrx_word' id='word_1_101' title='bbox 1033 1740 1105 1781; x_wconf 91' lang='lat' dir='ltr'>curn</span> <span class='ocrx_word' id='word_1_102' title='bbox 1138 1720 1302 1801; x_wconf 85' lang='lat' dir='ltr'>quoddam</span> <span class='ocrx_word' id='word_1_103' title='bbox 1328 1734 1389 1782; x_wconf 89' lang='lat' dir='ltr'>sta-</span> 
     </span>
     <span class='ocr_line' id='line_1_13' title="bbox 124 1825 1389 1908; baseline 0.001 -20"><span class='ocrx_word' id='word_1_104' title='bbox 124 1827 204 1888; x_wconf 93' lang='lat' dir='ltr'>bulo</span> <span class='ocrx_word' id='word_1_105' title='bbox 228 1827 261 1888; x_wconf 93' lang='lat' dir='ltr'>in</span> <span class='ocrx_word' id='word_1_106' title='bbox 286 1827 443 1888; x_wconf 91' lang='lat' dir='ltr'>suburbio</span> <span class='ocrx_word' id='word_1_107' title='bbox 466 1825 604 1888; x_wconf 90' lang='lat' dir='ltr'>civitatis</span> <span class='ocrx_word' id='word_1_108' title='bbox 627 1826 715 1908; x_wconf 93' lang='lat' dir='ltr'>quod</span> <span class='ocrx_word' id='word_1_109' title='bbox 741 1826 877 1887; x_wconf 86' lang='lat' dir='ltr'>condam</span> <span class='ocrx_word' id='word_1_110' title='bbox 903 1827 992 1908; x_wconf 81' lang='lat' dir='ltr'>longi</span> <span class='ocrx_word' id='word_1_111' title='bbox 1018 1827 1100 1888; x_wconf 86' lang='lat' dir='ltr'>Petri</span> <span class='ocrx_word' id='word_1_112' title='bbox 1126 1825 1296 1908; x_wconf 84' lang='lat' dir='ltr'>prefuerat,</span> <span class='ocrx_word' id='word_1_113' title='bbox 1313 1827 1389 1889; x_wconf 92' lang='lat' dir='ltr'>item</span> 
     </span>
     <span class='ocr_line' id='line_1_14' title="bbox 124 1932 1390 2015; baseline 0 -20"><span class='ocrx_word' id='word_1_114' title='bbox 124 1933 188 1995; x_wconf 92' lang='lat' dir='ltr'>due</span> <span class='ocrx_word' id='word_1_115' title='bbox 214 1934 306 1995; x_wconf 92' lang='lat' dir='ltr'>vinee</span> <span class='ocrx_word' id='word_1_116' title='bbox 331 1933 430 2015; x_wconf 80' lang='lat' dir='ltr'>vulgo</span> <span class='ocrx_word' id='word_1_117' title='bbox 455 1932 708 1995; x_wconf 83' lang='lat' dir='ltr'>Gochlewschalt</span> <span class='ocrx_word' id='word_1_118' title='bbox 733 1947 845 1995; x_wconf 90' lang='lat' dir='ltr'>vocate</span> <span class='ocrx_word' id='word_1_119' title='bbox 879 1947 909 1995; x_wconf 91' lang='lat' dir='ltr'>et</span> <span class='ocrx_word' id='word_1_120' title='bbox 932 1933 995 1994; x_wconf 93' lang='lat' dir='ltr'>due</span> <span class='ocrx_word' id='word_1_121' title='bbox 1020 1933 1191 2011; x_wconf 85' lang='lat' dir='ltr'>porciones</span> <span class='ocrx_word' id='word_1_122' title='bbox 1215 1947 1297 1995; x_wconf 89' lang='lat' dir='ltr'>terre</span> <span class='ocrx_word' id='word_1_123' title='bbox 1322 1953 1390 1995; x_wconf 88' lang='lat' dir='ltr'>ara-</span> 
     </span>
     <span class='ocr_line' id='line_1_15' title="bbox 125 2039 1389 2124; baseline -0.001 -21"><span class='ocrx_word' id='word_1_124' title='bbox 125 2040 202 2103; x_wconf 91' lang='lat' dir='ltr'>bilis</span> <span class='ocrx_word' id='word_1_125' title='bbox 225 2041 257 2102; x_wconf 93' lang='lat' dir='ltr'>in</span> <span class='ocrx_word' id='word_1_126' title='bbox 284 2039 493 2124; x_wconf 87' lang='lat' dir='ltr'>Cirlrwysche</span> <span class='ocrx_word' id='word_1_127' title='bbox 510 2039 628 2118; x_wconf 90' lang='lat' dir='ltr'>habite,</span> <span class='ocrx_word' id='word_1_128' title='bbox 652 2054 774 2121; x_wconf 91' lang='lat' dir='ltr'>septem</span> <span class='ocrx_word' id='word_1_129' title='bbox 793 2055 848 2101; x_wconf 92' lang='lat' dir='ltr'>aut</span> <span class='ocrx_word' id='word_1_130' title='bbox 865 2041 942 2102; x_wconf 90' lang='lat' dir='ltr'>citra</span> <span class='ocrx_word' id='word_1_131' title='bbox 959 2041 1060 2101; x_wconf 90' lang='lat' dir='ltr'>dietas</span> <span class='ocrx_word' id='word_1_132' title='bbox 1083 2054 1165 2102; x_wconf 89' lang='lat' dir='ltr'>terre</span> <span class='ocrx_word' id='word_1_133' title='bbox 1184 2040 1215 2101; x_wconf 93' lang='lat' dir='ltr'>in</span> <span class='ocrx_word' id='word_1_134' title='bbox 1239 2060 1272 2102; x_wconf 91' lang='lat' dir='ltr'>se</span> <span class='ocrx_word' id='word_1_135' title='bbox 1289 2041 1389 2102; x_wconf 93' lang='lat' dir='ltr'>conti·</span> 
     </span>
     <span class='ocr_line' id='line_1_16' title="bbox 123 2146 1388 2228; baseline -0.001 -20"><span class='ocrx_word' id='word_1_136' title='bbox 123 2162 249 2225; x_wconf 85' lang='lat' dir='ltr'>nentes,</span> <span class='ocrx_word' id='word_1_137' title='bbox 273 2166 347 2208; x_wconf 92' lang='lat' dir='ltr'>curn</span> <span class='ocrx_word' id='word_1_138' title='bbox 371 2146 438 2207; x_wconf 89' lang='lat' dir='ltr'>suis</span> <span class='ocrx_word' id='word_1_139' title='bbox 460 2146 667 2228; x_wconf 92' lang='lat' dir='ltr'>pertinenciis</span> <span class='ocrx_word' id='word_1_140' title='bbox 691 2160 722 2207; x_wconf 88' lang='lat' dir='ltr'>et</span> <span class='ocrx_word' id='word_1_141' title='bbox 742 2147 933 2208; x_wconf 89' lang='lat' dir='ltr'>utilitatibus</span> <span class='ocrx_word' id='word_1_142' title='bbox 950 2147 1128 2228; x_wconf 85' lang='lat' dir='ltr'>quibusvis,</span> <span class='ocrx_word' id='word_1_143' title='bbox 1152 2147 1296 2228; x_wconf 90' lang='lat' dir='ltr'>predicto</span> <span class='ocrx_word' id='word_1_144' title='bbox 1312 2150 1388 2207; x_wconf 87' lang='lat' dir='ltr'>Am·</span> 
     </span>
     <span class='ocr_line' id='line_1_17' title="bbox 126 2252 1388 2337; baseline -0.002 -21"><span class='ocrx_word' id='word_1_145' title='bbox 126 2255 236 2317; x_wconf 91' lang='lat' dir='ltr'>brosio</span> <span class='ocrx_word' id='word_1_146' title='bbox 261 2274 319 2337; x_wconf 93' lang='lat' dir='ltr'>pro</span> <span class='ocrx_word' id='word_1_147' title='bbox 350 2253 504 2336; x_wconf 89' lang='lat' dir='ltr'>porcione</span> <span class='ocrx_word' id='word_1_148' title='bbox 534 2272 591 2313; x_wconf 91' lang='lat' dir='ltr'>sua</span> <span class='ocrx_word' id='word_1_149' title='bbox 623 2252 869 2313; x_wconf 90' lang='lat' dir='ltr'>condivisionali</span> <span class='ocrx_word' id='word_1_150' title='bbox 905 2253 1072 2315; x_wconf 87' lang='lat' dir='ltr'>cessissent</span> <span class='ocrx_word' id='word_1_151' title='bbox 1104 2267 1259 2334; x_wconf 91' lang='lat' dir='ltr'>perpetuo</span> <span class='ocrx_word' id='word_1_152' title='bbox 1288 2253 1388 2334; x_wconf 89' lang='lat' dir='ltr'>possi·</span> 
     </span>
     <span class='ocr_line' id='line_1_18' title="bbox 123 2359 1387 2441; baseline -0.002 -19"><span class='ocrx_word' id='word_1_153' title='bbox 123 2361 249 2436; x_wconf 88' lang='lat' dir='ltr'>dende;</span> <span class='ocrx_word' id='word_1_154' title='bbox 274 2361 336 2422; x_wconf 91' lang='lat' dir='ltr'>alia</span> <span class='ocrx_word' id='word_1_155' title='bbox 360 2373 467 2421; x_wconf 90' lang='lat' dir='ltr'>autem</span> <span class='ocrx_word' id='word_1_156' title='bbox 493 2359 609 2419; x_wconf 89' lang='lat' dir='ltr'>domus</span> <span class='ocrx_word' id='word_1_157' title='bbox 633 2378 732 2441; x_wconf 92' lang='lat' dir='ltr'>penes</span> <span class='ocrx_word' id='word_1_158' title='bbox 748 2359 925 2439; x_wconf 90' lang='lat' dir='ltr'>predictam</span> <span class='ocrx_word' id='word_1_159' title='bbox 951 2359 1085 2420; x_wconf 89' lang='lat' dir='ltr'>domurn</span> <span class='ocrx_word' id='word_1_160' title='bbox 1109 2360 1208 2441; x_wconf 90' lang='lat' dir='ltr'>ipsius</span> <span class='ocrx_word' id='word_1_161' title='bbox 1224 2359 1387 2420; x_wconf 88' lang='lat' dir='ltr'>Ambrosii</span> 
     </span>
     <span class='ocr_line' id='line_1_19' title="bbox 122 2464 1388 2550; baseline -0.002 -21"><span class='ocrx_word' id='word_1_162' title='bbox 122 2482 154 2530; x_wconf 92' lang='lat' dir='ltr'>et</span> <span class='ocrx_word' id='word_1_163' title='bbox 178 2486 278 2550; x_wconf 88' lang='lat' dir='ltr'>penes</span> <span class='ocrx_word' id='word_1_164' title='bbox 302 2466 437 2527; x_wconf 88' lang='lat' dir='ltr'>domurn</span> <span class='ocrx_word' id='word_1_165' title='bbox 464 2465 546 2527; x_wconf 84' lang='lat' dir='ltr'>Petri</span> <span class='ocrx_word' id='word_1_166' title='bbox 572 2464 696 2547; x_wconf 89' lang='lat' dir='ltr'>Zulyak</span> <span class='ocrx_word' id='word_1_167' title='bbox 721 2479 752 2526; x_wconf 89' lang='lat' dir='ltr'>et</span> <span class='ocrx_word' id='word_1_168' title='bbox 775 2465 905 2526; x_wconf 91' lang='lat' dir='ltr'>alterius</span> <span class='ocrx_word' id='word_1_169' title='bbox 930 2465 1027 2527; x_wconf 88' lang='lat' dir='ltr'>Blasii</span> <span class='ocrx_word' id='word_1_170' title='bbox 1054 2465 1251 2526; x_wconf 89' lang='lat' dir='ltr'>Kurmanich</span> <span class='ocrx_word' id='word_1_171' title='bbox 1269 2464 1388 2543; x_wconf 88' lang='lat' dir='ltr'>habita,</span> 
     </span>
     <span class='ocr_line' id='line_1_20' title="bbox 121 2571 1387 2654; baseline -0.002 -20"><span class='ocrx_word' id='word_1_172' title='bbox 121 2573 270 2634; x_wconf 87' lang='lat' dir='ltr'>similiter</span> <span class='ocrx_word' id='word_1_173' title='bbox 294 2573 436 2634; x_wconf 90' lang='lat' dir='ltr'>mediam</span> <span class='ocrx_word' id='word_1_174' title='bbox 461 2572 583 2633; x_wconf 88' lang='lat' dir='ltr'>curiam</span> <span class='ocrx_word' id='word_1_175' title='bbox 608 2571 640 2632; x_wconf 93' lang='lat' dir='ltr'>in</span> <span class='ocrx_word' id='word_1_176' title='bbox 659 2591 693 2632; x_wconf 90' lang='lat' dir='ltr'>se</span> <span class='ocrx_word' id='word_1_177' title='bbox 714 2572 893 2649; x_wconf 90' lang='lat' dir='ltr'>continens,</span> <span class='ocrx_word' id='word_1_178' title='bbox 918 2572 995 2633; x_wconf 92' lang='lat' dir='ltr'>item</span> <span class='ocrx_word' id='word_1_179' title='bbox 1012 2573 1109 2633; x_wconf 91' lang='lat' dir='ltr'>tercia</span> <span class='ocrx_word' id='word_1_180' title='bbox 1127 2591 1200 2654; x_wconf 91' lang='lat' dir='ltr'>pars</span> <span class='ocrx_word' id='word_1_181' title='bbox 1223 2586 1305 2632; x_wconf 90' lang='lat' dir='ltr'>terre</span> <span class='ocrx_word' id='word_1_182' title='bbox 1322 2591 1387 2633; x_wconf 88' lang='lat' dir='ltr'>ara·</span> 
     </span>
     <span class='ocr_line' id='line_1_21' title="bbox 122 2677 1387 2761; baseline 0 -21"><span class='ocrx_word' id='word_1_183' title='bbox 122 2680 197 2741; x_wconf 90' lang='lat' dir='ltr'>bilis</span> <span class='ocrx_word' id='word_1_184' title='bbox 222 2680 254 2741; x_wconf 93' lang='lat' dir='ltr'>in</span> <span class='ocrx_word' id='word_1_185' title='bbox 280 2679 425 2761; x_wconf 93' lang='lat' dir='ltr'>predicto</span> <span class='ocrx_word' id='word_1_186' title='bbox 451 2677 658 2761; x_wconf 86' lang='lat' dir='ltr'>Cyrkwische</span> <span class='ocrx_word' id='word_1_187' title='bbox 696 2691 760 2739; x_wconf 92' lang='lat' dir='ltr'>tres</span> <span class='ocrx_word' id='word_1_188' title='bbox 783 2678 834 2739; x_wconf 92' lang='lat' dir='ltr'>vel</span> <span class='ocrx_word' id='word_1_189' title='bbox 867 2679 943 2740; x_wconf 91' lang='lat' dir='ltr'>citra</span> <span class='ocrx_word' id='word_1_190' title='bbox 968 2679 1069 2740; x_wconf 87' lang='lat' dir='ltr'>dietas</span> <span class='ocrx_word' id='word_1_191' title='bbox 1091 2693 1174 2740; x_wconf 90' lang='lat' dir='ltr'>terre</span> <span class='ocrx_word' id='word_1_192' title='bbox 1198 2679 1231 2740; x_wconf 92' lang='lat' dir='ltr'>in</span> <span class='ocrx_word' id='word_1_193' title='bbox 1254 2699 1287 2740; x_wconf 89' lang='lat' dir='ltr'>se</span> <span class='ocrx_word' id='word_1_194' title='bbox 1311 2698 1387 2740; x_wconf 91' lang='lat' dir='ltr'>con-</span> 
     </span>
     <span class='ocr_line' id='line_1_22' title="bbox 121 2783 1388 2866; baseline -0.002 -19"><span class='ocrx_word' id='word_1_195' title='bbox 121 2786 239 2864; x_wconf 87' lang='lat' dir='ltr'>tinens,</span> <span class='ocrx_word' id='word_1_196' title='bbox 271 2804 346 2846; x_wconf 88' lang='lat' dir='ltr'>cum</span> <span class='ocrx_word' id='word_1_197' title='bbox 378 2784 444 2846; x_wconf 89' lang='lat' dir='ltr'>suis</span> <span class='ocrx_word' id='word_1_198' title='bbox 476 2783 694 2866; x_wconf 83' lang='lat' dir='ltr'>pertinenciis,</span> <span class='ocrx_word' id='word_1_199' title='bbox 726 2802 763 2844; x_wconf 90' lang='lat' dir='ltr'>ac</span> <span class='ocrx_word' id='word_1_200' title='bbox 794 2783 934 2864; x_wconf 88' lang='lat' dir='ltr'>quedam</span> <span class='ocrx_word' id='word_1_201' title='bbox 959 2784 1022 2846; x_wconf 91' lang='lat' dir='ltr'>due</span> <span class='ocrx_word' id='word_1_202' title='bbox 1054 2784 1147 2846; x_wconf 89' lang='lat' dir='ltr'>vinee</span> <span class='ocrx_word' id='word_1_203' title='bbox 1172 2804 1244 2846; x_wconf 91' lang='lat' dir='ltr'>cum</span> <span class='ocrx_word' id='word_1_204' title='bbox 1268 2784 1388 2847; x_wconf 89' lang='lat' dir='ltr'>securis</span> 
     </span>
     <span class='ocr_line' id='line_1_23' title="bbox 122 2888 1387 2975; baseline 0 -23"><span class='ocrx_word' id='word_1_205' title='bbox 122 2892 193 2969; x_wconf 89' lang='lat' dir='ltr'>viia,</span> <span class='ocrx_word' id='word_1_206' title='bbox 219 2905 253 2952; x_wconf 94' lang='lat' dir='ltr'>ut</span> <span class='ocrx_word' id='word_1_207' title='bbox 277 2891 309 2952; x_wconf 91' lang='lat' dir='ltr'>in</span> <span class='ocrx_word' id='word_1_208' title='bbox 334 2891 426 2953; x_wconf 87' lang='lat' dir='ltr'>litera</span> <span class='ocrx_word' id='word_1_209' title='bbox 450 2890 643 2967; x_wconf 89' lang='lat' dir='ltr'>continetur,</span> <span class='ocrx_word' id='word_1_210' title='bbox 668 2889 728 2971; x_wconf 86' lang='lat' dir='ltr'>ipsi</span> <span class='ocrx_word' id='word_1_211' title='bbox 755 2888 897 2970; x_wconf 84' lang='lat' dir='ltr'>Georgio</span> <span class='ocrx_word' id='word_1_212' title='bbox 923 2890 1060 2975; x_wconf 79' lang='lat' dir='ltr'>Aythich</span> <span class='ocrx_word' id='word_1_213' title='bbox 1085 2891 1232 2952; x_wconf 89' lang='lat' dir='ltr'>similiter</span> <span class='ocrx_word' id='word_1_214' title='bbox 1256 2891 1287 2951; x_wconf 92' lang='lat' dir='ltr'>in</span> <span class='ocrx_word' id='word_1_215' title='bbox 1313 2911 1387 2973; x_wconf 92' lang='lat' dir='ltr'>pro·</span> 
     </span>
     <span class='ocr_line' id='line_1_24' title="bbox 122 2995 1385 3081; baseline 0 -22"><span class='ocrx_word' id='word_1_216' title='bbox 122 2998 291 3080; x_wconf 82' lang='lat' dir='ltr'>prietatem</span> <span class='ocrx_word' id='word_1_217' title='bbox 317 3012 348 3059; x_wconf 94' lang='lat' dir='ltr'>et</span> <span class='ocrx_word' id='word_1_218' title='bbox 372 2998 561 3079; x_wconf 90' lang='lat' dir='ltr'>porcionem</span> <span class='ocrx_word' id='word_1_219' title='bbox 593 3015 683 3057; x_wconf 90' lang='lat' dir='ltr'>suam</span> <span class='ocrx_word' id='word_1_220' title='bbox 717 2995 1004 3058; x_wconf 89' lang='lat' dir='ltr'>condivisionalem</span> <span class='ocrx_word' id='word_1_221' title='bbox 1038 3010 1200 3059; x_wconf 89' lang='lat' dir='ltr'>cesserunt</span> <span class='ocrx_word' id='word_1_222' title='bbox 1223 2996 1291 3078; x_wconf 90' lang='lat' dir='ltr'>jure</span> <span class='ocrx_word' id='word_1_223' title='bbox 1316 3018 1385 3081; x_wconf 91' lang='lat' dir='ltr'>per·</span> 
     </span>
     <span class='ocr_line' id='line_1_25' title="bbox 121 3104 453 3187; baseline -0.003 -21"><span class='ocrx_word' id='word_1_224' title='bbox 121 3117 223 3187; x_wconf 93' lang='lat' dir='ltr'>petuo</span> <span class='ocrx_word' id='word_1_225' title='bbox 247 3104 453 3187; x_wconf 89' lang='lat' dir='ltr'>possidende.</span> 
     </span>
    </p>
   </div>
   <div class='ocr_carea' id='block_1_2' title="bbox 175 3323 1331 3537">
    <p class='ocr_par' dir='ltr' id='par_1_3' title="bbox 175 3323 1331 3537">
     <span class='ocr_line' id='line_1_26' title="bbox 175 3323 1331 3413; baseline -0.002 -16"><span class='ocrx_word' id='word_1_226' title='bbox 175 3325 259 3397; x_wconf 84' lang='lat' dir='ltr'>ltenr</span> <span class='ocrx_word' id='word_1_227' title='bbox 287 3325 373 3396; x_wconf 89' lang='lat' dir='ltr'>lerla</span> <span class='ocrx_word' id='word_1_228' title='bbox 404 3323 509 3397; x_wconf 88' lang='lat' dir='ltr'>tercia</span> <span class='ocrx_word' id='word_1_229' title='bbox 538 3324 692 3413; x_wconf 79' lang='lat' dir='ltr'>proxima</span> <span class='ocrx_word' id='word_1_230' title='bbox 721 3334 797 3413; x_wconf 85' lang='lat' dir='ltr'>post</span> <span class='ocrx_word' id='word_1_231' title='bbox 825 3325 947 3396; x_wconf 81' lang='lat' dir='ltr'>festum</span> <span class='ocrx_word' id='word_1_232' title='bbox 976 3323 1206 3396; x_wconf 78' lang='lat' dir='ltr'>conversionis</span> <span class='ocrx_word' id='word_1_233' title='bbox 1243 3323 1331 3397; x_wconf 86' lang='lat' dir='ltr'>beati</span> 
     </span>
     <span class='ocr_line' id='line_1_27' title="bbox 612 3447 894 3537; baseline 0 -19"><span class='ocrx_word' id='word_1_234' title='bbox 612 3447 709 3520; x_wconf 86' lang='lat' dir='ltr'>Pauli</span> <span class='ocrx_word' id='word_1_235' title='bbox 737 3447 894 3537; x_wconf 84' lang='lat' dir='ltr'>apostoli.</span> 
     </span>
    </p>
   </div>
   <div class='ocr_carea' id='block_1_3' title="bbox 632 3602 872 3678">
    <p class='ocr_par' dir='ltr' id='par_1_4' title="bbox 632 3602 872 3678">
     <span class='ocr_line' id='line_1_28' title="bbox 632 3602 872 3678; baseline 0.013 -19"><span class='ocrx_word' id='word_1_236' title='bbox 632 3602 694 3678; x_wconf 86' lang='lat'><em>(27.</em></span> <span class='ocrx_word' id='word_1_237' title='bbox 710 3602 872 3678; x_wconf 81' lang='lat' dir='ltr'>januarii).</span> 
     </span>
    </p>
   </div>
   <div class='ocr_carea' id='block_1_4' title="bbox 121 3741 1384 4894">
    <p class='ocr_par' dir='ltr' id='par_1_5' title="bbox 121 3741 1384 4573">
     <span class='ocr_line' id='line_1_29' title="bbox 228 3741 1384 3826; baseline 0.002 -22"><span class='ocrx_word' id='word_1_238' title='bbox 228 3743 306 3806; x_wconf 90' lang='lat' dir='ltr'>ltem</span> <span class='ocrx_word' id='word_1_239' title='bbox 333 3743 488 3825; x_wconf 91' lang='lat' dir='ltr'>providus</span> <span class='ocrx_word' id='word_1_240' title='bbox 512 3743 559 3804; x_wconf 93' lang='lat' dir='ltr'>vir</span> <span class='ocrx_word' id='word_1_241' title='bbox 585 3743 686 3804; x_wconf 89' lang='lat' dir='ltr'>Bensa</span> <span class='ocrx_word' id='word_1_242' title='bbox 711 3743 853 3804; x_wconf 90' lang='lat' dir='ltr'>concivis</span> <span class='ocrx_word' id='word_1_243' title='bbox 877 3756 985 3804; x_wconf 89' lang='lat' dir='ltr'>noster</span> <span class='ocrx_word' id='word_1_244' title='bbox 1008 3741 1094 3804; x_wconf 89' lang='lat' dir='ltr'>filius</span> <span class='ocrx_word' id='word_1_245' title='bbox 1112 3743 1258 3824; x_wconf 82' lang='lat' dir='ltr'>Dragech</span> <span class='ocrx_word' id='word_1_246' title='bbox 1283 3763 1384 3826; x_wconf 90' lang='lat' dir='ltr'>quan·</span> 
     </span>
     <span class='ocr_line' id='line_1_30' title="bbox 121 3847 1384 3931; baseline 0 -19"><span class='ocrx_word' id='word_1_247' title='bbox 121 3852 197 3913; x_wconf 90' lang='lat' dir='ltr'>dam</span> <span class='ocrx_word' id='word_1_248' title='bbox 224 3851 357 3915; x_wconf 90' lang='lat' dir='ltr'>domum</span> <span class='ocrx_word' id='word_1_249' title='bbox 383 3868 472 3911; x_wconf 89' lang='lat' dir='ltr'>suam</span> <span class='ocrx_word' id='word_1_250' title='bbox 498 3870 570 3911; x_wconf 90' lang='lat' dir='ltr'>cum</span> <span class='ocrx_word' id='word_1_251' title='bbox 594 3847 695 3912; x_wconf 86' lang='lat' dir='ltr'>londo</span> <span class='ocrx_word' id='word_1_252' title='bbox 720 3863 750 3911; x_wconf 93' lang='lat' dir='ltr'>et</span> <span class='ocrx_word' id='word_1_253' title='bbox 775 3850 893 3912; x_wconf 89' lang='lat' dir='ltr'>celario</span> <span class='ocrx_word' id='word_1_254' title='bbox 917 3852 1125 3911; x_wconf 88' lang='lat' dir='ltr'>subterraneo</span> <span class='ocrx_word' id='word_1_255' title='bbox 1150 3849 1255 3911; x_wconf 91' lang='lat' dir='ltr'>eidem</span> <span class='ocrx_word' id='word_1_256' title='bbox 1279 3849 1384 3931; x_wconf 85' lang='lat' dir='ltr'>subja·</span> 
     </span>
     <span class='ocr_line' id='line_1_31' title="bbox 123 3954 1383 4020; baseline -0.002 0"><span class='ocrx_word' id='word_1_257' title='bbox 123 3958 208 4020; x_wconf 93' lang='lat' dir='ltr'>centi</span> <span class='ocrx_word' id='word_1_258' title='bbox 240 3976 276 4018; x_wconf 88' lang='lat' dir='ltr'>ac</span> <span class='ocrx_word' id='word_1_259' title='bbox 309 3954 465 4018; x_wconf 89' lang='lat' dir='ltr'>hedificiis</span> <span class='ocrx_word' id='word_1_260' title='bbox 497 3957 529 4016; x_wconf 93' lang='lat' dir='ltr'>in</span> <span class='ocrx_word' id='word_1_261' title='bbox 561 3956 644 4017; x_wconf 91' lang='lat' dir='ltr'>dicta</span> <span class='ocrx_word' id='word_1_262' title='bbox 675 3957 802 4018; x_wconf 89' lang='lat' dir='ltr'>civitate</span> <span class='ocrx_word' id='word_1_263' title='bbox 836 3956 917 4017; x_wconf 92' lang='lat' dir='ltr'>inter</span> <span class='ocrx_word' id='word_1_264' title='bbox 949 3955 1065 4016; x_wconf 91' lang='lat' dir='ltr'>dornos</span> <span class='ocrx_word' id='word_1_265' title='bbox 1097 3968 1128 4017; x_wconf 90' lang='lat' dir='ltr'>et</span> <span class='ocrx_word' id='word_1_266' title='bbox 1163 3957 1266 4017; x_wconf 89' lang='lat' dir='ltr'>curias</span> <span class='ocrx_word' id='word_1_267' title='bbox 1300 3957 1383 4019; x_wconf 89' lang='lat' dir='ltr'>Petri</span> 
     </span>
     <span class='ocr_line' id='line_1_32' title="bbox 123 4062 1383 4146; baseline -0.001 -20"><span class='ocrx_word' id='word_1_268' title='bbox 123 4063 330 4146; x_wconf 89' lang='lat' dir='ltr'>Horwathyn</span> <span class='ocrx_word' id='word_1_269' title='bbox 356 4077 386 4124; x_wconf 91' lang='lat' dir='ltr'>et</span> <span class='ocrx_word' id='word_1_270' title='bbox 410 4062 541 4124; x_wconf 90' lang='lat' dir='ltr'>alterius</span> <span class='ocrx_word' id='word_1_271' title='bbox 558 4064 640 4124; x_wconf 89' lang='lat' dir='ltr'>Petri</span> <span class='ocrx_word' id='word_1_272' title='bbox 667 4062 793 4125; x_wconf 88' lang='lat' dir='ltr'>Chikan</span> <span class='ocrx_word' id='word_1_273' title='bbox 811 4062 1042 4142; x_wconf 79' lang='lat' dir='ltr'>cognominati,</span> <span class='ocrx_word' id='word_1_274' title='bbox 1066 4062 1106 4122; x_wconf 94' lang='lat' dir='ltr'>ab</span> <span class='ocrx_word' id='word_1_275' title='bbox 1130 4081 1193 4123; x_wconf 90' lang='lat' dir='ltr'>una</span> <span class='ocrx_word' id='word_1_276' title='bbox 1219 4076 1319 4144; x_wconf 91' lang='lat' dir='ltr'>parte,</span> <span class='ocrx_word' id='word_1_277' title='bbox 1342 4065 1383 4125; x_wconf 92' lang='lat' dir='ltr'>ab</span> 
     </span>
     <span class='ocr_line' id='line_1_33' title="bbox 124 4167 1383 4252; baseline -0.002 -20"><span class='ocrx_word' id='word_1_278' title='bbox 124 4171 225 4233; x_wconf 88' lang='lat' dir='ltr'>altera</span> <span class='ocrx_word' id='word_1_279' title='bbox 256 4188 332 4230; x_wconf 92' lang='lat' dir='ltr'>vero</span> <span class='ocrx_word' id='word_1_280' title='bbox 368 4174 497 4252; x_wconf 86' lang='lat' dir='ltr'>Agycze</span> <span class='ocrx_word' id='word_1_281' title='bbox 528 4170 671 4231; x_wconf 91' lang='lat' dir='ltr'>mulieris</span> <span class='ocrx_word' id='word_1_282' title='bbox 702 4169 859 4230; x_wconf 90' lang='lat' dir='ltr'>consortis</span> <span class='ocrx_word' id='word_1_283' title='bbox 892 4167 1057 4230; x_wconf 90' lang='lat' dir='ltr'>Groshans</span> <span class='ocrx_word' id='word_1_284' title='bbox 1088 4167 1229 4229; x_wconf 89' lang='lat' dir='ltr'>habitam</span> <span class='ocrx_word' id='word_1_285' title='bbox 1263 4182 1294 4231; x_wconf 91' lang='lat' dir='ltr'>et</span> <span class='ocrx_word' id='word_1_286' title='bbox 1319 4169 1383 4230; x_wconf 83' lang='lat' dir='ltr'>exi·</span> 
     </span>
     <span class='ocr_line' id='line_1_34' title="bbox 125 4273 1383 4358; baseline -0.001 -20"><span class='ocrx_word' id='word_1_287' title='bbox 125 4291 274 4356; x_wconf 89' lang='lat' dir='ltr'>stentem,</span> <span class='ocrx_word' id='word_1_288' title='bbox 298 4295 372 4338; x_wconf 93' lang='lat' dir='ltr'>cum</span> <span class='ocrx_word' id='word_1_289' title='bbox 395 4277 461 4337; x_wconf 90' lang='lat' dir='ltr'>suis</span> <span class='ocrx_word' id='word_1_290' title='bbox 492 4277 697 4358; x_wconf 90' lang='lat' dir='ltr'>pertinenciis</span> <span class='ocrx_word' id='word_1_291' title='bbox 722 4275 851 4336; x_wconf 85' lang='lat' dir='ltr'>Thorne</span> <span class='ocrx_word' id='word_1_292' title='bbox 883 4275 969 4337; x_wconf 93' lang='lat' dir='ltr'>dicto</span> <span class='ocrx_word' id='word_1_293' title='bbox 996 4273 1122 4336; x_wconf 90' lang='lat' dir='ltr'>Konich</span> <span class='ocrx_word' id='word_1_294' title='bbox 1146 4273 1213 4336; x_wconf 86' lang='lat' dir='ltr'>filio</span> <span class='ocrx_word' id='word_1_295' title='bbox 1239 4275 1322 4336; x_wconf 87' lang='lat' dir='ltr'>Petri</span> <span class='ocrx_word' id='word_1_296' title='bbox 1347 4295 1383 4337; x_wconf 93' lang='lat' dir='ltr'>ac</span> 
     </span>
     <span class='ocr_line' id='line_1_35' title="bbox 124 4380 1383 4466; baseline -0.002 -21"><span class='ocrx_word' id='word_1_297' title='bbox 124 4403 180 4466; x_wconf 92' lang='lat' dir='ltr'>per</span> <span class='ocrx_word' id='word_1_298' title='bbox 205 4402 280 4445; x_wconf 90' lang='lat' dir='ltr'>eum</span> <span class='ocrx_word' id='word_1_299' title='bbox 306 4383 371 4443; x_wconf 89' lang='lat' dir='ltr'>suis</span> <span class='ocrx_word' id='word_1_300' title='bbox 395 4381 568 4444; x_wconf 91' lang='lat' dir='ltr'>heredibus</span> <span class='ocrx_word' id='word_1_301' title='bbox 592 4402 649 4465; x_wconf 93' lang='lat' dir='ltr'>pro</span> <span class='ocrx_word' id='word_1_302' title='bbox 683 4382 837 4444; x_wconf 88' lang='lat' dir='ltr'>tredecim</span> <span class='ocrx_word' id='word_1_303' title='bbox 866 4381 936 4446; x_wconf 91' lang='lat' dir='ltr'>flor.</span> <span class='ocrx_word' id='word_1_304' title='bbox 960 4382 1027 4442; x_wconf 90' lang='lat' dir='ltr'>auri</span> <span class='ocrx_word' id='word_1_305' title='bbox 1060 4380 1204 4441; x_wconf 92' lang='lat' dir='ltr'>vendidit</span> <span class='ocrx_word' id='word_1_306' title='bbox 1228 4394 1383 4463; x_wconf 91' lang='lat' dir='ltr'>perpetuo</span> 
     </span>
     <span class='ocr_line' id='line_1_36' title="bbox 121 4490 359 4573; baseline 0 -20"><span class='ocrx_word' id='word_1_307' title='bbox 121 4490 359 4573; x_wconf 88' lang='lat' dir='ltr'>possidendam.</span> 
     </span>
    </p>

    <p class='ocr_par' dir='ltr' id='par_1_6' title="bbox 122 4592 1382 4894">
     <span class='ocr_line' id='line_1_37' title="bbox 228 4592 1382 4676; baseline -0.003 -19"><span class='ocrx_word' id='word_1_308' title='bbox 228 4596 306 4658; x_wconf 90' lang='lat' dir='ltr'>ltem</span> <span class='ocrx_word' id='word_1_309' title='bbox 340 4595 441 4657; x_wconf 88' lang='lat' dir='ltr'>Elena</span> <span class='ocrx_word' id='word_1_310' title='bbox 474 4596 590 4657; x_wconf 90' lang='lat' dir='ltr'>mulier</span> <span class='ocrx_word' id='word_1_311' title='bbox 620 4595 684 4657; x_wconf 89' lang='lat' dir='ltr'>filia</span> <span class='ocrx_word' id='word_1_312' title='bbox 718 4595 807 4655; x_wconf 85' lang='lat' dir='ltr'>Pauli</span> <span class='ocrx_word' id='word_1_313' title='bbox 841 4594 978 4676; x_wconf 84' lang='lat' dir='ltr'>Wgryn,</span> <span class='ocrx_word' id='word_1_314' title='bbox 1011 4613 1096 4654; x_wconf 90' lang='lat' dir='ltr'>nunc</span> <span class='ocrx_word' id='word_1_315' title='bbox 1129 4612 1261 4654; x_wconf 91' lang='lat' dir='ltr'>consors</span> <span class='ocrx_word' id='word_1_316' title='bbox 1291 4592 1382 4654; x_wconf 86' lang='lat' dir='ltr'>Pauli</span> 
     </span>
     <span class='ocr_line' id='line_1_38' title="bbox 123 4698 1381 4781; baseline -0.006 -15"><span class='ocrx_word' id='word_1_317' title='bbox 123 4702 305 4766; x_wconf 90' lang='lat' dir='ltr'>Corintiani</span> <span class='ocrx_word' id='word_1_318' title='bbox 338 4701 447 4763; x_wconf 91' lang='lat' dir='ltr'>relicta</span> <span class='ocrx_word' id='word_1_319' title='bbox 484 4722 559 4763; x_wconf 90' lang='lat' dir='ltr'>vero</span> <span class='ocrx_word' id='word_1_320' title='bbox 593 4702 688 4762; x_wconf 90' lang='lat' dir='ltr'>Blasii</span> <span class='ocrx_word' id='word_1_321' title='bbox 720 4701 859 4777; x_wconf 87' lang='lat' dir='ltr'>sartoris,</span> <span class='ocrx_word' id='word_1_322' title='bbox 904 4700 1066 4781; x_wconf 89' lang='lat' dir='ltr'>quandam</span> <span class='ocrx_word' id='word_1_323' title='bbox 1098 4719 1189 4760; x_wconf 87' lang='lat' dir='ltr'>suam</span> <span class='ocrx_word' id='word_1_324' title='bbox 1222 4698 1381 4760; x_wconf 90' lang='lat' dir='ltr'>vinealem</span> 
     </span>
     <span class='ocr_line' id='line_1_39' title="bbox 122 4804 1382 4894; baseline -0.005 -21"><span class='ocrx_word' id='word_1_325' title='bbox 122 4811 311 4894; x_wconf 89' lang='lat' dir='ltr'>porcionem</span> <span class='ocrx_word' id='word_1_326' title='bbox 334 4809 366 4870; x_wconf 94' lang='lat' dir='ltr'>in</span> <span class='ocrx_word' id='word_1_327' title='bbox 389 4810 552 4874; x_wconf 83' lang='lat' dir='ltr'>territorio</span> <span class='ocrx_word' id='word_1_328' title='bbox 577 4821 686 4870; x_wconf 91' lang='lat' dir='ltr'>nostro</span> <span class='ocrx_word' id='word_1_329' title='bbox 711 4810 793 4871; x_wconf 93' lang='lat' dir='ltr'>inter</span> <span class='ocrx_word' id='word_1_330' title='bbox 824 4809 934 4870; x_wconf 90' lang='lat' dir='ltr'>vineas</span> <span class='ocrx_word' id='word_1_331' title='bbox 959 4807 1113 4868; x_wconf 83' lang='lat' dir='ltr'>lobannis</span> <span class='ocrx_word' id='word_1_332' title='bbox 1136 4804 1194 4869; x_wconf 89' lang='lat' dir='ltr'>filii</span> <span class='ocrx_word' id='word_1_333' title='bbox 1219 4805 1382 4868; x_wconf 89' lang='lat' dir='ltr'>Valentini</span> 
     </span>
    </p>
   </div>
   <div class='ocr_carea' id='block_1_5' title="bbox 0 0 1576 5356">
    <p class='ocr_par' dir='ltr' id='par_1_7' title="bbox 0 0 1576 5356">
     <span class='ocr_line' id='line_1_40' title="bbox 0 0 1576 5356; baseline 0 0"><span class='ocrx_word' id='word_1_334' title='bbox 0 0 1576 5356; x_wconf 95' lang='lat' dir='ltr'> </span> 
     </span>
    </p>
   </div>
  </div>
 </body>
</html>
