3142 5356
289 541 366 602 ltem
393 560 450 602 nos
467 540 682 602 communitas
706 538 856 600 dedimus
873 537 1037 619 quandam
1056 540 1184 601 vineam
1211 554 1358 601 nostram
1385 560 1462 602 con·

183 648 376 709 dicionalem
404 661 435 709 et
459 647 623 728 quandam
647 646 759 706 silvam
785 645 870 706 livan
904 643 990 706 dicto
1017 644 1109 727 Hurg
1127 693 1160 709 ..
1186 647 1241 725 ita,
1266 646 1364 728 quod
1392 647 1461 729 ipse

183 754 268 816 lwan
290 767 414 815 sextum
448 753 626 834 (eubulum)
652 752 718 813 vini
751 765 858 813 nostre
890 751 1115 814 communitati
1147 752 1186 813 de
1212 753 1293 835 ipsa,
1313 766 1345 815 et
1380 753 1463 815 silva

185 859 371 942 quindecim
398 859 548 921 denarios
572 858 647 920 dare
673 858 843 921 tenebitur.

289 1071 367 1133 Item
393 1072 542 1133 dedimus
574 1072 682 1134 literas
715 1086 839 1134 nostras
872 1071 1088 1155 expeditorias
1120 1071 1225 1133 Adam
1257 1071 1398 1154 pellifici
1432 1087 1463 1135 et

185 1178 334 1260 Calestye
351 1197 405 1238 suc
432 1179 584 1256 consorti,
609 1198 648 1241 ex
672 1193 761 1260 parte
779 1179 912 1260 Agnetis
936 1176 1000 1239 filie
1021 1177 1160 1240 condam
1178 1177 1301 1239 Mathie
1327 1179 1465 1241 sartoris

184 1305 240 1366 per
264 1298 490 1345 testamentum
516 1285 660 1345 eiusdem
683 1284 814 1362 Mathei,
839 1299 985 1367 tempore
1012 1284 1088 1345 dicti
1114 1283 1240 1364 judicis.

291 1390 368 1452 Item
402 1389 595 1451 Benedictus
627 1388 713 1453 filius
746 1390 911 1452 Benedicti
949 1390 1097 1452 vendidit
1130 1390 1296 1471 quendam
1323 1389 1468 1453 fundum

186 1496 371 1558 Bastardich
396 1496 504 1557 Blasio
528 1494 596 1557 filio
621 1496 761 1574 Thome,
786 1511 932 1579 tempore
957 1497 1034 1558 dicti
1059 1496 1186 1576 judicis.

293 1602 369 1664 ltem
395 1602 540 1664 Andreas
565 1601 650 1664 lilius
674 1603 772 1664 Blasii
806 1602 1029 1685 comprobavit
1059 1622 1156 1685 super
1188 1602 1334 1684 quadam
1364 1605 1469 1666 domo
1513 1674 1519 1685 ¹

185 1708 446 1790 predecessorum
473 1729 618 1787 suorum,
642 1723 787 1792 tempore
818 1710 895 1771 dicti
920 1709 1045 1790 judicis.

292 1815 368 1876 Item
394 1815 544 1876 dedimus
569 1815 677 1876 literas
695 1830 818 1876 nostras
843 1815 998 1897 Fabyano
1023 1830 1054 1876 et
1071 1815 1187 1894 Telle,
1215 1828 1371 1897 tempore
1390 1816 1470 1878 dicti

184 1920 313 2001 judicis,
337 1940 432 2003 super
456 1921 596 2002 quadam
622 1922 777 2002 particula
803 1921 906 1982 vinee.

295 2029 369 2089 Item
398 2029 499 2089 Lucas
525 2027 613 2089 inber
638 2029 862 2111 comprobavit
895 2048 1002 2090 coram
1036 2029 1141 2106 nobis,
1167 2027 1257 2110 quod
1284 2028 1369 2090 dum
1397 2031 1469 2112 My·

185 2134 276 2196 chael
302 2134 504 2217 Domyanich
530 2135 715 2217 supervixit,
735 2135 897 2217 quandam
924 2135 1058 2196 domurn
1076 2155 1168 2197 suam
1193 2135 1343 2217 predicto
1371 2135 1469 2198 fabro

186 2242 324 2303 Lucasio
349 2241 546 2303 vendidisset
570 2256 630 2302 etc.

291 2348 369 2408 ltem
396 2347 527 2430 Mathey
553 2349 704 2424 decanus,
736 2361 835 2426 sutor,
867 2346 952 2409 filius
983 2347 1112 2410 Martini
1146 2347 1293 2410 vendidit
1318 2347 1467 2412 fundum

185 2474 277 2514 suum
302 2474 358 2515 seu
383 2453 517 2515 domum
546 2454 709 2536 Stephano
733 2453 801 2515 filio
827 2455 966 2532 Andree,
991 2469 1137 2536 tempore
1162 2454 1238 2516 dicti
1264 2454 1401 2534 judicis.

291 2667 366 2727 ltem
393 2687 451 2727 nos
476 2667 692 2727 communitas
710 2665 873 2747 quendam
899 2665 1036 2727 fundum
1054 2686 1190 2727 vacuum
1216 2666 1390 2749 llerryche
1410 2688 1469 2728 ne-

185 2774 268 2854 potis
293 2773 429 2833 condam
456 2773 670 2855 Hynchlronis
694 2773 840 2834 canonici
870 2772 1087 2852 zagrabiensis
1111 2792 1169 2854 pro
1195 2792 1259 2833 non
1284 2773 1464 2836 solucione

187 2895 257 2941 taxe
283 2881 369 2960 regie
396 2880 580 2956 Maiestatis,
607 2881 637 2940 in
664 2879 790 2940 civitate
813 2899 912 2961 prope
931 2880 1055 2940 Novam
1080 2894 1217 2960 portam,
1241 2898 1343 2940 unam
1362 2899 1462 2961 quar·

186 3000 251 3046 tam
276 2987 506 3063 continentem,
524 2986 618 3046 Petro
643 2985 710 3046 lilio
730 2987 848 3071 Munya
874 2984 1124 3046 molendinatori
1148 3005 1206 3068 pro
1223 2999 1368 3066 quatuor
1386 2985 1460 3048 flor.

184 3093 389 3152 vendidimus
414 3107 569 3174 perpetuo
594 3092 838 3174 possidendum.

291 3202 367 3262 Item
393 3201 557 3261 lohannes
589 3199 678 3262 filius
711 3201 802 3261 Pauli
835 3199 958 3282 pridem
991 3200 1087 3281 judex
1112 3212 1142 3261 et
1174 3197 1347 3260 Ladislaus
1373 3199 1464 3262 lilius

183 3327 259 3369 suus
284 3307 502 3368 vendiderunt
531 3321 593 3367 tres
620 3307 777 3367 sessiones
794 3305 1015 3387 jobagionales
1039 3308 1071 3368 in
1094 3305 1254 3387 Pobresya
1282 3305 1465 3369 existentes

185 3415 344 3496 Mychaeli
374 3413 475 3492 indici
501 3429 531 3474 et
549 3413 719 3473 Leonardo
745 3411 819 3473 filiis
838 3412 1038 3495 Sebastyani,
1055 3427 1200 3493 tempore
1225 3409 1302 3472 dicti
1329 3409 1468 3491 judicis.

295 3522 371 3582 lrem
398 3521 597 3581 honorabilis
622 3520 669 3579 vir
701 3520 852 3580 dominus
871 3520 981 3581 Petrus
999 3519 1104 3600 Crispi
1123 3517 1297 3580 canonicus
1322 3519 1466 3581 ecclesie

186 3629 413 3710 zagrabiensis,
429 3644 537 3688 noster
556 3627 709 3704 concivis,
727 3626 872 3687 vendidit
890 3626 1053 3707 quandam
1071 3644 1162 3686 suam
1179 3639 1295 3684 terram
1315 3622 1470 3688 Oresech

186 3751 341 3811 vocatam,
366 3734 511 3795 vendidit
537 3733 675 3794 Johanni
701 3732 767 3794 filio
793 3731 946 3814 Stephani
972 3732 1049 3793 dicti
1075 3733 1174 3810 Bozo,
1207 3745 1358 3812 tempore
1385 3732 1469 3794 dicti

184 3843 310 3923 judicis,

291 3950 366 4009 Item
393 3949 558 4009 lohannes
583 3947 668 4008 filius
694 3947 780 4007 Luce
806 3946 922 4007 Boniol
941 3946 1086 4007 vendidit
1111 3945 1244 4006 domum
1270 3964 1367 4007 suam
1386 3967 1463 4010 tnu-

185 4074 284 4118 ratam
308 4058 367 4116 sibi
384 4077 439 4136 per
459 4055 638 4116 iohannem
658 4055 779 4114 dictum
803 4054 901 4137 Bolye
919 4053 1145 4130 condonatam,
1173 4050 1319 4114 vendidit
1338 4052 1468 4119 Chono

185 4165 295 4245 judici,
322 4179 465 4244 tempore
491 4162 625 4244 predicti
651 4161 777 4241 judicis.

292 4378 366 4437 ltem
393 4377 610 4436 communitas
634 4373 780 4433 vendidit
805 4371 941 4435 fundum
968 4375 1062 4434 unius
1087 4388 1198 4434 octave
1223 4372 1254 4433 in
1281 4373 1358 4436 vico
1385 4378 1473 4439 alte·

185 4485 250 4545 rius
274 4499 385 4544 octove
412 4483 542 4542 Andree
569 4481 649 4541 labri
669 4481 840 4562 aplicando
865 4501 924 4562 pro
942 4481 1042 4542 daciis
1066 4481 1152 4562 regie
1171 4480 1363 4562 Maiestatis,
1383 4500 1472 4548 tem·

186 4611 261 4671 pore
288 4591 362 4650 dicti
393 4589 563 4669 judicatus.

292 4697 368 4757 ltem
397 4696 573 4776 Gregorius
598 4694 682 4755 lilius
707 4695 844 4756 condam
871 4694 998 4754 Thome
1017 4694 1134 4756 sutoris
1163 4692 1406 4779 Gerdcheuych
1436 4699 1472 4761 id

186 4803 351 4866 evidenter
384 4803 617 4884 comprobavit,
652 4802 740 4883 quod
775 4802 852 4861 dum
885 4801 1047 4883 predictus
1079 4801 1226 4864 Thomas
1249 4801 1284 4864 in
1308 4808 1473 4870 extremis
