3142 5356
677 350 762 408 Anno
784 359 875 426 1437.

147 581 245 626 terras
277 563 430 646 Stephani
464 561 521 624 filii
547 562 726 626 Clementis
757 560 914 622 Praudich
944 580 979 621 ac
1004 560 1086 621 inter
1118 558 1255 621 fluvium
1280 560 1418 620 Kalino-

147 690 256 753 wycza
288 683 436 731 vocatum
474 683 506 730 et
529 669 611 730 inter
643 668 723 728 duas
754 668 821 728 vias
852 686 1042 728 communes
1072 665 1191 742 habite,
1224 666 1418 746 porcionem

148 776 297 839 videlicet
323 796 425 852 suam,
449 796 503 837 sex
530 775 580 837 vel
612 776 688 836 citra
717 774 819 836 dietas
851 774 883 834 in
907 793 940 834 se
964 773 1196 851 continentem,
1221 773 1332 834 Blasio
1357 788 1418 833 sra-

148 883 302 961 cionario,
319 881 423 962 jurato
437 896 467 943 et
491 881 616 943 concivi
633 895 754 958 nostro,
777 877 845 941 filio
871 879 960 940 Pauli
978 898 1037 961 pro
1061 879 1173 959 viginti
1199 891 1326 960 septem
1344 897 1416 939 cum

148 991 257 1053 medio
289 988 358 1051 flor.
391 989 459 1049 auri
485 987 630 1049 vendidit
663 1001 819 1070 perpetuo
850 985 1077 1068 possidendam
1117 985 1200 1046 sicut
1231 983 1322 1046 fratri
1358 1003 1417 1045 suo

147 1096 295 1179 patrueli,
319 1109 350 1156 et
373 1094 545 1177 superinde
570 1108 616 1154 est
649 1093 740 1155 litera
772 1093 832 1154 sub
855 1091 1007 1175 pendenti
1041 1090 1149 1171 sigillo
1173 1089 1418 1152 communitatis

148 1215 305 1264 emanata.

258 1326 334 1388 Item
362 1323 537 1408 Blyzabeth
563 1323 626 1386 lilia
652 1324 771 1385 sororis
800 1323 967 1384 Benedicti
989 1320 1232 1404 arcuparis·filii
1259 1321 1415 1404 Stephani

151 1452 282 1494 consors
316 1431 471 1511 legittima
498 1431 604 1511 Bgidii
637 1429 816 1511 lreniparis,
848 1429 1054 1490 medietatem
1087 1428 1255 1489 cuiusdam
1287 1429 1416 1506 domus,

150 1537 252 1615 fundi,
275 1536 450 1618 celariique
474 1536 673 1597 subterranei
699 1549 729 1597 et
753 1532 975 1596 hedificiorum
999 1535 1030 1595 in
1056 1534 1128 1595 vico
1153 1535 1253 1616 ipsius
1278 1535 1416 1597 civitatis

149 1643 297 1704 exteriori
329 1663 385 1704 seu
417 1643 522 1724 platea
554 1642 798 1718 theuthonicali,
831 1641 913 1702 iuter
944 1641 1061 1702 domos
1087 1657 1119 1702 et
1150 1639 1270 1702 fundos
1302 1640 1414 1722 prefati

150 1749 257 1830 Egidii
282 1747 451 1829 freniparis
484 1762 514 1810 et
539 1748 693 1829 Stephani
718 1747 836 1808 sutoris
867 1745 924 1807 filii
951 1747 1084 1827 Dragias
1109 1760 1140 1808 et
1164 1747 1288 1808 domini
1317 1747 1413 1808 Marci

149 1855 314 1937 presbiteri
333 1853 388 1916 filii
416 1853 545 1915 Gerdak
562 1853 681 1931 habite,
706 1853 892 1933 porcionem
911 1852 1062 1913 videlicet
1077 1872 1180 1930 suam,
1204 1872 1301 1913 unam
1322 1872 1414 1934 quar·

149 1976 212 2022 tarn
237 1961 325 2022 curie
350 1962 382 2021 in
407 1980 439 2020 se
472 1961 702 2036 continentem,
736 1959 842 2020 Blasio
870 1958 969 2019 sutori
1003 1957 1070 2019 filio
1096 1958 1264 2039 Stephani,
1287 1960 1413 2040 pridem

150 2067 253 2148 jurato
277 2081 308 2128 et
339 2067 463 2128 concivi
489 2079 610 2143 nostro,
642 2085 700 2147 pro
732 2064 946 2147 quadraginta
979 2064 1124 2146 quinque
1148 2063 1217 2128 flor.
1245 2066 1314 2126 auri
1340 2085 1414 2126 ven·

150 2173 231 2233 didit
255 2186 411 2253 perpetuo
442 2171 681 2253 possidendam,
714 2171 769 2252 qui
801 2171 902 2232 eciam
930 2170 1054 2232 Blasius
1085 2171 1181 2231 aliam
1207 2171 1413 2233 medietatem

149 2278 293 2339 ciusdem
318 2278 444 2355 domus,
462 2275 565 2355 fundi,
587 2278 696 2339 celarii
721 2291 752 2338 et
768 2276 991 2338 hedificiorum
1016 2277 1104 2358 prius
1121 2276 1295 2339 literatorie
1315 2279 1414 2360 possi·

150 2384 224 2445 dere
249 2383 486 2460 dinoscebatur,
518 2396 549 2444 et
572 2383 616 2445 sic
640 2402 736 2465 super
766 2396 833 2445 tota
866 2384 933 2464 ipsa
958 2383 1069 2460 domo,
1101 2381 1414 2460 lundo‚ce1arioet

150 2487 306 2550 hedificiis
340 2489 445 2550 medie
477 2490 563 2550 curie
595 2489 654 2570 ipsi
681 2488 788 2550 Blasio
820 2488 924 2570 jurato
953 2488 1013 2569 (est
1036 2488 1141 2567 litera)
1165 2491 1225 2549 sub
1261 2491 1412 2571 pendenti

150 2596 258 2676 sigillo
282 2594 522 2656 communitatis
546 2595 788 2676 privilegialiter
812 2609 969 2656 emanata.

256 2718 332 2780 ltcnr
367 2718 464 2780 Lucia
497 2718 606 2780 relicta
639 2718 777 2780 condam
810 2718 937 2781 Andree
962 2717 1019 2780 lilii
1053 2719 1136 2780 Petri
1161 2720 1201 2779 de
1227 2719 1415 2799 Branowcz,

150 2825 312 2907 quandam
329 2825 464 2885 domum
481 2844 573 2885 suam
597 2825 693 2886 simul
719 2845 791 2886 cum
812 2824 914 2886 fundo
938 2839 969 2886 et
985 2824 1142 2887 hedificiis
1159 2827 1191 2886 in
1216 2827 1287 2889 vico
1306 2843 1415 2889 nostro

150 2930 298 2993 exteriori
326 2929 412 3010 juxta
437 2930 569 2992 fluvium
596 2945 740 2993 nostrum
766 2933 927 3008 metalem,
956 2932 1038 2993 inter
1062 2934 1196 2993 domum
1222 2947 1253 2996 et
1277 2932 1415 2995 fundum

151 3035 284 3118 Georgii
308 3036 401 3097 aliter
427 3035 558 3121 Gyurak
583 3038 699 3115 vocati,
715 3038 857 3099 concivis
880 3038 993 3116 nostri,
1016 3052 1047 3099 et
1063 3038 1130 3100 vias
1153 3058 1346 3101 communes
1362 3040 1416 3101 ha·

151 3141 262 3219 bitam,
286 3141 427 3203 mediam
460 3142 581 3204 curiam
607 3144 639 3204 in
671 3163 704 3203 sc
729 3144 960 3221 continentem,
991 3144 1051 3205 sibi
1076 3164 1133 3226 per
1157 3143 1317 3226 prefatum
1350 3151 1416 3207 An-

153 3246 262 3308 dream
289 3248 553 3309 testamentaliter
569 3249 719 3330 legatam,
739 3250 879 3311 Martino
897 3249 987 3311 labro
1005 3247 1072 3311 lilio
1090 3250 1220 3312 Thome
1236 3249 1294 3312 filii
1313 3252 1417 3330 Pauli,

151 3372 237 3413 novo
262 3353 386 3414 concivi
412 3368 533 3432 nostro,
557 3375 614 3436 pro
640 3375 756 3417 novem
782 3355 851 3417 flor.
868 3356 937 3417 auri
963 3355 1108 3417 vendidit
1132 3373 1290 3438 perpetuo
1314 3359 1417 3440 possi·

151 3458 290 3519 dendam
316 3472 346 3519 et
371 3460 542 3540 superinde
569 3460 675 3522 eidem
701 3461 840 3522 Martino
862 3476 908 3522 est
931 3462 1021 3522 litera
1045 3463 1104 3522 sub
1129 3462 1283 3544 pendenti
1308 3464 1418 3545 sigillo

151 3565 391 3626 communitatis
412 3581 568 3628 emanata.

256 3688 333 3747 ltem
372 3688 552 3769 Stephanus
587 3704 676 3751 sutor
708 3689 791 3752 filius
827 3691 973 3769 Martini,
1006 3692 1211 3754 medietatem
1246 3694 1417 3756 cuiusdam

153 3793 280 3870 domus,
313 3792 415 3872 tundi,
448 3795 621 3876 celariique
652 3797 849 3858 subterranei
884 3812 914 3859 et
945 3795 1169 3859 hedificiorum
1202 3799 1233 3860 in
1259 3802 1419 3863 suburbio

151 3900 287 3961 civitatis
320 3900 352 3959 in
385 3900 489 3981 platea
521 3901 751 3964 theuthonicali
785 3904 866 3964 inter
901 3904 1016 3965 domos
1048 3905 1177 3988 Mathye
1209 3907 1327 3968 sutoris
1359 3907 1419 3970 filii

152 4005 318 4066 Michaelis
343 4020 373 4066 et
398 4010 526 4088 Agycze
551 4009 704 4086 mulieris,
729 4011 768 4070 ab
794 4029 867 4088 una,
888 4023 976 4091 parte
1001 4011 1040 4072 ab
1057 4011 1156 4072 altera
1180 4031 1257 4074 vero
1282 4012 1418 4077 Thome

151 4111 277 4188 sutoris,
310 4111 434 4190 decani,
460 4112 578 4190 habite,
611 4115 796 4195 porcionem
830 4116 979 4177 videlicet
1008 4136 1112 4195 suam,
1145 4137 1241 4178 unam
1273 4132 1420 4182 tantum·

152 4216 250 4276 modo
276 4231 421 4297 quartam
447 4219 532 4279 curie
556 4220 587 4280 in
613 4240 646 4280 se
671 4221 899 4299 continentem,
924 4222 1053 4304 Mathye
1077 4223 1177 4284 sutori
1202 4221 1270 4284 filio
1287 4225 1418 4288 Nicolai

151 4341 209 4403 pro
235 4322 406 4385 medietate
431 4325 595 4386 cuiusdam
623 4326 749 4404 domus,
783 4326 885 4405 fundi,
910 4327 1017 4389 celarii
1043 4341 1074 4390 et
1097 4326 1332 4408 hedificiorum,
1358 4351 1420 4413 pro

151 4428 304 4507 porcione
328 4429 479 4491 videlicet
509 4452 566 4492 sua
591 4453 626 4493 ac
651 4452 709 4514 pro
744 4434 927 4515 octuaginta
952 4435 1077 4496 cubulis
1101 4435 1166 4496 vini
1191 4454 1248 4518 per
1278 4437 1419 4500 modurn

151 4535 401 4614 permutacionis
425 4550 455 4597 et
480 4539 659 4599 concambii
685 4539 773 4599 dedit
805 4555 961 4621 perpetuo
986 4540 1226 4623 possidendam,
1250 4556 1281 4604 et
1304 4562 1420 4626 super·

152 4639 226 4700 inde
251 4640 355 4702 eidem
382 4642 510 4727 Mathye
534 4645 633 4705 sutori
659 4658 705 4706 est
729 4645 818 4706 litera
842 4648 900 4707 sub
925 4647 1077 4727 pendenti
1102 4647 1210 4728 sigillo
1234 4652 1421 4713 communi·

151 4760 222 4806 tatis
246 4762 401 4811 emanata.
