<?xml version="1.0" encoding="UTF-8"?>
<!DOCTYPE html PUBLIC "-//W3C//DTD XHTML 1.0 Transitional//EN"
    "http://www.w3.org/TR/xhtml1/DTD/xhtml1-transitional.dtd">
<html xmlns="http://www.w3.org/1999/xhtml" xml:lang="en" lang="en">
 <head>
  <title>
</title>
<meta http-equiv="Content-Type" content="text/html;charset=utf-8" />
  <meta name='ocr-system' content='tesseract 3.04.00' />
  <meta name='ocr-capabilities' content='ocr_page ocr_carea ocr_par ocr_line ocrx_word'/>
</head>
<body>
  <div class='ocr_page' id='page_1' title='image "./monumentahistor17laszgoog_0489.png"; bbox 0 0 3142 5356; ppageno 0'>
   <div class='ocr_carea' id='block_1_1' title="bbox 687 355 889 430">
    <p class='ocr_par' dir='ltr' id='par_1_1' title="bbox 687 355 889 430">
     <span class='ocr_line' id='line_1_1' title="bbox 687 355 889 430; baseline 0.015 -19"><span class='ocrx_word' id='word_1_1' title='bbox 687 355 773 412; x_wconf 84' lang='lat' dir='ltr'>Anno</span> <span class='ocrx_word' id='word_1_2' title='bbox 795 368 889 430; x_wconf 78' lang='lat'><em>1399.</em></span> 
     </span>
    </p>
   </div>
   <div class='ocr_carea' id='block_1_2' title="bbox 157 565 1415 755">
    <p class='ocr_par' dir='ltr' id='par_1_2' title="bbox 157 565 1415 755">
     <span class='ocr_line' id='line_1_2' title="bbox 264 565 1415 648; baseline 0.005 -24"><span class='ocrx_word' id='word_1_3' title='bbox 264 565 341 625; x_wconf 91' lang='lat' dir='ltr'>Item</span> <span class='ocrx_word' id='word_1_4' title='bbox 375 565 523 627; x_wconf 85' lang='lat' dir='ltr'>dedimus</span> <span class='ocrx_word' id='word_1_5' title='bbox 555 567 663 629; x_wconf 83' lang='lat' dir='ltr'>literas</span> <span class='ocrx_word' id='word_1_6' title='bbox 687 565 891 648; x_wconf 89' lang='lat' dir='ltr'>Margarethe</span> <span class='ocrx_word' id='word_1_7' title='bbox 926 568 1052 629; x_wconf 85' lang='lat' dir='ltr'>mulieri</span> <span class='ocrx_word' id='word_1_8' title='bbox 1086 568 1195 630; x_wconf 90' lang='lat' dir='ltr'>relicte</span> <span class='ocrx_word' id='word_1_9' title='bbox 1230 570 1415 632; x_wconf 86' lang='lat' dir='ltr'>Merichicha</span> 
     </span>
     <span class='ocr_line' id='line_1_3' title="bbox 157 670 1178 755; baseline 0.009 -26"><span class='ocrx_word' id='word_1_10' title='bbox 157 690 252 751; x_wconf 86' lang='lat' dir='ltr'>super</span> <span class='ocrx_word' id='word_1_11' title='bbox 276 672 415 751; x_wconf 91' lang='lat' dir='ltr'>quadam</span> <span class='ocrx_word' id='word_1_12' title='bbox 441 672 613 734; x_wconf 85' lang='lat' dir='ltr'>medietate</span> <span class='ocrx_word' id='word_1_13' title='bbox 638 670 741 751; x_wconf 82' lang='lat' dir='ltr'>fundi,</span> <span class='ocrx_word' id='word_1_14' title='bbox 766 688 910 755; x_wconf 90' lang='lat' dir='ltr'>tempore</span> <span class='ocrx_word' id='word_1_15' title='bbox 936 674 1012 734; x_wconf 90' lang='lat' dir='ltr'>dicti</span> <span class='ocrx_word' id='word_1_16' title='bbox 1037 672 1178 738; x_wconf 90' lang='lat' dir='ltr'>Miklini.</span> 
     </span>
    </p>
   </div>
   <div class='ocr_carea' id='block_1_3' title="bbox 156 794 1428 1622">
    <p class='ocr_par' dir='ltr' id='par_1_3' title="bbox 158 794 1425 963">
     <span class='ocr_line' id='line_1_4' title="bbox 263 794 1425 883; baseline 0.005 -28"><span class='ocrx_word' id='word_1_17' title='bbox 263 794 339 855; x_wconf 90' lang='lat' dir='ltr'>Item</span> <span class='ocrx_word' id='word_1_18' title='bbox 366 796 475 857; x_wconf 90' lang='lat' dir='ltr'>Bartol</span> <span class='ocrx_word' id='word_1_19' title='bbox 509 798 655 858; x_wconf 90' lang='lat' dir='ltr'>vendidit</span> <span class='ocrx_word' id='word_1_20' title='bbox 688 797 825 859; x_wconf 82' lang='lat' dir='ltr'>fundum</span> <span class='ocrx_word' id='word_1_21' title='bbox 857 818 951 860; x_wconf 91' lang='lat' dir='ltr'>suum</span> <span class='ocrx_word' id='word_1_22' title='bbox 977 799 1150 860; x_wconf 83' lang='lat' dir='ltr'>Valentino</span> <span class='ocrx_word' id='word_1_23' title='bbox 1175 799 1255 879; x_wconf 91' lang='lat' dir='ltr'>filio,</span> <span class='ocrx_word' id='word_1_24' title='bbox 1280 815 1425 883; x_wconf 84' lang='lat' dir='ltr'>tempore</span> 
     </span>
     <span class='ocr_line' id='line_1_5' title="bbox 158 899 400 963; baseline 0.012 -3"><span class='ocrx_word' id='word_1_25' title='bbox 158 900 233 961; x_wconf 87' lang='lat' dir='ltr'>dicti</span> <span class='ocrx_word' id='word_1_26' title='bbox 258 899 400 963; x_wconf 91' lang='lat' dir='ltr'>Miklini.</span> 
     </span>
    </p>

    <p class='ocr_par' dir='ltr' id='par_1_4' title="bbox 156 1006 1427 1195">
     <span class='ocr_line' id='line_1_6' title="bbox 261 1006 1427 1092; baseline 0.006 -25"><span class='ocrx_word' id='word_1_27' title='bbox 261 1006 337 1069; x_wconf 86' lang='lat' dir='ltr'>Item</span> <span class='ocrx_word' id='word_1_28' title='bbox 366 1008 508 1088; x_wconf 87' lang='lat' dir='ltr'>Dragech</span> <span class='ocrx_word' id='word_1_29' title='bbox 534 1010 774 1072; x_wconf 87' lang='lat' dir='ltr'>Naloucheuich</span> <span class='ocrx_word' id='word_1_30' title='bbox 808 1011 952 1072; x_wconf 91' lang='lat' dir='ltr'>vendidit</span> <span class='ocrx_word' id='word_1_31' title='bbox 977 1012 1139 1092; x_wconf 92' lang='lat' dir='ltr'>quandam</span> <span class='ocrx_word' id='word_1_32' title='bbox 1165 1033 1256 1078; x_wconf 90' lang='lat' dir='ltr'>suam</span> <span class='ocrx_word' id='word_1_33' title='bbox 1282 1013 1427 1089; x_wconf 89' lang='lat' dir='ltr'>vineam,</span> 
     </span>
     <span class='ocr_line' id='line_1_7' title="bbox 156 1113 570 1195; baseline 0.012 -22"><span class='ocrx_word' id='word_1_34' title='bbox 156 1126 303 1195; x_wconf 88' lang='lat' dir='ltr'>tempore</span> <span class='ocrx_word' id='word_1_35' title='bbox 329 1114 404 1175; x_wconf 91' lang='lat' dir='ltr'>dicti</span> <span class='ocrx_word' id='word_1_36' title='bbox 429 1113 570 1179; x_wconf 82' lang='lat' dir='ltr'>Miklini.</span> 
     </span>
    </p>

    <p class='ocr_par' dir='ltr' id='par_1_5' title="bbox 156 1220 1428 1412">
     <span class='ocr_line' id='line_1_8' title="bbox 261 1220 1428 1306; baseline 0.005 -26"><span class='ocrx_word' id='word_1_37' title='bbox 261 1220 338 1281; x_wconf 88' lang='lat' dir='ltr'>Item</span> <span class='ocrx_word' id='word_1_38' title='bbox 371 1221 533 1283; x_wconf 87' lang='lat' dir='ltr'>Iohannes</span> <span class='ocrx_word' id='word_1_39' title='bbox 567 1221 650 1284; x_wconf 85' lang='lat' dir='ltr'>lilius</span> <span class='ocrx_word' id='word_1_40' title='bbox 685 1224 837 1306; x_wconf 85' lang='lat' dir='ltr'>Stephani</span> <span class='ocrx_word' id='word_1_41' title='bbox 873 1225 947 1285; x_wconf 91' lang='lat' dir='ltr'>dicti</span> <span class='ocrx_word' id='word_1_42' title='bbox 978 1224 1067 1286; x_wconf 89' lang='lat' dir='ltr'>Boha</span> <span class='ocrx_word' id='word_1_43' title='bbox 1098 1221 1173 1286; x_wconf 88' lang='lat' dir='ltr'>Iecit</span> <span class='ocrx_word' id='word_1_44' title='bbox 1196 1225 1428 1286; x_wconf 87' lang='lat' dir='ltr'>concambium</span> 
     </span>
     <span class='ocr_line' id='line_1_9' title="bbox 156 1327 1295 1412; baseline 0.008 -27"><span class='ocrx_word' id='word_1_45' title='bbox 156 1346 228 1386; x_wconf 90' lang='lat' dir='ltr'>cum</span> <span class='ocrx_word' id='word_1_46' title='bbox 254 1347 309 1388; x_wconf 91' lang='lat' dir='ltr'>sua</span> <span class='ocrx_word' id='word_1_47' title='bbox 335 1327 474 1408; x_wconf 92' lang='lat' dir='ltr'>quadam</span> <span class='ocrx_word' id='word_1_48' title='bbox 501 1329 593 1390; x_wconf 92' lang='lat' dir='ltr'>vinea</span> <span class='ocrx_word' id='word_1_49' title='bbox 619 1349 714 1412; x_wconf 90' lang='lat' dir='ltr'>super</span> <span class='ocrx_word' id='word_1_50' title='bbox 739 1331 835 1390; x_wconf 90' lang='lat' dir='ltr'>aliam</span> <span class='ocrx_word' id='word_1_51' title='bbox 861 1331 988 1391; x_wconf 89' lang='lat' dir='ltr'>vineam</span> <span class='ocrx_word' id='word_1_52' title='bbox 1016 1331 1100 1391; x_wconf 87' lang='lat' dir='ltr'>Luce</span> <span class='ocrx_word' id='word_1_53' title='bbox 1126 1329 1295 1394; x_wconf 87' lang='lat' dir='ltr'>carnificis.</span> 
     </span>
    </p>

    <p class='ocr_par' dir='ltr' id='par_1_6' title="bbox 157 1433 1426 1622">
     <span class='ocr_line' id='line_1_10' title="bbox 262 1433 1426 1515; baseline 0.003 -21"><span class='ocrx_word' id='word_1_54' title='bbox 262 1433 340 1495; x_wconf 91' lang='lat' dir='ltr'>Item</span> <span class='ocrx_word' id='word_1_55' title='bbox 376 1433 537 1515; x_wconf 80' lang='lat' dir='ltr'>Georgius</span> <span class='ocrx_word' id='word_1_56' title='bbox 569 1436 715 1497; x_wconf 82' lang='lat' dir='ltr'>Rakonilr</span> <span class='ocrx_word' id='word_1_57' title='bbox 750 1437 898 1498; x_wconf 90' lang='lat' dir='ltr'>vendidit</span> <span class='ocrx_word' id='word_1_58' title='bbox 929 1436 1064 1499; x_wconf 81' lang='lat' dir='ltr'>fundum</span> <span class='ocrx_word' id='word_1_59' title='bbox 1097 1456 1190 1498; x_wconf 91' lang='lat' dir='ltr'>suum</span> <span class='ocrx_word' id='word_1_60' title='bbox 1225 1437 1367 1499; x_wconf 86' lang='lat' dir='ltr'>Martino</span> <span class='ocrx_word' id='word_1_61' title='bbox 1394 1452 1426 1497; x_wconf 92' lang='lat' dir='ltr'>et</span> 
     </span>
     <span class='ocr_line' id='line_1_11' title="bbox 157 1538 943 1622; baseline 0.005 -22"><span class='ocrx_word' id='word_1_62' title='bbox 157 1538 275 1601; x_wconf 88' lang='lat' dir='ltr'>Mathei</span> <span class='ocrx_word' id='word_1_63' title='bbox 301 1539 375 1601; x_wconf 90' lang='lat' dir='ltr'>filiis</span> <span class='ocrx_word' id='word_1_64' title='bbox 402 1541 509 1618; x_wconf 87' lang='lat' dir='ltr'>Blasii,</span> <span class='ocrx_word' id='word_1_65' title='bbox 534 1556 678 1622; x_wconf 89' lang='lat' dir='ltr'>tempore</span> <span class='ocrx_word' id='word_1_66' title='bbox 703 1543 778 1603; x_wconf 88' lang='lat' dir='ltr'>dicti</span> <span class='ocrx_word' id='word_1_67' title='bbox 807 1543 943 1605; x_wconf 85' lang='lat' dir='ltr'>Miklini.</span> 
     </span>
    </p>
   </div>
   <div class='ocr_carea' id='block_1_4' title="bbox 154 1664 1418 2386">
    <p class='ocr_par' dir='ltr' id='par_1_7' title="bbox 154 1664 1418 1855">
     <span class='ocr_line' id='line_1_12' title="bbox 263 1664 1418 1749; baseline 0.004 -25"><span class='ocrx_word' id='word_1_68' title='bbox 263 1664 338 1725; x_wconf 92' lang='lat' dir='ltr'>Item</span> <span class='ocrx_word' id='word_1_69' title='bbox 366 1665 528 1726; x_wconf 89' lang='lat' dir='ltr'>Iohannes</span> <span class='ocrx_word' id='word_1_70' title='bbox 552 1664 636 1726; x_wconf 87' lang='lat' dir='ltr'>filius</span> <span class='ocrx_word' id='word_1_71' title='bbox 653 1667 771 1728; x_wconf 89' lang='lat' dir='ltr'>Donati</span> <span class='ocrx_word' id='word_1_72' title='bbox 790 1668 926 1728; x_wconf 92' lang='lat' dir='ltr'>condam</span> <span class='ocrx_word' id='word_1_73' title='bbox 946 1667 1065 1746; x_wconf 85' lang='lat' dir='ltr'>juratus</span> <span class='ocrx_word' id='word_1_74' title='bbox 1094 1668 1240 1728; x_wconf 92' lang='lat' dir='ltr'>vendidit</span> <span class='ocrx_word' id='word_1_75' title='bbox 1257 1669 1418 1749; x_wconf 90' lang='lat' dir='ltr'>quandam</span> 
     </span>
     <span class='ocr_line' id='line_1_13' title="bbox 154 1771 1108 1855; baseline 0.006 -26"><span class='ocrx_word' id='word_1_76' title='bbox 154 1788 244 1829; x_wconf 88' lang='lat' dir='ltr'>suam</span> <span class='ocrx_word' id='word_1_77' title='bbox 269 1783 385 1831; x_wconf 90' lang='lat' dir='ltr'>terram</span> <span class='ocrx_word' id='word_1_78' title='bbox 412 1772 497 1832; x_wconf 87' lang='lat' dir='ltr'>Luce</span> <span class='ocrx_word' id='word_1_79' title='bbox 523 1771 673 1850; x_wconf 87' lang='lat' dir='ltr'>carnifici,</span> <span class='ocrx_word' id='word_1_80' title='bbox 699 1789 843 1855; x_wconf 89' lang='lat' dir='ltr'>tempore</span> <span class='ocrx_word' id='word_1_81' title='bbox 868 1773 944 1834; x_wconf 90' lang='lat' dir='ltr'>dicti</span> <span class='ocrx_word' id='word_1_82' title='bbox 971 1774 1108 1836; x_wconf 81' lang='lat' dir='ltr'>Miklini.</span> 
     </span>
    </p>

    <p class='ocr_par' dir='ltr' id='par_1_8' title="bbox 156 1877 1414 2064">
     <span class='ocr_line' id='line_1_14' title="bbox 260 1877 1414 1942; baseline 0.003 -5"><span class='ocrx_word' id='word_1_83' title='bbox 260 1877 337 1938; x_wconf 91' lang='lat' dir='ltr'>Item</span> <span class='ocrx_word' id='word_1_84' title='bbox 373 1879 538 1939; x_wconf 90' lang='lat' dir='ltr'>Emericus</span> <span class='ocrx_word' id='word_1_85' title='bbox 574 1880 771 1940; x_wconf 87' lang='lat' dir='ltr'>monetarius</span> <span class='ocrx_word' id='word_1_86' title='bbox 807 1879 952 1940; x_wconf 92' lang='lat' dir='ltr'>vendidit</span> <span class='ocrx_word' id='word_1_87' title='bbox 988 1878 1124 1940; x_wconf 87' lang='lat' dir='ltr'>fundum</span> <span class='ocrx_word' id='word_1_88' title='bbox 1160 1900 1254 1942; x_wconf 89' lang='lat' dir='ltr'>suum</span> <span class='ocrx_word' id='word_1_89' title='bbox 1294 1881 1414 1942; x_wconf 89' lang='lat' dir='ltr'>Thorne</span> 
     </span>
     <span class='ocr_line' id='line_1_15' title="bbox 156 1982 826 2064; baseline 0.007 -22"><span class='ocrx_word' id='word_1_90' title='bbox 156 1982 393 2061; x_wconf 87' lang='lat' dir='ltr'>Lugecheuich,</span> <span class='ocrx_word' id='word_1_91' title='bbox 418 1997 564 2064; x_wconf 82' lang='lat' dir='ltr'>tempore</span> <span class='ocrx_word' id='word_1_92' title='bbox 589 1984 664 2046; x_wconf 88' lang='lat' dir='ltr'>dicti</span> <span class='ocrx_word' id='word_1_93' title='bbox 690 1986 826 2047; x_wconf 89' lang='lat' dir='ltr'>Miklini.</span> 
     </span>
    </p>

    <p class='ocr_par' dir='ltr' id='par_1_9' title="bbox 154 2090 1414 2386">
     <span class='ocr_line' id='line_1_16' title="bbox 262 2090 1414 2170; baseline 0.002 -21"><span class='ocrx_word' id='word_1_94' title='bbox 262 2090 338 2151; x_wconf 92' lang='lat' dir='ltr'>Item</span> <span class='ocrx_word' id='word_1_95' title='bbox 365 2091 498 2170; x_wconf 87' lang='lat' dir='ltr'>provida</span> <span class='ocrx_word' id='word_1_96' title='bbox 525 2092 656 2152; x_wconf 93' lang='lat' dir='ltr'>domina</span> <span class='ocrx_word' id='word_1_97' title='bbox 683 2092 796 2153; x_wconf 90' lang='lat' dir='ltr'>Vrsula</span> <span class='ocrx_word' id='word_1_98' title='bbox 822 2107 932 2153; x_wconf 88' lang='lat' dir='ltr'>vocata</span> <span class='ocrx_word' id='word_1_99' title='bbox 966 2093 1074 2154; x_wconf 89' lang='lat' dir='ltr'>relicta</span> <span class='ocrx_word' id='word_1_100' title='bbox 1100 2092 1238 2153; x_wconf 87' lang='lat' dir='ltr'>condam</span> <span class='ocrx_word' id='word_1_101' title='bbox 1265 2091 1414 2152; x_wconf 90' lang='lat' dir='ltr'>Demetrii</span> 
     </span>
     <span class='ocr_line' id='line_1_17' title="bbox 154 2195 1414 2280; baseline 0.002 -24"><span class='ocrx_word' id='word_1_102' title='bbox 154 2209 184 2257; x_wconf 92' lang='lat' dir='ltr'>et</span> <span class='ocrx_word' id='word_1_103' title='bbox 202 2197 322 2280; x_wconf 85' lang='lat' dir='ltr'>Symon</span> <span class='ocrx_word' id='word_1_104' title='bbox 342 2196 426 2257; x_wconf 88' lang='lat' dir='ltr'>lilius</span> <span class='ocrx_word' id='word_1_105' title='bbox 443 2218 480 2257; x_wconf 91' lang='lat' dir='ltr'>ac</span> <span class='ocrx_word' id='word_1_106' title='bbox 496 2195 657 2259; x_wconf 90' lang='lat' dir='ltr'>Martinus</span> <span class='ocrx_word' id='word_1_107' title='bbox 675 2196 769 2259; x_wconf 88' lang='lat' dir='ltr'>frater</span> <span class='ocrx_word' id='word_1_108' title='bbox 785 2200 929 2259; x_wconf 91' lang='lat' dir='ltr'>uterinus</span> <span class='ocrx_word' id='word_1_109' title='bbox 943 2199 1157 2260; x_wconf 90' lang='lat' dir='ltr'>vendiderunt</span> <span class='ocrx_word' id='word_1_110' title='bbox 1174 2197 1290 2258; x_wconf 83' lang='lat' dir='ltr'>sllvam</span> <span class='ocrx_word' id='word_1_111' title='bbox 1309 2216 1414 2258; x_wconf 92' lang='lat' dir='ltr'>eorum</span> 
     </span>
     <span class='ocr_line' id='line_1_18' title="bbox 156 2304 921 2386; baseline 0.001 -22"><span class='ocrx_word' id='word_1_112' title='bbox 156 2304 253 2364; x_wconf 84' lang='lat' dir='ltr'>Jalrus</span> <span class='ocrx_word' id='word_1_113' title='bbox 278 2304 486 2386; x_wconf 82' lang='lat' dir='ltr'>lrynterniste,</span> <span class='ocrx_word' id='word_1_114' title='bbox 511 2318 656 2385; x_wconf 89' lang='lat' dir='ltr'>tempore</span> <span class='ocrx_word' id='word_1_115' title='bbox 682 2304 757 2364; x_wconf 90' lang='lat' dir='ltr'>dicti</span> <span class='ocrx_word' id='word_1_116' title='bbox 784 2305 921 2366; x_wconf 87' lang='lat' dir='ltr'>Miklini.</span> 
     </span>
    </p>
   </div>
   <div class='ocr_carea' id='block_1_5' title="bbox 151 2428 1414 3041">
    <p class='ocr_par' dir='ltr' id='par_1_10' title="bbox 152 2428 1414 2723">
     <span class='ocr_line' id='line_1_19' title="bbox 259 2428 1414 2510; baseline -0.001 -21"><span class='ocrx_word' id='word_1_117' title='bbox 259 2428 337 2490; x_wconf 92' lang='lat' dir='ltr'>Item</span> <span class='ocrx_word' id='word_1_118' title='bbox 362 2429 511 2490; x_wconf 89' lang='lat' dir='ltr'>dedimus</span> <span class='ocrx_word' id='word_1_119' title='bbox 536 2449 592 2510; x_wconf 92' lang='lat' dir='ltr'>per</span> <span class='ocrx_word' id='word_1_120' title='bbox 620 2444 846 2490; x_wconf 89' lang='lat' dir='ltr'>testamentum</span> <span class='ocrx_word' id='word_1_121' title='bbox 882 2431 955 2491; x_wconf 90' lang='lat' dir='ltr'>Iuan</span> <span class='ocrx_word' id='word_1_122' title='bbox 982 2429 1057 2490; x_wconf 89' lang='lat' dir='ltr'>dicti</span> <span class='ocrx_word' id='word_1_123' title='bbox 1084 2428 1188 2490; x_wconf 84' lang='lat' dir='ltr'>Joffan</span> <span class='ocrx_word' id='word_1_124' title='bbox 1221 2429 1330 2490; x_wconf 83' lang='lat' dir='ltr'>literas</span> <span class='ocrx_word' id='word_1_125' title='bbox 1361 2447 1414 2488; x_wconf 95' lang='lat' dir='ltr'>no·</span> 
     </span>
     <span class='ocr_line' id='line_1_20' title="bbox 153 2533 1414 2617; baseline -0.002 -21"><span class='ocrx_word' id='word_1_126' title='bbox 153 2551 232 2597; x_wconf 88' lang='lat' dir='ltr'>stras</span> <span class='ocrx_word' id='word_1_127' title='bbox 257 2537 380 2596; x_wconf 88' lang='lat' dir='ltr'>Briccio</span> <span class='ocrx_word' id='word_1_128' title='bbox 405 2556 500 2617; x_wconf 89' lang='lat' dir='ltr'>super</span> <span class='ocrx_word' id='word_1_129' title='bbox 525 2537 664 2615; x_wconf 89' lang='lat' dir='ltr'>quadam</span> <span class='ocrx_word' id='word_1_130' title='bbox 690 2537 794 2613; x_wconf 91' lang='lat' dir='ltr'>vinea,</span> <span class='ocrx_word' id='word_1_131' title='bbox 821 2535 925 2597; x_wconf 90' lang='lat' dir='ltr'>eidem</span> <span class='ocrx_word' id='word_1_132' title='bbox 952 2535 1075 2596; x_wconf 90' lang='lat' dir='ltr'>Briccio</span> <span class='ocrx_word' id='word_1_133' title='bbox 1101 2555 1157 2617; x_wconf 88' lang='lat' dir='ltr'>per</span> <span class='ocrx_word' id='word_1_134' title='bbox 1182 2536 1288 2617; x_wconf 91' lang='lat' dir='ltr'>ipsum</span> <span class='ocrx_word' id='word_1_135' title='bbox 1314 2533 1414 2595; x_wconf 84' lang='lat' dir='ltr'>Joffan</span> 
     </span>
     <span class='ocr_line' id='line_1_21' title="bbox 152 2642 590 2723; baseline 0 -20"><span class='ocrx_word' id='word_1_136' title='bbox 152 2643 417 2704; x_wconf 90' lang='lat' dir='ltr'>testamentaliter</span> <span class='ocrx_word' id='word_1_137' title='bbox 441 2642 590 2723; x_wconf 81' lang='lat' dir='ltr'>legatam.</span> 
     </span>
    </p>

    <p class='ocr_par' dir='ltr' id='par_1_11' title="bbox 151 2747 1414 3041">
     <span class='ocr_line' id='line_1_22' title="bbox 259 2747 1413 2832; baseline 0 -25"><span class='ocrx_word' id='word_1_138' title='bbox 259 2747 335 2808; x_wconf 91' lang='lat' dir='ltr'>Item</span> <span class='ocrx_word' id='word_1_139' title='bbox 370 2748 500 2808; x_wconf 91' lang='lat' dir='ltr'>domina</span> <span class='ocrx_word' id='word_1_140' title='bbox 533 2748 688 2832; x_wconf 91' lang='lat' dir='ltr'>Turnyna</span> <span class='ocrx_word' id='word_1_141' title='bbox 722 2747 796 2810; x_wconf 85' lang='lat' dir='ltr'>fecit</span> <span class='ocrx_word' id='word_1_142' title='bbox 828 2749 1052 2809; x_wconf 90' lang='lat' dir='ltr'>concambium</span> <span class='ocrx_word' id='word_1_143' title='bbox 1086 2766 1158 2808; x_wconf 92' lang='lat' dir='ltr'>cum</span> <span class='ocrx_word' id='word_1_144' title='bbox 1184 2747 1311 2808; x_wconf 88' lang='lat' dir='ltr'>Briccio</span> <span class='ocrx_word' id='word_1_145' title='bbox 1343 2765 1413 2807; x_wconf 88' lang='lat' dir='ltr'>cum</span> 
     </span>
     <span class='ocr_line' id='line_1_23' title="bbox 153 2851 1414 2935; baseline -0.002 -21"><span class='ocrx_word' id='word_1_146' title='bbox 153 2851 259 2914; x_wconf 93' lang='lat' dir='ltr'>Iundis</span> <span class='ocrx_word' id='word_1_147' title='bbox 276 2873 399 2931; x_wconf 90' lang='lat' dir='ltr'>eorum,</span> <span class='ocrx_word' id='word_1_148' title='bbox 424 2869 454 2914; x_wconf 88' lang='lat' dir='ltr'>et</span> <span class='ocrx_word' id='word_1_149' title='bbox 479 2854 568 2915; x_wconf 90' lang='lat' dir='ltr'>dedit</span> <span class='ocrx_word' id='word_1_150' title='bbox 592 2855 657 2935; x_wconf 91' lang='lat' dir='ltr'>ipsa</span> <span class='ocrx_word' id='word_1_151' title='bbox 681 2855 812 2915; x_wconf 83' lang='lat' dir='ltr'>domina</span> <span class='ocrx_word' id='word_1_152' title='bbox 838 2855 984 2914; x_wconf 91' lang='lat' dir='ltr'>Turnina</span> <span class='ocrx_word' id='word_1_153' title='bbox 1011 2855 1094 2934; x_wconf 83' lang='lat' dir='ltr'>(pro)</span> <span class='ocrx_word' id='word_1_154' title='bbox 1120 2852 1346 2915; x_wconf 90' lang='lat' dir='ltr'>additamento</span> <span class='ocrx_word' id='word_1_155' title='bbox 1372 2853 1414 2912; x_wconf 90' lang='lat' dir='ltr'>vi·</span> 
     </span>
     <span class='ocr_line' id='line_1_24' title="bbox 151 2959 1025 3041; baseline 0.003 -23"><span class='ocrx_word' id='word_1_156' title='bbox 151 2960 230 3040; x_wconf 86' lang='lat' dir='ltr'>ginti</span> <span class='ocrx_word' id='word_1_157' title='bbox 257 2974 395 3040; x_wconf 89' lang='lat' dir='ltr'>quatuor</span> <span class='ocrx_word' id='word_1_158' title='bbox 419 2959 487 3021; x_wconf 91' lang='lat' dir='ltr'>flor.</span> <span class='ocrx_word' id='word_1_159' title='bbox 513 2962 592 3038; x_wconf 91' lang='lat' dir='ltr'>auri,</span> <span class='ocrx_word' id='word_1_160' title='bbox 618 2974 762 3041; x_wconf 89' lang='lat' dir='ltr'>tempore</span> <span class='ocrx_word' id='word_1_161' title='bbox 788 2961 862 3021; x_wconf 90' lang='lat' dir='ltr'>dicti</span> <span class='ocrx_word' id='word_1_162' title='bbox 889 2960 1025 3021; x_wconf 87' lang='lat' dir='ltr'>Miklini.</span> 
     </span>
    </p>
   </div>
   <div class='ocr_carea' id='block_1_6' title="bbox 151 3079 1417 3695">
    <p class='ocr_par' dir='ltr' id='par_1_12' title="bbox 152 3079 1417 3377">
     <span class='ocr_line' id='line_1_25' title="bbox 258 3079 1414 3145; baseline 0 -2"><span class='ocrx_word' id='word_1_163' title='bbox 258 3083 335 3143; x_wconf 91' lang='lat' dir='ltr'>Item</span> <span class='ocrx_word' id='word_1_164' title='bbox 360 3084 492 3144; x_wconf 92' lang='lat' dir='ltr'>domina</span> <span class='ocrx_word' id='word_1_165' title='bbox 518 3084 610 3144; x_wconf 91' lang='lat' dir='ltr'>Jarna</span> <span class='ocrx_word' id='word_1_166' title='bbox 638 3083 745 3144; x_wconf 89' lang='lat' dir='ltr'>relicta</span> <span class='ocrx_word' id='word_1_167' title='bbox 773 3084 891 3145; x_wconf 89' lang='lat' dir='ltr'>Mathie</span> <span class='ocrx_word' id='word_1_168' title='bbox 913 3083 1066 3144; x_wconf 79' lang='lat' dir='ltr'>ZoldInar</span> <span class='ocrx_word' id='word_1_169' title='bbox 1089 3079 1163 3144; x_wconf 85' lang='lat' dir='ltr'>fecit</span> <span class='ocrx_word' id='word_1_170' title='bbox 1187 3083 1414 3144; x_wconf 89' lang='lat' dir='ltr'>concambium</span> 
     </span>
     <span class='ocr_line' id='line_1_26' title="bbox 152 3188 1417 3270; baseline -0.002 -20"><span class='ocrx_word' id='word_1_171' title='bbox 152 3209 225 3250; x_wconf 88' lang='lat' dir='ltr'>curn</span> <span class='ocrx_word' id='word_1_172' title='bbox 251 3191 352 3250; x_wconf 87' lang='lat' dir='ltr'>Paulo</span> <span class='ocrx_word' id='word_1_173' title='bbox 377 3189 479 3250; x_wconf 86' lang='lat' dir='ltr'>Totar</span> <span class='ocrx_word' id='word_1_174' title='bbox 504 3209 575 3250; x_wconf 90' lang='lat' dir='ltr'>cum</span> <span class='ocrx_word' id='word_1_175' title='bbox 603 3188 711 3250; x_wconf 87' lang='lat' dir='ltr'>fundis</span> <span class='ocrx_word' id='word_1_176' title='bbox 728 3209 851 3267; x_wconf 87' lang='lat' dir='ltr'>eorum,</span> <span class='ocrx_word' id='word_1_177' title='bbox 877 3204 907 3250; x_wconf 91' lang='lat' dir='ltr'>et</span> <span class='ocrx_word' id='word_1_178' title='bbox 932 3189 1038 3250; x_wconf 88' lang='lat' dir='ltr'>eidem</span> <span class='ocrx_word' id='word_1_179' title='bbox 1056 3189 1187 3250; x_wconf 92' lang='lat' dir='ltr'>domine</span> <span class='ocrx_word' id='word_1_180' title='bbox 1213 3189 1280 3270; x_wconf 89' lang='lat' dir='ltr'>ipse</span> <span class='ocrx_word' id='word_1_181' title='bbox 1299 3189 1417 3250; x_wconf 87' lang='lat' dir='ltr'>Paulus</span> 
     </span>
     <span class='ocr_line' id='line_1_27' title="bbox 152 3293 1217 3377; baseline 0 -21"><span class='ocrx_word' id='word_1_182' title='bbox 152 3296 277 3356; x_wconf 91' lang='lat' dir='ltr'>addidit</span> <span class='ocrx_word' id='word_1_183' title='bbox 303 3297 414 3376; x_wconf 89' lang='lat' dir='ltr'>viginti</span> <span class='ocrx_word' id='word_1_184' title='bbox 441 3311 580 3376; x_wconf 90' lang='lat' dir='ltr'>quatuor</span> <span class='ocrx_word' id='word_1_185' title='bbox 605 3296 672 3356; x_wconf 88' lang='lat' dir='ltr'>flor.</span> <span class='ocrx_word' id='word_1_186' title='bbox 698 3297 778 3373; x_wconf 75' lang='lat' dir='ltr'>aurI,</span> <span class='ocrx_word' id='word_1_187' title='bbox 803 3312 948 3377; x_wconf 88' lang='lat' dir='ltr'>ternpore</span> <span class='ocrx_word' id='word_1_188' title='bbox 973 3295 1050 3357; x_wconf 92' lang='lat' dir='ltr'>dicti</span> <span class='ocrx_word' id='word_1_189' title='bbox 1074 3293 1217 3357; x_wconf 82' lang='lat' dir='ltr'>Miklini.</span> 
     </span>
    </p>

    <p class='ocr_par' dir='ltr' id='par_1_13' title="bbox 151 3399 1414 3695">
     <span class='ocr_line' id='line_1_28' title="bbox 258 3399 1414 3482; baseline -0.001 -19"><span class='ocrx_word' id='word_1_190' title='bbox 258 3403 334 3463; x_wconf 88' lang='lat' dir='ltr'>Item</span> <span class='ocrx_word' id='word_1_191' title='bbox 362 3403 436 3463; x_wconf 94' lang='lat' dir='ltr'>Iuan</span> <span class='ocrx_word' id='word_1_192' title='bbox 463 3403 566 3463; x_wconf 84' lang='lat' dir='ltr'>dictus</span> <span class='ocrx_word' id='word_1_193' title='bbox 585 3402 748 3463; x_wconf 89' lang='lat' dir='ltr'>Charanth</span> <span class='ocrx_word' id='word_1_194' title='bbox 771 3417 800 3463; x_wconf 92' lang='lat' dir='ltr'>et</span> <span class='ocrx_word' id='word_1_195' title='bbox 818 3402 943 3462; x_wconf 88' lang='lat' dir='ltr'>Blasius</span> <span class='ocrx_word' id='word_1_196' title='bbox 961 3399 1099 3463; x_wconf 81' lang='lat' dir='ltr'>carnifex</span> <span class='ocrx_word' id='word_1_197' title='bbox 1116 3421 1215 3482; x_wconf 89' lang='lat' dir='ltr'>gener</span> <span class='ocrx_word' id='word_1_198' title='bbox 1239 3421 1318 3462; x_wconf 91' lang='lat' dir='ltr'>suus</span> <span class='ocrx_word' id='word_1_199' title='bbox 1335 3399 1414 3462; x_wconf 84' lang='lat' dir='ltr'>tece-</span> 
     </span>
     <span class='ocr_line' id='line_1_29' title="bbox 152 3508 1413 3590; baseline 0 -22"><span class='ocrx_word' id='word_1_200' title='bbox 152 3522 224 3570; x_wconf 94' lang='lat' dir='ltr'>runt</span> <span class='ocrx_word' id='word_1_201' title='bbox 249 3510 473 3570; x_wconf 87' lang='lat' dir='ltr'>concambium</span> <span class='ocrx_word' id='word_1_202' title='bbox 500 3510 581 3569; x_wconf 90' lang='lat' dir='ltr'>inter</span> <span class='ocrx_word' id='word_1_203' title='bbox 605 3529 638 3570; x_wconf 91' lang='lat' dir='ltr'>se</span> <span class='ocrx_word' id='word_1_204' title='bbox 664 3511 694 3569; x_wconf 91' lang='lat' dir='ltr'>in</span> <span class='ocrx_word' id='word_1_205' title='bbox 721 3509 858 3590; x_wconf 91' lang='lat' dir='ltr'>quadam</span> <span class='ocrx_word' id='word_1_206' title='bbox 893 3510 985 3569; x_wconf 91' lang='lat' dir='ltr'>vinea</span> <span class='ocrx_word' id='word_1_207' title='bbox 1011 3528 1122 3569; x_wconf 90' lang='lat' dir='ltr'>eorum</span> <span class='ocrx_word' id='word_1_208' title='bbox 1156 3508 1232 3589; x_wconf 91' lang='lat' dir='ltr'>ipsis</span> <span class='ocrx_word' id='word_1_209' title='bbox 1257 3528 1313 3590; x_wconf 92' lang='lat' dir='ltr'>per</span> <span class='ocrx_word' id='word_1_210' title='bbox 1338 3508 1413 3568; x_wconf 92' lang='lat' dir='ltr'>olim</span> 
     </span>
     <span class='ocr_line' id='line_1_30' title="bbox 151 3613 1096 3695; baseline -0.003 -19"><span class='ocrx_word' id='word_1_211' title='bbox 151 3613 332 3676; x_wconf 76' lang='lat' dir='ltr'>Maratham</span> <span class='ocrx_word' id='word_1_212' title='bbox 359 3615 508 3695; x_wconf 81' lang='lat' dir='ltr'>legatam,</span> <span class='ocrx_word' id='word_1_213' title='bbox 533 3629 679 3695; x_wconf 91' lang='lat' dir='ltr'>tempore</span> <span class='ocrx_word' id='word_1_214' title='bbox 705 3615 780 3675; x_wconf 88' lang='lat' dir='ltr'>dicti</span> <span class='ocrx_word' id='word_1_215' title='bbox 809 3615 932 3675; x_wconf 90' lang='lat' dir='ltr'>domini</span> <span class='ocrx_word' id='word_1_216' title='bbox 959 3615 1096 3675; x_wconf 84' lang='lat' dir='ltr'>Miklini.</span> 
     </span>
    </p>
   </div>
   <div class='ocr_carea' id='block_1_7' title="bbox 148 3738 1413 4669">
    <p class='ocr_par' dir='ltr' id='par_1_14' title="bbox 152 3738 1413 3927">
     <span class='ocr_line' id='line_1_31' title="bbox 257 3738 1413 3821; baseline -0.003 -21"><span class='ocrx_word' id='word_1_217' title='bbox 257 3740 333 3800; x_wconf 92' lang='lat' dir='ltr'>Item</span> <span class='ocrx_word' id='word_1_218' title='bbox 359 3740 492 3820; x_wconf 89' lang='lat' dir='ltr'>provida</span> <span class='ocrx_word' id='word_1_219' title='bbox 517 3740 648 3800; x_wconf 88' lang='lat' dir='ltr'>domina</span> <span class='ocrx_word' id='word_1_220' title='bbox 675 3738 827 3821; x_wconf 84' lang='lat' dir='ltr'>Gyurgya</span> <span class='ocrx_word' id='word_1_221' title='bbox 852 3753 963 3801; x_wconf 91' lang='lat' dir='ltr'>vocata</span> <span class='ocrx_word' id='word_1_222' title='bbox 988 3739 1120 3799; x_wconf 92' lang='lat' dir='ltr'>donavit</span> <span class='ocrx_word' id='word_1_223' title='bbox 1145 3757 1241 3799; x_wconf 88' lang='lat' dir='ltr'>unam</span> <span class='ocrx_word' id='word_1_224' title='bbox 1269 3752 1413 3819; x_wconf 90' lang='lat' dir='ltr'>quartam</span> 
     </span>
     <span class='ocr_line' id='line_1_32' title="bbox 152 3845 1150 3927; baseline 0.003 -22"><span class='ocrx_word' id='word_1_225' title='bbox 152 3846 315 3906; x_wconf 78' lang='lat' dir='ltr'>Anthonio</span> <span class='ocrx_word' id='word_1_226' title='bbox 340 3846 438 3906; x_wconf 92' lang='lat' dir='ltr'>sutori</span> <span class='ocrx_word' id='word_1_227' title='bbox 465 3865 537 3906; x_wconf 91' lang='lat' dir='ltr'>cum</span> <span class='ocrx_word' id='word_1_228' title='bbox 562 3867 617 3906; x_wconf 93' lang='lat' dir='ltr'>sua</span> <span class='ocrx_word' id='word_1_229' title='bbox 644 3845 718 3922; x_wconf 87' lang='lat' dir='ltr'>lilia,</span> <span class='ocrx_word' id='word_1_230' title='bbox 742 3860 887 3927; x_wconf 91' lang='lat' dir='ltr'>ternpore</span> <span class='ocrx_word' id='word_1_231' title='bbox 912 3845 987 3906; x_wconf 88' lang='lat' dir='ltr'>dicti</span> <span class='ocrx_word' id='word_1_232' title='bbox 1014 3845 1150 3908; x_wconf 86' lang='lat' dir='ltr'>Miklini.</span> 
     </span>
    </p>

    <p class='ocr_par' dir='ltr' id='par_1_15' title="bbox 150 3951 1412 4244">
     <span class='ocr_line' id='line_1_33' title="bbox 256 3951 1412 4032; baseline 0.003 -22"><span class='ocrx_word' id='word_1_233' title='bbox 256 3951 333 4012; x_wconf 92' lang='lat' dir='ltr'>Item</span> <span class='ocrx_word' id='word_1_234' title='bbox 359 3952 508 4012; x_wconf 90' lang='lat' dir='ltr'>dedimus</span> <span class='ocrx_word' id='word_1_235' title='bbox 532 3952 638 4012; x_wconf 88' lang='lat' dir='ltr'>literas</span> <span class='ocrx_word' id='word_1_236' title='bbox 671 3966 794 4012; x_wconf 85' lang='lat' dir='ltr'>nostras</span> <span class='ocrx_word' id='word_1_237' title='bbox 818 3951 914 4013; x_wconf 89' lang='lat' dir='ltr'>Gallo</span> <span class='ocrx_word' id='word_1_238' title='bbox 947 3951 1123 4012; x_wconf 89' lang='lat' dir='ltr'>balneatori</span> <span class='ocrx_word' id='word_1_239' title='bbox 1155 3970 1249 4032; x_wconf 89' lang='lat' dir='ltr'>super</span> <span class='ocrx_word' id='word_1_240' title='bbox 1274 3952 1412 4032; x_wconf 89' lang='lat' dir='ltr'>quadam</span> 
     </span>
     <span class='ocr_line' id='line_1_34' title="bbox 150 4056 1412 4139; baseline 0.001 -22"><span class='ocrx_word' id='word_1_241' title='bbox 150 4072 261 4138; x_wconf 86' lang='lat' dir='ltr'>quarta</span> <span class='ocrx_word' id='word_1_242' title='bbox 288 4056 382 4118; x_wconf 84' lang='lat' dir='ltr'>Volllr</span> <span class='ocrx_word' id='word_1_243' title='bbox 409 4078 467 4139; x_wconf 89' lang='lat' dir='ltr'>pro</span> <span class='ocrx_word' id='word_1_244' title='bbox 493 4058 591 4118; x_wconf 85' lang='lat' dir='ltr'>daciis</span> <span class='ocrx_word' id='word_1_245' title='bbox 616 4058 739 4118; x_wconf 94' lang='lat' dir='ltr'>domini</span> <span class='ocrx_word' id='word_1_246' title='bbox 767 4059 849 4137; x_wconf 88' lang='lat' dir='ltr'>regis</span> <span class='ocrx_word' id='word_1_247' title='bbox 874 4073 904 4119; x_wconf 90' lang='lat' dir='ltr'>et</span> <span class='ocrx_word' id='word_1_248' title='bbox 933 4073 1039 4119; x_wconf 90' lang='lat' dir='ltr'>nostre</span> <span class='ocrx_word' id='word_1_249' title='bbox 1065 4058 1317 4135; x_wconf 84' lang='lat' dir='ltr'>communitatis,</span> <span class='ocrx_word' id='word_1_250' title='bbox 1335 4071 1412 4119; x_wconf 91' lang='lat' dir='ltr'>tem·</span> 
     </span>
     <span class='ocr_line' id='line_1_35' title="bbox 151 4164 489 4244; baseline 0.006 -21"><span class='ocrx_word' id='word_1_251' title='bbox 151 4183 226 4244; x_wconf 86' lang='lat' dir='ltr'>pore</span> <span class='ocrx_word' id='word_1_252' title='bbox 252 4164 326 4224; x_wconf 86' lang='lat' dir='ltr'>dicti</span> <span class='ocrx_word' id='word_1_253' title='bbox 353 4164 489 4226; x_wconf 85' lang='lat' dir='ltr'>Miklini.</span> 
     </span>
    </p>

    <p class='ocr_par' dir='ltr' id='par_1_16' title="bbox 148 4267 1411 4457">
     <span class='ocr_line' id='line_1_36' title="bbox 257 4267 1411 4352; baseline 0.001 -23"><span class='ocrx_word' id='word_1_254' title='bbox 257 4270 332 4330; x_wconf 91' lang='lat' dir='ltr'>Item</span> <span class='ocrx_word' id='word_1_255' title='bbox 359 4270 504 4331; x_wconf 89' lang='lat' dir='ltr'>vendidit</span> <span class='ocrx_word' id='word_1_256' title='bbox 530 4270 676 4352; x_wconf 86' lang='lat' dir='ltr'>Mychael</span> <span class='ocrx_word' id='word_1_257' title='bbox 701 4269 875 4331; x_wconf 87' lang='lat' dir='ltr'>filiusluan</span> <span class='ocrx_word' id='word_1_258' title='bbox 895 4271 1020 4330; x_wconf 90' lang='lat' dir='ltr'>vineam</span> <span class='ocrx_word' id='word_1_259' title='bbox 1046 4288 1136 4330; x_wconf 91' lang='lat' dir='ltr'>suam</span> <span class='ocrx_word' id='word_1_260' title='bbox 1162 4267 1259 4330; x_wconf 90' lang='lat' dir='ltr'>Gallo</span> <span class='ocrx_word' id='word_1_261' title='bbox 1284 4269 1411 4331; x_wconf 90' lang='lat' dir='ltr'>balnea-</span> 
     </span>
     <span class='ocr_line' id='line_1_37' title="bbox 148 4376 656 4457; baseline 0.002 -21"><span class='ocrx_word' id='word_1_262' title='bbox 148 4377 219 4454; x_wconf 86' lang='lat' dir='ltr'>tori,</span> <span class='ocrx_word' id='word_1_263' title='bbox 245 4391 388 4457; x_wconf 89' lang='lat' dir='ltr'>tempore</span> <span class='ocrx_word' id='word_1_264' title='bbox 414 4376 489 4436; x_wconf 88' lang='lat' dir='ltr'>dicti</span> <span class='ocrx_word' id='word_1_265' title='bbox 519 4377 656 4438; x_wconf 86' lang='lat' dir='ltr'>Miklini.</span> 
     </span>
    </p>

    <p class='ocr_par' dir='ltr' id='par_1_17' title="bbox 148 4479 1409 4669">
     <span class='ocr_line' id='line_1_38' title="bbox 255 4479 1409 4562; baseline -0.001 -20"><span class='ocrx_word' id='word_1_266' title='bbox 255 4482 330 4545; x_wconf 91' lang='lat' dir='ltr'>Item</span> <span class='ocrx_word' id='word_1_267' title='bbox 362 4481 463 4562; x_wconf 78' lang='lat' dir='ltr'>Myke</span> <span class='ocrx_word' id='word_1_268' title='bbox 496 4497 585 4543; x_wconf 92' lang='lat' dir='ltr'>sutor</span> <span class='ocrx_word' id='word_1_269' title='bbox 617 4496 648 4542; x_wconf 91' lang='lat' dir='ltr'>et</span> <span class='ocrx_word' id='word_1_270' title='bbox 673 4481 766 4543; x_wconf 91' lang='lat' dir='ltr'>Clara</span> <span class='ocrx_word' id='word_1_271' title='bbox 799 4502 854 4542; x_wconf 89' lang='lat' dir='ltr'>sua</span> <span class='ocrx_word' id='word_1_272' title='bbox 887 4501 1018 4541; x_wconf 88' lang='lat' dir='ltr'>consors</span> <span class='ocrx_word' id='word_1_273' title='bbox 1050 4479 1264 4542; x_wconf 88' lang='lat' dir='ltr'>vendiderunt</span> <span class='ocrx_word' id='word_1_274' title='bbox 1295 4495 1409 4543; x_wconf 87' lang='lat' dir='ltr'>terram</span> 
     </span>
     <span class='ocr_line' id='line_1_39' title="bbox 148 4585 949 4669; baseline -0.004 -19"><span class='ocrx_word' id='word_1_275' title='bbox 148 4608 259 4650; x_wconf 89' lang='lat' dir='ltr'>eorum</span> <span class='ocrx_word' id='word_1_276' title='bbox 285 4590 386 4650; x_wconf 88' lang='lat' dir='ltr'>Paulo</span> <span class='ocrx_word' id='word_1_277' title='bbox 412 4587 513 4666; x_wconf 83' lang='lat' dir='ltr'>fabr0,</span> <span class='ocrx_word' id='word_1_278' title='bbox 538 4603 683 4669; x_wconf 90' lang='lat' dir='ltr'>tempore</span> <span class='ocrx_word' id='word_1_279' title='bbox 708 4588 782 4649; x_wconf 88' lang='lat' dir='ltr'>dicti</span> <span class='ocrx_word' id='word_1_280' title='bbox 808 4585 949 4648; x_wconf 86' lang='lat' dir='ltr'>Miklini.</span> 
     </span>
    </p>
   </div>
   <div class='ocr_carea' id='block_1_8' title="bbox 147 4710 1408 4902">
    <p class='ocr_par' dir='ltr' id='par_1_18' title="bbox 147 4710 1408 4902">
     <span class='ocr_line' id='line_1_40' title="bbox 254 4710 1408 4793; baseline -0.003 -20"><span class='ocrx_word' id='word_1_281' title='bbox 254 4713 330 4774; x_wconf 90' lang='lat' dir='ltr'>Item</span> <span class='ocrx_word' id='word_1_282' title='bbox 352 4713 450 4774; x_wconf 89' lang='lat' dir='ltr'>Elena</span> <span class='ocrx_word' id='word_1_283' title='bbox 469 4712 577 4774; x_wconf 90' lang='lat' dir='ltr'>relicta</span> <span class='ocrx_word' id='word_1_284' title='bbox 597 4713 733 4774; x_wconf 90' lang='lat' dir='ltr'>condam</span> <span class='ocrx_word' id='word_1_285' title='bbox 752 4713 870 4774; x_wconf 89' lang='lat' dir='ltr'>Mathie</span> <span class='ocrx_word' id='word_1_286' title='bbox 896 4712 970 4772; x_wconf 90' lang='lat' dir='ltr'>dicti</span> <span class='ocrx_word' id='word_1_287' title='bbox 989 4713 1129 4793; x_wconf 79' lang='lat' dir='ltr'>orosnylr</span> <span class='ocrx_word' id='word_1_288' title='bbox 1148 4710 1294 4773; x_wconf 90' lang='lat' dir='ltr'>vendidit</span> <span class='ocrx_word' id='word_1_289' title='bbox 1311 4729 1408 4793; x_wconf 90' lang='lat' dir='ltr'>quan-</span> 
     </span>
     <span class='ocr_line' id='line_1_41' title="bbox 147 4817 1228 4902; baseline -0.002 -22"><span class='ocrx_word' id='word_1_290' title='bbox 147 4821 219 4880; x_wconf 88' lang='lat' dir='ltr'>dam</span> <span class='ocrx_word' id='word_1_291' title='bbox 246 4836 359 4882; x_wconf 88' lang='lat' dir='ltr'>terram</span> <span class='ocrx_word' id='word_1_292' title='bbox 387 4841 476 4881; x_wconf 88' lang='lat' dir='ltr'>suam</span> <span class='ocrx_word' id='word_1_293' title='bbox 505 4821 597 4882; x_wconf 79' lang='lat' dir='ltr'>Petro</span> <span class='ocrx_word' id='word_1_294' title='bbox 623 4820 789 4902; x_wconf 89' lang='lat' dir='ltr'>Hungaro,</span> <span class='ocrx_word' id='word_1_295' title='bbox 820 4836 963 4901; x_wconf 82' lang='lat' dir='ltr'>tempore</span> <span class='ocrx_word' id='word_1_296' title='bbox 989 4819 1063 4879; x_wconf 90' lang='lat' dir='ltr'>dicti</span> <span class='ocrx_word' id='word_1_297' title='bbox 1091 4817 1228 4879; x_wconf 89' lang='lat' dir='ltr'>Miklini.</span> 
     </span>
    </p>
   </div>
   <div class='ocr_carea' id='block_1_9' title="bbox 0 0 1576 5356">
    <p class='ocr_par' dir='ltr' id='par_1_19' title="bbox 0 0 1576 5356">
     <span class='ocr_line' id='line_1_42' title="bbox 0 0 1576 5356; baseline 0 1"><span class='ocrx_word' id='word_1_298' title='bbox 0 0 1576 5356; x_wconf 95' lang='lat' dir='ltr'> </span> 
     </span>
    </p>
   </div>
  </div>
 </body>
</html>
