3142 5356
516 527 602 583 Anno
626 539 718 602 1492.
743 560 785 569 —
802 541 856 603 31.
880 528 1010 604 augusti.
1358 525 1397 606 85

614 633 914 640 ——-——---
923 634 1052 640 --.—-.
1065 635 1101 639 ..η
1114 635 1150 640 —
1165 635 1203 639 .-..
1225 633 1396 639 -.....--—-..

344 744 440 818 Feria
470 754 595 836 quarta
622 755 700 818 ante
728 746 853 818 festum
882 749 971 818 beati
1000 747 1185 820 Laurentii.

654 896 701 978 (8.
733 901 874 975 auguste).

245 1057 356 1120 Paulus
381 1059 517 1121 Horwat
548 1060 682 1122 maritus
714 1059 815 1121 Elene
841 1060 948 1121 uxoris
980 1060 1012 1120 in
1038 1079 1174 1141 persona
1204 1059 1398 1122 contradixit

162 1157 299 1226 cuiusdam
323 1166 426 1245 litere,
450 1186 513 1249 que
538 1181 684 1248 tempore
701 1166 862 1247 judicatus
890 1166 1028 1228 condam
1054 1167 1145 1228 Pauli
1170 1167 1210 1228 ad
1234 1167 1398 1249 quandam

162 1261 262 1332 vineam
285 1288 433 1335 emanata
458 1271 551 1352 foret,
574 1274 649 1336 ideo
670 1273 756 1354 juxta
782 1273 1048 1335 consvetudinem
1073 1273 1168 1335 huius
1191 1274 1327 1335 civitatis
1344 1273 1398 1335 de·

162 1387 239 1447 ponat
258 1378 431 1460 birsagium
455 1393 642 1442 consvetum
669 1394 699 1441 et
723 1381 767 1441 sic
792 1393 899 1461 postea
925 1380 1067 1461 requirat
1091 1379 1271 1441 Johannem
1294 1378 1396 1441 filium

163 1474 277 1546 eiusdem
302 1486 418 1567 judicis
442 1487 581 1548 condam
599 1487 689 1548 Pauli
708 1501 739 1548 et
763 1485 882 1566 juratos
908 1485 994 1547 illius
1019 1487 1093 1548 anni
1119 1487 1174 1569 qui
1199 1486 1240 1549 ad
1264 1506 1297 1548 se
1314 1506 1396 1548 onus

164 1598 384 1672 assumpserunt.

303 1829 399 1904 teria
426 1841 523 1904 sexta
550 1832 703 1922 proxima
734 1842 813 1905 ante
840 1835 963 1905 festum
992 1835 1081 1904 beati
1111 1830 1227 1920 Egidii.

651 1989 715 2064 (31.
739 1987 883 2060 augusti).

247 2126 345 2190 Causa
371 2129 453 2190 inter
477 2130 633 2191 Jacobum
652 2130 730 2191 alias
751 2130 893 2191 villicum
919 2131 958 2190 de
976 2130 1191 2191 Justrebarzca
1216 2144 1247 2191 et
1272 2131 1392 2192 Lucam

168 2217 294 2315 Ribarych
319 2235 448 2297 racione
474 2236 735 2318 vituperationis,
765 2237 818 2297 ubi
846 2237 910 2318 ipse
938 2237 1039 2297 Lucus
1072 2236 1231 2318 Ribarych
1257 2236 1395 2298 eundem

167 2323 288 2402 Jacobum
322 2341 424 2403 filium
457 2343 634 2404 meretricis
666 2358 697 2403 et
724 2343 893 2424 antiquum
928 2362 1038 2403 canem
1071 2343 1270 2424 appellabat,
1303 2357 1398 2424 prout

165 2442 236 2502 restes
254 2448 293 2509 sic
316 2448 547 2531 deposuerunt,
577 2448 670 2530 jurati
701 2449 987 2530 adjudicaverunt,
1020 2449 1107 2530 quod
1133 2469 1171 2510 ex
1195 2469 1260 2530 quo
1295 2450 1398 2510 Lucas

166 2534 293 2634 Ribarych
318 2557 455 2638 probare
480 2574 545 2616 non
571 2555 675 2638 potuit
695 2569 729 2616 ut
753 2555 821 2638 ipse
839 2556 991 2637 antiquus
1015 2556 1102 2616 canis
1124 2554 1234 2617 fuisset
1258 2569 1289 2616 et
1313 2555 1397 2616 filius

165 2659 317 2740 meretricis,
341 2661 508 2724 convictus
532 2675 579 2722 est
602 2661 688 2722 idem
715 2662 817 2724 Lucas
834 2675 944 2723 eontra
970 2661 1073 2743 ipsum
1100 2663 1255 2724 Jacobum
1282 2662 1313 2722 in
1339 2661 1395 2722 ho·

164 2760 246 2837 magio
265 2769 356 2844 viv03
383 2767 524 2852 prefatus
548 2788 623 2829 vero
643 2768 746 2829 Lucas
769 2768 931 2851 Ribarych
949 2788 1013 2829 non
1032 2782 1200 2830 contentus
1224 2768 1398 2851 appellavit

163 2855 193 2916 *d
212 2873 348 2938 teniores.

244 2978 315 3043 item
340 3001 436 3043 causa
468 2983 551 3043 inter
582 2982 704 3044 Lucam
737 2982 897 3064 Ribarych
922 2995 953 3043 et
977 2981 1155 3063 Georgium
1188 2982 1326 3064 juratum
1358 3003 1395 3044 ex

163 3082 230 3180 ime
250 3088 411 3150 cuiusdam
437 3088 512 3169 equi
537 3088 636 3170 ipsius
661 3088 832 3170 Ribarych,
866 3107 962 3169 quem
996 3089 1062 3170 ipse
1093 3087 1252 3168 Georgius
1275 3088 1396 3170 juratus

163 3189 228 3248 lunt
247 3195 517 3274 adjudicationem
543 3215 633 3256 suam
658 3194 802 3276 Georgio
826 3195 1026 3277 carpentario
1047 3215 1105 3278 pro
1130 3195 1270 3276 quodam
1288 3196 1394 3257 tritico

163 3296 207 3358 9¹0
224 3303 309 3365 vadio
333 3302 477 3381 dederat,
501 3316 532 3364 et
555 3315 590 3363 ut
622 3302 755 3382 juridice
780 3315 962 3382 compertus
992 3300 1052 3363 fuit
1077 3302 1142 3382 ipse
1168 3303 1271 3362 Lucas
1296 3302 1395 3364 Riba-

162 3393 219 3465 rych
238 3406 370 3488 debitor,
390 3408 580 3490 quiquidem
606 3407 765 3489 Georgius
785 3408 1002 3490 carpentarius
1026 3420 1197 3490 postquam
1215 3427 1271 3489 per
1287 3408 1393 3490 ipsum

163 3487 308 3592 Georgium
333 3515 474 3597 juratum
507 3515 610 3598 ipsum
645 3534 765 3595 equum
798 3514 909 3575 habuit
933 3533 991 3596 pro
1023 3513 1135 3575 eadem
1168 3533 1294 3575 summa
1319 3534 1395 3576 ven·

162 3594 223 3673 didit
241 3639 293 3702 pro
318 3641 382 3704 qua
407 3621 528 3699 debuit,
554 3634 584 3683 et
608 3634 721 3702 etpost
744 3619 972 3681 vendicionem
990 3619 1090 3702 ipsius
1114 3619 1190 3700 equi
1208 3619 1274 3701 ipse
1293 3618 1394 3681 Geor·

161 3703 215 3780 85⁰³
233 3728 443 3812 carpentarius
474 3727 561 3788 dicto
594 3727 698 3808 jurato
731 3727 864 3805 dixerat,
897 3727 952 3807 qui
986 3726 1022 3789 B.
1054 3745 1227 3808 preconem
1259 3726 1396 3788 civitatis

162 3820 263 3894 tan<lem
285 3834 326 3896 ad
351 3833 490 3895 eundem
518 3834 637 3894 Lucam
663 3832 823 3917 Ribarych
849 3833 979 3894 miserat
1003 3848 1034 3893 et
1059 3831 1261 3892 intimaverat
1283 3831 1395 3893 vendi·

163 3916 260 4031 fi⁰ssem
282 3941 373 4023 equi,
395 3954 430 4002 ut
454 3959 556 4022 usque
575 3939 661 4002 diem
678 3939 813 4002 tercium
832 3939 1025 4015 redimetur;
1050 3938 1117 4019 ipse
1134 3957 1211 3998 vero
1237 3935 1396 4018 Georgius

163 4040 256 4107 lufttus
276 4047 384 4109 eidem
409 4046 542 4108 dederat
559 4047 672 4107 breves
696 4045 764 4106 dies
789 4060 820 4107 et
844 4064 909 4105 non
926 4044 1105 4105 seeundum
1130 4044 1394 4106 consvetudinem

162 4130 276 4233 civitatis,
301 4153 397 4235 jurati
414 4152 692 4234 adjudicaverunt,
709 4153 797 4233 quod
817 4152 884 4233 ipse
903 4150 1063 4231 Georgius
1079 4149 1200 4230 juratus
1213 4150 1394 4230 quomodo-

163 4254 269 4337 tumque
291 4260 411 4344 poterit
426 4262 467 4322 ab
493 4259 562 4342 ipso
580 4274 724 4342 emptore
749 4259 870 4320 dictum
888 4277 1008 4339 equum
1028 4271 1177 4339 exposcat
1201 4271 1232 4318 et
1255 4255 1395 4338 prefatus

165 4341 239 4425 Lura,
254 4365 408 4449 prefatam
433 4385 594 4428 summam
611 4366 687 4428 dare
705 4366 820 4427 debeat
844 4384 902 4447 pro
920 4385 984 4446 qua
1008 4364 1157 4426 venditus
1180 4377 1236 4441 est,
1261 4377 1291 4425 et
1308 4364 1394 4426 idem

164 4451 386 4555 dic10Ge0rgio
410 4473 611 4556 carpentario
636 4472 674 4534 de
699 4472 897 4534 nutrimento
929 4469 1118 4546 satisfaciat;
1144 4471 1210 4552 ipse
1236 4469 1395 4551 Georgius

162 4560 252 4643 iuratus
274 4599 340 4642 non
365 4592 535 4642 contentus
560 4578 734 4662 appellavit
758 4577 798 4638 ad
823 4577 975 4639 seniores.

239 4685 341 4749 Causa
365 4687 448 4748 inter
471 4686 592 4747 Lucam
616 4699 757 4747 sutorem
788 4699 819 4747 et
850 4684 1057 4745 Mikuliczam
1081 4684 1228 4746 similiter
1253 4697 1393 4745 sutorem

157 4786 261 4854 tatione
283 4792 496 4875 quarumdam
529 4811 635 4854 rerum
660 4806 691 4853 et
722 4791 943 4874 pecuniarum,
977 4810 1057 4871 quas
1081 4791 1148 4871 ipse
1182 4791 1282 4851 Lucas
1307 4802 1395 4850 sutor

151 4891 178 4957 in
197 4895 289 4961 domo
312 4899 414 4982 ipsius
430 4897 602 4960 Mikulicza
619 4897 652 4958 in
677 4897 817 4979 reposito
834 4895 956 4973 habuit,
980 4910 1010 4956 et
1033 4896 1161 4957 easdem
1187 4916 1236 4956 res
1253 4895 1393 4975 quedam

145 5002 258 5086 mulier,
287 5005 408 5089 quein
440 5003 541 5068 domo
571 5004 671 5087 ipsius
695 5003 864 5065 Mikulicza
891 5003 1167 5088 commorabatur,
1199 5002 1405 5069 ciandestine
