3142 5356
506 1408 634 1508 (Auno
661 1406 818 1496 Domini
845 1402 1164 1503 mcccclxxv.)

208 1819 415 1895 innomine
445 1815 599 1892 Domini.
629 1814 756 1891 Amen.
793 1816 897 1891 Anno
930 1813 1139 1890 Natiuitatis
1169 1813 1331 1888 eiusdem
1361 1813 1473 1887 mille-

209 1944 298 2017 simo
328 1940 682 2041 quadringentesimo
711 1940 894 2015 tricesimo
927 1940 1062 2038 quinto,
1090 1946 1255 2037 tempore
1288 1937 1471 2035 judicatus

208 2064 348 2141 Nicolai
367 2064 497 2163 judicis
529 2064 645 2138 nostri
673 2064 843 2155 moderni,
872 2062 931 2138 filii
960 2061 1117 2156 Fabiani,
1137 2084 1286 2162 presens
1320 2063 1474 2138 katema

210 2197 268 2264 est
305 2188 511 2286 conscripta
546 2210 655 2286 super
691 2187 957 2285 registracione
993 2195 1031 2262 et
1072 2185 1356 2284 consignacione
1395 2208 1470 2259 cer-

208 2319 324 2388 tarum
362 2312 545 2387 literarum
588 2311 714 2385 civium
757 2317 796 2385 et
825 2309 1066 2386 habitatorum
1096 2309 1252 2384 civitatis
1279 2318 1473 2408 prenotate

209 2458 318 2535 super
353 2433 648 2535 possessionibus
685 2435 719 2508 in
753 2433 881 2509 eadem
910 2434 1057 2509 ciuitate
1095 2441 1134 2507 et
1170 2433 1247 2508 eius
1287 2434 1473 2509 territorio

622 2557 763 2650 habitis,
792 2556 1049 2633 confectarum.

211 2831 293 2902 ltem
322 2831 374 2902 die
402 2832 567 2904 dominico
596 2833 751 2920 proximo
790 2838 869 2902 ante
897 2831 1019 2902 leolum
1047 2827 1299 2919 Assumpciouis
1327 2831 1474 2918 gloriose

623 2975 753 3044 semper
779 2952 922 3044 virginis
950 2953 1063 3026 llarie.

728 3128 792 3204 (14.
816 3127 956 3202 augusti).

319 3282 395 3344 Item
421 3296 486 3344 tota
519 3283 743 3362 communitas,
777 3284 855 3366 pari,
886 3283 1038 3345 concordi
1065 3297 1095 3346 et
1126 3284 1271 3346 unanimi
1309 3285 1474 3348 voluntate

212 3389 308 3450 simul
334 3389 365 3450 in
390 3408 490 3451 unum
516 3388 605 3449 dives
629 3404 659 3450 et
683 3410 804 3472 pauper
829 3391 860 3451 in
888 3390 1031 3471 generali
1056 3403 1087 3452 et
1110 3391 1274 3452 communi
1299 3410 1474 3474 congrega·

213 3494 317 3571 clune,
342 3494 506 3575 quoddam
532 3492 629 3555 fenile
660 3496 764 3557 tocius
793 3496 1032 3557 communitatis
1054 3497 1085 3557 in
1119 3516 1233 3579 campo
1258 3509 1289 3558 et
1312 3498 1475 3559 territorio

213 3599 351 3661 civitatis
375 3599 457 3660 inter
479 3613 578 3660 terras
601 3613 632 3661 et
656 3598 765 3661 fenilia
798 3615 905 3662 nostre
930 3601 1168 3663 communitatis
1205 3603 1245 3663 ab
1270 3602 1422 3665 orientali
1447 3616 1476 3664 et

214 3726 231 3767 a
256 3705 459 3766 meridionali
485 3725 521 3766 ac
550 3704 741 3766 occidentali
772 3721 873 3788 parte,
898 3721 969 3769 eta
1001 3708 1255 3790 septemtrionali
1280 3723 1370 3791 parte
1397 3710 1476 3771 inter

215 3810 323 3873 senilia
348 3811 495 3872 similiter
519 3825 625 3873 nostre
650 3813 890 3876 communitatis
922 3813 1048 3895 partim,
1073 3827 1104 3875 et
1128 3814 1241 3896 partim
1267 3834 1369 3896 penes
1393 3816 1475 3877 uiam

215 3936 422 3978 communem
447 3916 590 3977 habitum
617 3932 647 3978 et
679 3918 827 3998 existens,
851 3919 891 3981 ad
915 3933 978 3980 tres
1010 3920 1110 3982 dietas
1134 3920 1185 3981 vel
1210 3921 1285 3982 citra
1311 3941 1344 3982 se
1371 3937 1476 3984 exten·

215 4023 304 4100 dens,
328 4025 367 4084 ab
392 4023 480 4084 omni
505 4043 602 4085 censu
620 4037 650 4084 et
672 4039 830 4105 proventu
855 4040 963 4087 nostro
981 4027 1144 4087 communi
1169 4027 1297 4108 penitus
1321 4028 1477 4090 ammodo

215 4142 246 4190 et
269 4129 420 4210 deinceps
444 4129 570 4210 penitus
594 4131 758 4211 expiantes
782 4145 813 4192 et
844 4131 1038 4210 libertantes,
1070 4131 1207 4194 liberum
1233 4146 1264 4194 et
1288 4147 1476 4217 exemptum

215 4248 246 4296 et
278 4235 438 4317 expiatum
480 4236 548 4297 viro
581 4237 717 4318 provido
762 4250 792 4299 et
823 4236 1054 4319 circumspecto
1087 4236 1229 4319 Georgio
1260 4240 1376 4302 sartori
1409 4239 1476 4302 filio

215 4341 388 4419 Valentini,
412 4341 535 4424 pridem
561 4340 670 4422 judici,
695 4343 884 4424 concivique
913 4357 1033 4422 nostro,
1058 4364 1094 4405 ac
1118 4364 1174 4426 per
1198 4365 1271 4406 eum
1297 4346 1364 4407 suis
1388 4346 1476 4409 here·

216 4446 311 4508 dibus
335 4466 393 4529 pro
417 4448 558 4510 serviciis
589 4449 655 4509 suis
679 4449 826 4531 plurimis
857 4449 947 4511 dedit
974 4464 1005 4512 et
1028 4452 1164 4513 contulit
1195 4465 1352 4534 perpetuo
1377 4453 1478 4536 possi·

216 4552 358 4614 dendum
383 4567 414 4616 et
438 4555 746 4636 quomodocumque
771 4556 909 4619 uoluerit
937 4557 1176 4639 disponendum
1200 4557 1286 4640 juxta
1311 4561 1477 4622 condicio·

216 4679 290 4722 nem
324 4660 459 4723 civitatis
489 4675 653 4743 prenotate
686 4663 726 4723 ab
757 4663 892 4745 antiquo
923 4664 1153 4746 approbatam,
1188 4665 1317 4726 nemine
1348 4668 1478 4749 penitus

216 4766 462 4830 contradicente.
