3142 5356
229 559 365 620 civitatis
389 556 509 640 prefate
534 557 616 617 inter
641 555 768 615 vineam
792 554 940 616 similiter
970 554 1104 615 liberam
1130 554 1264 615 Fabiani
1290 555 1439 635 cultoris,
1464 557 1499 617 ab

230 685 292 727 una
317 678 416 746 parte,
440 665 480 724 ab
514 663 613 723 altera
637 680 713 722 vero
745 674 833 743 parte
866 661 948 722 inter
973 660 1100 722 vineam
1135 660 1400 723 condicionalem
1425 662 1495 725 Cle·

231 771 347 832 mentis
371 769 504 830 cultoris
536 767 644 828 habita
676 780 707 828 et
731 766 878 845 existens,
911 765 1048 849 desuper
1071 786 1088 827 a
1112 767 1162 827 via
1188 767 1358 828 communi
1383 786 1496 849 magna

231 891 261 938 et
286 873 367 936 infra
400 894 501 955 usque
533 873 628 934 aliam
663 872 746 933 viam
779 890 930 953 magnam
959 886 991 933 et
1021 891 1227 934 communem
1252 891 1286 933 se
1311 874 1497 951 extendens,

230 1002 303 1044 cum
327 982 392 1042 suis
416 980 621 1063 pertinenciis
649 978 753 1039 eidem
772 977 880 1039 Blasio
905 978 1020 1040 cultori
1038 977 1138 1040 literis
1156 978 1271 1039 nostris
1288 979 1385 1039 novis
1402 979 1496 1060 privi-

231 1088 402 1168 legialibus
426 1101 472 1149 est
496 1084 682 1147 confirmata
708 1097 864 1167 perpetuo
889 1083 1093 1166 possidenda.

337 1193 415 1255 Item
441 1192 572 1253 domina
598 1191 697 1252 Lucia
730 1188 795 1251 filia
819 1189 957 1251 condam
983 1190 1136 1273 Symonis
1168 1189 1244 1251 dicti
1270 1189 1496 1274 Chepernych,

230 1319 315 1360 nunc
340 1317 470 1359 consors
487 1297 643 1378 legittima
663 1295 791 1378 Mathye
809 1295 925 1358 literati
942 1294 1000 1357 filii
1019 1296 1128 1357 Jacobi
1154 1295 1194 1357 de
1216 1295 1378 1376 Klokoch,
1397 1298 1496 1379 quod-

231 1404 304 1465 dam
331 1402 428 1464 lenile
452 1422 545 1464 suum
572 1402 602 1462 in
629 1421 743 1484 campo
776 1401 913 1464 civitatis
936 1403 1078 1484 predicte
1102 1403 1184 1464 inter
1208 1399 1305 1463 fenile
1324 1403 1497 1486 Raphaelis

230 1508 288 1571 filii
314 1508 468 1570 iohannis
492 1508 592 1586 Bozo,
616 1509 656 1569 ab
681 1507 860 1587 occidente,
885 1521 915 1569 et
939 1508 1111 1569 intervias
1135 1527 1335 1588 communes,
1360 1529 1492 1571 unama

230 1616 458 1698 septemtrione
477 1629 506 1675 et
531 1615 627 1676 aliam
653 1616 692 1675 ab
709 1614 832 1676 oriente
854 1614 940 1692 sitas,
966 1633 1107 1675 necnon
1125 1614 1207 1676 inter
1231 1615 1349 1676 dumos
1366 1616 1495 1698 spineos

230 1742 286 1783 seu
319 1722 426 1783 locum
459 1721 581 1804 Zygeth
615 1733 721 1782 nostre
755 1720 995 1783 communitatis
1026 1741 1043 1781 a
1076 1719 1256 1782 meridione
1280 1720 1440 1800 habitum,
1464 1742 1498 1784 ac

231 1827 370 1909 quedam
395 1827 474 1889 silva
500 1828 532 1888 in
557 1826 700 1908 quodam
718 1839 827 1888 monte
853 1840 883 1887 et
907 1825 1068 1887 territorio
1085 1826 1223 1888 civitatis
1247 1827 1391 1908 predicte
1417 1829 1497 1891 inter

230 1934 344 1995 silvam
376 1933 551 1995 liberorum
585 1934 722 1995 condam
748 1933 877 1994 Andree
909 1932 1000 1994 aliter
1034 1933 1239 1994 Anderkonis
1267 1933 1344 1995 dicti
1370 1955 1388 1996 a
1413 1949 1498 2017 parte

232 2039 485 2121 septemtrionali
510 2060 546 2101 ac
565 2041 647 2100 inter
663 2039 776 2100 silvam
795 2040 972 2101 liberorum
990 2038 1126 2101 condam
1153 2038 1240 2101 Galli
1256 2040 1345 2102 surdi
1371 2055 1403 2102 et
1420 2042 1498 2104 inter

232 2147 358 2208 vineam
385 2162 415 2208 et
439 2146 550 2208 silvam
577 2146 788 2208 consimiliter
812 2146 988 2208 liberorum
1011 2146 1127 2207 Blaslto
1152 2146 1283 2208 cultoris
1308 2146 1429 2225 habita,
1446 2149 1497 2210 de-

233 2274 328 2335 super
353 2274 369 2314 a
395 2253 444 2315 via
478 2253 642 2315 communi
675 2251 756 2314 infra
789 2273 890 2335 usque
926 2252 1060 2314 fluvium
1095 2252 1304 2316 Kuhinschalc
1336 2269 1497 2332 vocatum,

233 2360 397 2421 mediante
422 2361 473 2421 via
498 2359 635 2422 cursuali
660 2374 691 2422 et
707 2360 844 2422 semitali
869 2380 902 2421 se
920 2359 1105 2438 extendens,
1131 2360 1260 2443 Mathye
1284 2361 1406 2423 Farkas
1428 2361 1493 2424 filio

233 2465 340 2547 Egidii
366 2466 641 2548 proquibusdam
666 2467 731 2527 suis
755 2466 1011 2548 possessionibus
1043 2466 1076 2527 in
1099 2465 1242 2548 predicta
1267 2467 1419 2530 Klokoch
1444 2468 1494 2529 ha·

232 2572 306 2633 bitis
329 2592 386 2654 per
417 2572 551 2634 modum
576 2572 826 2655 permutacionis
850 2571 939 2634 dedit
962 2587 1117 2655 perpetuo
1142 2572 1388 2654 possidendum.

258 2813 340 2884 ltem
370 2815 402 2883 in
431 2813 517 2884 festo
549 2811 803 2884 Purificacionis
832 2813 977 2901 gloriose
1006 2831 1137 2901 semper
1166 2809 1310 2899 virginis
1340 2804 1457 2883 llarie.

739 2980 782 3041 (2.
799 2965 976 3043 februaris).

340 3106 416 3168 ltem
443 3107 598 3169 medietas
615 3105 782 3168 cuiusdam
807 3105 934 3184 domus,
956 3103 1059 3184 fundi,
1085 3104 1191 3167 celarii
1216 3118 1248 3166 et
1272 3103 1495 3166 hedificiorum

234 3215 265 3274 in
285 3214 356 3275 vico
374 3213 474 3295 ipsius
488 3214 624 3275 civitatis
641 3213 788 3274 exteriori
806 3232 861 3273 seu
879 3212 983 3294 platea
1001 3209 1265 3288 Theuthonicali,
1279 3210 1363 3270 inter
1382 3209 1496 3272 fundos

232 3334 263 3380 et
287 3319 402 3380 domos
427 3319 590 3380 Valentini
615 3318 748 3381 cultoris
778 3316 835 3379 filii
861 3316 994 3399 Georgii
1025 3315 1201 3379 Grabarich
1232 3329 1264 3377 et
1287 3315 1375 3377 Petri
1402 3316 1495 3377 Daui·

232 3426 344 3486 dowcz
369 3424 486 3503 habite,
512 3445 609 3485 unam
634 3444 706 3486 cum
731 3423 836 3484 media
862 3436 1008 3485 octavam
1026 3438 1057 3484 et
1081 3422 1288 3484 medietatem
1313 3421 1422 3483 medie
1446 3441 1495 3482 oc-

231 3546 301 3592 tave
321 3532 351 3591 in
370 3550 402 3590 se
421 3531 598 3608 continens,
616 3550 689 3591 cum
707 3531 771 3591 suis
800 3529 1006 3612 pertinenciis
1031 3529 1131 3589 Elene
1148 3527 1259 3588 relicte
1275 3541 1306 3588 et
1323 3527 1494 3589 Valentino

230 3637 297 3699 lilio
329 3658 365 3698 ac
391 3637 589 3717 Margarethe
615 3636 678 3698 filie
712 3636 848 3698 condam
875 3634 1013 3696 Emerici
1047 3633 1104 3696 filii
1130 3634 1212 3695 Petri
1246 3630 1303 3693 filii
1330 3633 1493 3695 Benedicti

232 3743 431 3804 Dauidowch
457 3763 512 3824 per
536 3741 748 3805 sufficientem
774 3743 916 3825 ipsorum
934 3739 1217 3802 confirmacionem
1243 3752 1290 3799 est
1314 3738 1495 3821 privilegia·

230 3850 301 3910 liter
325 3848 522 3911 confirmata.

338 3956 412 4016 ltem
440 3955 585 4040 Mathyas
610 3968 711 4017 sartor
728 3953 812 4016 filius
831 3954 971 4038 Mathye,
990 3954 1114 4036 pridem
1139 3952 1270 4034 juratus,
1287 3952 1494 4033 concivisque

231 4077 347 4135 noster,
374 4063 405 4122 in
430 4082 485 4122 sua
512 4077 542 4123 et
567 4061 656 4122 Pauli
674 4060 731 4123 filii
757 4082 792 4123 ac
813 4061 987 4123 Katherioe
1005 4061 1095 4123 aliter
1112 4059 1244 4122 Vericza
1269 4073 1384 4121 vocate
1417 4077 1493 4120 onus

231 4185 261 4230 et
285 4189 456 4251 gravamen
475 4169 663 4230 eorumdem
690 4170 720 4229 in
738 4189 771 4230 se
796 4169 900 4251 ipsum
926 4167 1130 4244 assumendo,
1155 4186 1190 4227 ac
1214 4166 1315 4247 probe
1341 4165 1488 4228 mulieres

230 4275 403 4337 Katherina
429 4275 521 4336 aliter
546 4274 709 4357 Kathycza
737 4275 820 4336 dicta
852 4273 916 4336 filia
941 4274 1079 4335 condam
1104 4272 1227 4354 Gaspar
1262 4271 1381 4333 literati
1418 4291 1491 4333 con·

230 4402 298 4443 sors
322 4382 477 4462 legittima
512 4382 597 4442 Luce
623 4381 737 4443 Croaci
770 4379 826 4441 tilii
854 4381 951 4442 Blasii
983 4380 1058 4440 dicti
1087 4379 1175 4458 Wlk,
1206 4398 1243 4440 ac
1268 4377 1411 4440 Barbara
1434 4377 1494 4439 lilia

229 4490 328 4570 ipsius
353 4487 475 4568 Gaspar
500 4488 614 4549 literati
649 4508 779 4549 consors
808 4488 965 4569 legittima
984 4484 1117 4566 Georgii
1133 4484 1282 4546 similiter
1308 4483 1425 4546 Croaci
1442 4482 1496 4545 filii

231 4596 329 4676 ipsius
367 4595 463 4655 Blasii
489 4592 578 4671 Wllt,
611 4594 773 4674 quandam
807 4609 921 4655 terram
960 4594 1101 4674 ipsorum
1135 4590 1290 4652 arabilem
1325 4591 1359 4651 in
1384 4608 1496 4672 campo

231 4703 367 4764 civitatis
391 4701 530 4782 predicte
563 4721 662 4782 prope
687 4702 796 4762 locum
829 4701 975 4783 patibuli,
1008 4701 1090 4761 inter
1122 4714 1220 4760 terras
1244 4697 1361 4760 Vrsule
1387 4699 1495 4760 relicte

229 4808 382 4889 Stephani
408 4807 501 4888 jurati
538 4828 573 4868 ac
599 4807 760 4888 quendam
789 4808 957 4888 antiquum
992 4820 1133 4866 meatum
1157 4803 1246 4866 fluvii
1272 4803 1490 4890 Kuhynschalr
