3156 5364
495 510 703 590 Anno1499.
728 543 770 553 -
793 521 841 589 17.
864 511 1024 574 decembris.
1338 530 1398 595 127

135 721 201 782 tino
225 722 331 784 eidem
357 721 502 784 Fabiano
526 722 634 784 omnia
653 722 846 785 relaxassent
867 737 899 786 et
915 743 989 785 eum
1007 724 1192 806 expeditum
1219 724 1397 786 commisis-

133 841 202 890 sent
213 830 418 891 verbotenus.
430 828 506 890 Item
518 828 678 892 secundus
692 830 780 891 testis
794 830 974 913 Stephanus
984 830 1127 893 literatus
1141 831 1219 892 civis
1231 831 1271 891 de
1286 830 1399 893 eadem

132 933 255 1014 juratus
279 948 311 997 et
335 936 534 998 examinatus
552 935 652 997 lassus
669 948 717 997 est
731 955 789 1018 per
805 936 914 998 omnia
940 950 975 997 ut
998 937 1137 1018 primus3
1155 935 1249 1017 jurati
1272 936 1399 1018 adjudi-

132 1055 286 1105 caverunt
308 1040 395 1123 juxta
420 1040 593 1105 fassionem
618 1042 777 1104 dictorum
795 1043 924 1105 testium
950 1043 989 1104 ad
1014 1063 1096 1124 quos
1120 1045 1214 1105 ambe
1238 1057 1343 1126 partes
1367 1064 1399 1106 se

132 1149 297 1226 miserunt,
322 1161 358 1210 ut
374 1149 441 1231 ipse
465 1149 603 1211 condam
629 1149 791 1210 Fabianus
816 1168 922 1230 neque
940 1169 1019 1211 uxor
1043 1168 1098 1212 sua
1123 1150 1292 1231 quitquam
1317 1149 1399 1211 obli·

130 1267 246 1336 gantur
269 1274 307 1316 ex
331 1275 396 1337 quo
418 1255 510 1317 liberi
532 1268 607 1317 sunt
622 1269 718 1338 prout
738 1268 835 1317 testes
855 1256 1091 1338 deposuerunt3
1115 1269 1222 1317 autem
1248 1255 1322 1316 illos
1338 1269 1399 1317 tre·

131 1359 236 1422 decim
260 1358 330 1423 flor.
356 1360 386 1422 in
412 1374 605 1423 testamento
630 1360 752 1442 legatos
785 1361 852 1442 ipsa
876 1380 956 1422 uxor
980 1360 1114 1422 Fabiani
1146 1360 1252 1422 eidem
1278 1360 1397 1423 lelicze

130 1466 255 1529 solvere
281 1467 398 1529 debeat
420 1467 460 1528 ad
479 1467 794 1549 quintumdecimum
820 1467 916 1529 diem.
942 1465 1064 1528 Preiata
1083 1467 1200 1528 lelicza
1218 1467 1257 1528 de
1275 1466 1396 1547 judicio

131 1571 308 1652 juratorum
333 1593 398 1634 non
423 1588 574 1635 contenta
598 1592 726 1635 causam
748 1575 849 1656 ipsam
866 1573 1041 1656 appellavit
1064 1574 1105 1635 ad
1129 1574 1283 1651 seniores,
1307 1574 1397 1635 simi·

131 1679 201 1741 liter
226 1681 327 1743 eciam
360 1679 481 1765 prefata
514 1680 647 1742 domina
675 1681 760 1743 Nara
791 1680 939 1743 similiter
971 1681 1010 1741 de
1043 1681 1107 1742 illis
1137 1680 1292 1744 tredecim
1325 1681 1396 1744 flor.

130 1787 305 1870 appellavit
328 1787 368 1849 ad
397 1787 550 1850 seniores.

235 1892 377 1955 Sabbato
401 1893 454 1955 die
485 1907 558 1976 post
587 1891 703 1955 festum
732 1893 816 1955 beati
839 1893 929 1954 Pauli
954 1889 1142 1972 heremite*,
1174 1893 1316 1955 seniores
1348 1892 1396 1975 ju·

130 1999 215 2060 dices
239 2018 367 2061 causam
392 1999 567 2082 predictam
601 2000 682 2061 inter
706 2000 848 2062 relictam
881 2000 1019 2061 condam
1045 2000 1183 2062 Fabiani
1213 1999 1341 2062 Charen
1366 2013 1397 2062 et

129 2105 275 2167 similiter
298 2107 443 2168 relictam
468 2106 620 2168 leliczam
645 2107 772 2168 racione
798 2106 897 2168 debiti
915 2107 1170 2189 supranominati
1199 2106 1241 2168 ita
1267 2107 1398 2168 invene·

130 2224 201 2273 runt
224 2231 261 2274 ac
278 2212 545 2293 adjudicaverunt
561 2233 597 2275 ac
614 2212 884 2274 confirmaverunt
904 2226 1001 2295 prout
1022 2213 1169 2295 superius
1193 2233 1249 2295 per
1272 2212 1393 2293 juratos

130 2316 348 2398 adjudicatum
373 2317 475 2396 foret;
507 2320 561 2381 ubi
587 2339 663 2381 vero
691 2319 759 2402 ipsa
788 2319 896 2381 relicta
921 2319 1055 2380 Fabiani
1087 2333 1237 2401 exparte
1262 2318 1392 2381 illorum

128 2424 281 2486 tredecim
312 2424 383 2487 flor.
408 2425 449 2486 ad
480 2425 622 2487 seniores
653 2425 875 2508 appellaverit,
907 2426 949 2487 ita
980 2426 1183 2505 invenerunt,
1212 2425 1300 2507 quod
1327 2426 1394 2508 ipsa

128 2529 236 2592 relicta
261 2529 396 2592 Fabiani
421 2531 552 2593 eosdem
577 2531 731 2593 tredecim
756 2530 826 2594 flor.
857 2531 897 2592 ad
923 2545 1072 2594 octavum
1098 2531 1185 2593 diem
1210 2532 1316 2594 eidem
1342 2533 1394 2594 Je-

128 2635 205 2698 licze
230 2637 355 2698 solvere
379 2637 476 2700 debet
499 2639 575 2720 quia
600 2638 632 2699 in
657 2652 849 2700 testamento
875 2639 973 2720 ipsius
998 2638 1136 2699 condam
1162 2638 1291 2700 Andree
1317 2638 1393 2699 Kel-

128 2741 218 2804 chich
244 2744 450 2806 continentur
474 2758 505 2806 et
538 2744 644 2806 eidem
676 2745 807 2806 eosdem
840 2745 899 2805 sibi
925 2745 1140 2826 obligabatur,
1172 2764 1210 2806 ex
1234 2764 1299 2826 quo
1324 2743 1392 2826 ipse

127 2848 289 2912 Fabianus
312 2851 413 2913 eciam
431 2851 614 2912 testamenti
643 2852 742 2933 ipsius
762 2851 889 2911 Andree
915 2852 1002 2913 testis
1030 2849 1089 2911 luit
1114 2865 1145 2912 et
1168 2850 1256 2931 quod
1285 2850 1392 2911 eidem

127 2975 190 3018 non
208 2956 406 3038 obligaretur
424 2970 540 3018 eotunc
558 2957 801 3019 contradixisset
817 2970 925 3019 tamen
943 2957 1076 3018 minime
1094 2956 1287 3019 contradixit
1304 2956 1390 3018 idem
1495 3007 1498 3013 ,

127 3061 299 3141 Fabianus,
325 3076 356 3124 et
379 3063 439 3124 sibi
457 3083 531 3124 cum
545 3061 659 3125 effectu
684 3063 808 3124 solvere
825 3076 970 3138 tenetur3
994 3063 1033 3124 de
1051 3063 1139 3144 quod
1157 3062 1277 3141 judicio
1297 3064 1392 3125 ambe

127 3183 230 3249 partes
254 3182 403 3232 contente
436 3182 520 3248 sunt,
545 3184 576 3230 et
607 3169 752 3251 quelibet
784 3190 857 3252 pars
892 3170 1025 3230 alteram
1057 3168 1190 3230 liberam
1217 3170 1340 3232 dimisit
1363 3182 1395 3232 et

127 3294 291 3357 nunquam
315 3276 424 3358 aliqua
454 3277 598 3357 parcium
631 3295 688 3358 per
720 3277 860 3358 amplius
891 3295 1021 3338 causam
1053 3275 1155 3357 ipsam
1181 3295 1312 3338 movere
1336 3295 1392 3338 seu

127 3394 279 3443 attentare
304 3383 409 3444 valeat
434 3401 539 3463 neque
564 3382 675 3464 possit.

204 3581 300 3656 Feria
329 3577 437 3657 tercia
466 3577 621 3674 proxima
650 3594 727 3674 post
754 3561 878 3657 festam
906 3584 1004 3656 beate
1032 3584 1130 3658 lucie
1158 3587 1314 3672 virginis.

629 3750 690 3816 (17.
714 3738 885 3807 decembris).

230 3879 315 3954 Quia
341 3878 506 3942 Dorothea
523 3880 672 3942 meretrix
688 3879 753 3941 filia
768 3879 891 3941 Cozme
915 3879 955 3940 de
973 3878 1083 3941 Othok
1100 3878 1235 3955 abbatis,
1261 3878 1292 3938 in
1310 3877 1387 3939 civi-

126 3998 186 4047 tate
211 3984 270 4047 hac
292 3986 324 4048 in
350 3986 464 4048 crinilo
482 3986 620 4068 puellari
637 3986 787 4048 videlicet
812 3987 842 4047 in
861 4000 949 4069 parta
973 3986 1102 4069 publice
1120 3985 1308 4063 ambulavit,
1325 4004 1389 4067 que

126 4092 235 4154 rescita
259 4092 299 4154 de
323 4112 383 4154 suo
399 4090 559 4154 maleficio
576 4092 727 4155 videlicet
750 4093 838 4174 quod
863 4106 910 4155 est
926 4092 1069 4175 paricida
1087 4091 1223 4152 duarum
1248 4090 1389 4172 prolium

125 4218 264 4277 suarum,
287 4219 370 4281 quos
392 4199 424 4260 in
449 4219 483 4261 se
507 4199 649 4281 pervim
674 4200 832 4281 oppressit
856 4214 887 4261 et
905 4213 1050 4261 mortuos
1074 4198 1113 4259 de
1138 4218 1170 4258 se
1195 4196 1279 4258 exire
1305 4195 1390 4276 fecit,

125 4324 224 4368 unum
248 4325 286 4366 ex
310 4305 365 4367 illa
390 4319 479 4388 parte
512 4305 618 4383 Zawa,
650 4305 751 4366 alium
776 4306 808 4366 in
841 4307 912 4367 vico
939 4306 1139 4382 Latinorum,
1171 4323 1254 4385 quos
1281 4303 1312 4364 in
1336 4322 1388 4365 ru·

125 4412 203 4475 betis
226 4411 375 4495 sepelivit
399 4425 496 4495 prout
520 4412 552 4473 id
583 4411 712 4494 publice
730 4410 874 4473 confessa
891 4427 937 4473 est
962 4425 992 4473 et
1015 4411 1163 4472 similiter
1186 4409 1275 4488 dixit,
1300 4409 1389 4492 quod

125 4519 262 4600 quedam
287 4519 409 4601 lagoda
435 4519 551 4581 mulier
576 4519 657 4581 ultra
683 4519 813 4580 Zawam
838 4539 873 4580 ac
898 4538 976 4580 uxor
993 4519 1084 4580 Pauli
1109 4519 1225 4580 literati
1251 4517 1291 4579 de
1317 4518 1388 4579 vico

125 4623 311 4687 Latinorum
336 4637 368 4687 et
391 4625 453 4687 alia
478 4625 596 4686 mulier
620 4624 720 4686 Elena
746 4625 877 4686 nomine
907 4644 979 4686 cum
1013 4624 1126 4686 eadem
1151 4637 1389 4685 commorantes

125 4729 349 4794 informassent
372 4730 508 4792 eandem
534 4731 621 4813 ipsos
645 4750 762 4813 pueros
779 4750 893 4792 necare
918 4746 1021 4792 morte
1046 4731 1239 4811 turpissima,
1254 4743 1285 4790 et
1309 4729 1390 4789 dixit

123 4857 174 4901 eas
196 4837 341 4901 conscias
366 4857 435 4899 esse
460 4838 500 4899 de
524 4837 597 4899 loco
621 4837 807 4920 sepelionis,
832 4857 932 4899 unum
957 4837 1109 4899 videlicet
1132 4856 1226 4918 supra
1251 4834 1386 4896 domurn

223 4992 237 5023 ⁸
256 4993 302 5048 18.
319 4995 432 5062 jmuaril
452 4994 530 5049 1500.
