3142 5356
751 689 807 758 27.

258 818 378 881 Coram
403 817 496 879 vobis
520 817 748 898 spectabilibus
772 831 802 877 et
825 817 961 896 egregiis
986 816 1137 894 dominis,
1162 817 1280 898 judice,
1308 818 1401 895 jurati:

149 938 180 986 et
205 925 436 986 communitate
469 923 564 984 huius
601 924 685 983 alme
718 924 854 983 civitatis
886 924 1169 1004 Montisgrecensis
1200 926 1398 1006 zagrabiensi

149 1051 322 1114 compareo
347 1049 407 1110 ego
432 1030 585 1091 Nicolaus
600 1029 784 1090 Palaminus
810 1030 853 1090 uti
873 1031 1004 1090 maritus
1029 1044 1059 1092 et
1083 1030 1255 1109 conjuncta
1280 1051 1401 1113 person:

150 1136 303 1199 Kathicze
328 1135 466 1197 condam
485 1135 639 1196 lobannis
661 1134 857 1217 Zrebrarych
875 1149 985 1196 contra
1009 1150 1041 1196 et
1064 1136 1216 1198 adversus
1241 1137 1401 1199 discretun

148 1257 179 1306 et
203 1243 346 1304 nobilem
367 1243 470 1303 virum
498 1242 661 1304 Matheum
686 1257 836 1303 vocaturn
862 1241 1020 1303 Mathiacz
1044 1243 1263 1305 adversarium
1288 1245 1335 1305 uti
1360 1244 1398 1304 de

149 1363 306 1412 tentorem
331 1363 363 1412 et
387 1363 612 1431 occupatorem
639 1348 861 1429 jobagionum,
882 1349 1054 1426 bonorum,
1079 1369 1264 1430 rerumque,
1289 1370 1401 1432 posses

148 1458 296 1535 sionum,
321 1457 511 1518 introituum
543 1470 574 1517 et
609 1455 904 1517 emolumentorum
940 1456 1206 1537 proveniensium
1243 1477 1280 1516 ex
1316 1458 1401 1518 terris

152 1564 421 1646 possessionibus,
456 1563 558 1623 vineis
591 1577 622 1623 et
645 1561 776 1643 (h)orto,
808 1561 1009 1642 aliarumque
1042 1580 1147 1623 rerum
1174 1562 1401 1624 inherediarun

151 1670 288 1732 condam
321 1668 434 1751 prelati
467 1668 622 1730 lobannis
653 1682 893 1750 perceptarum,
926 1667 1004 1728 mihi
1037 1669 1169 1730 nornine
1201 1670 1313 1731 uxoris
1344 1688 1401 1730 mer

149 1775 368 1857 spectancium
392 1789 423 1836 et
456 1774 703 1855 pertinencium,
737 1773 775 1833 de
808 1775 926 1853 quibus
950 1793 1005 1853 per
1037 1773 1246 1852 justissimum
1272 1790 1401 1837 vestrun

148 1883 290 1944 tribunal
322 1895 397 1964 peto
428 1881 664 1942 sentencialiter
696 1880 878 1963 provideri,
911 1880 1049 1960 qualiter
1081 1881 1219 1942 condam
1252 1881 1399 1944 lohanne

150 2002 240 2070 pater
264 1989 363 2070 ipsius
395 1987 547 2049 Karbicze
581 1986 701 2068 prefate
734 1987 842 2047 uxoris
874 2005 944 2046 mee
976 1987 1238 2049 testamentaliter
1269 1987 1401 2049 domum

150 2095 288 2174 vincam,
301 2095 499 2176 jobagiones,
513 2094 637 2170 silvam,
655 2094 755 2154 eciam
767 2092 931 2173 (mortum,
949 2094 1003 2174 qui
1021 2093 1156 2154 habetur
1173 2112 1273 2176 prope
1291 2093 1401 2156 fonten

153 2201 374 2279 Mandussecz,
398 2201 584 2278 stacionem,
603 2201 776 2280 omniaque
803 2200 949 2260 clenodia
968 2200 1084 2260 domus
1109 2214 1140 2261 et
1164 2200 1313 2262 universa
1331 2202 1401 2262 bon:

150 2307 282 2370 mobilia
308 2321 338 2368 et
363 2307 554 2384 immobilia,
579 2326 642 2387 que
676 2306 778 2387 ipsum
812 2305 948 2366 condam
973 2326 1120 2366 socerum
1152 2325 1261 2368 meum
1288 2325 1401 2369 concer

151 2433 226 2476 nere
251 2427 391 2496 possent,
417 2414 552 2494 legasset
576 2412 684 2472 uxoris
708 2432 762 2471 sue
788 2425 818 2472 et
849 2411 1001 2472 Kathicze
1032 2412 1178 2474 similiter
1202 2411 1267 2473 filie
1291 2432 1348 2474 sue
1372 2413 1401 2474 le

150 2521 274 2601 gittime
300 2519 473 2580 dimisisset
490 2519 620 2596 utenda,
639 2517 771 2579 fruenda
790 2531 820 2578 et
832 2518 1003 2598 gaudenda
1021 2539 1079 2600 pro
1097 2519 1268 2581 medietate
1287 2521 1401 2602 utriqur

150 2627 306 2709 ipsorum,
331 2626 372 2687 ita
396 2639 515 2703 tamen,
540 2627 564 2684 si
591 2644 721 2685 uxorem
748 2625 887 2706 premoti
914 2625 1093 2707 contigerit,
1118 2640 1233 2687 extunc
1257 2627 1401 2688 omniae

150 2734 297 2794 universa
324 2734 407 2793 bona
433 2731 612 2793 concedant
637 2745 667 2792 et
691 2733 820 2792 veniant
853 2732 892 2791 ad
919 2732 1106 2793 Kathiczam
1131 2731 1232 2793 filiam
1256 2733 1398 2794 testatori

149 2838 324 2922 prelatam;
349 2839 422 2900 ideo
449 2839 559 2919 vigore
585 2838 770 2898 huiusmodi
792 2839 1029 2899 testamentarie
1054 2839 1229 2919 legacionis
1253 2854 1284 2900 et
1301 2840 1401 2901 ultimi

149 2946 323 3008 voluntatis
347 2947 483 3006 condam
510 2943 665 3005 lobannis
689 2944 806 3006 soceris
825 2945 886 3005 mei
905 2958 979 3025 peto
1004 2965 1055 3005 me
1072 2945 1204 3006 nomine
1229 2965 1295 3026 quo
1320 2966 1401 3028 supr:

149 3053 257 3113 induci
277 3053 308 3113 in
326 3052 560 3133 possessionem
576 3052 736 3111 bonorum
755 3051 995 3132 premissorum,
1013 3051 1188 3126 adjudicari
1207 3052 1401 3115 medietaten

150 3159 296 3220 omnium
322 3158 522 3234 introituum,
548 3157 721 3218 utilitatum
747 3171 776 3216 et
795 3157 1101 3237 emolumentorum,
1125 3157 1286 3220 fructuum
1313 3172 1345 3221 et
1368 3159 1400 3220 in

148 3265 300 3326 troituum
319 3278 541 3347 perceptorum
560 3263 736 3344 peripsum
763 3263 917 3324 Mathiam
940 3278 971 3325 et
988 3285 1120 3326 uxorem
1145 3285 1234 3327 suam
1253 3266 1293 3328 de
1320 3267 1398 3329 boni

149 3371 248 3453 ipsius
272 3371 389 3432 soceris
414 3370 476 3430 mei
503 3383 596 3451 prout
627 3369 705 3449 juris
729 3384 759 3430 et
791 3370 830 3430 de
855 3370 922 3451 jure
953 3385 1010 3449 est,
1042 3373 1132 3433 salvo
1156 3372 1224 3452 jure
1258 3373 1401 3436 addendi

150 3477 327 3554 minuendi,
353 3476 533 3556 corrigendi
558 3496 593 3537 ac
618 3476 658 3535 de
690 3495 775 3537 novo
808 3476 1009 3557 producendi
1033 3491 1092 3540 etc.
1124 3499 1160 3539 ac
1192 3479 1263 3539 aliis
1287 3499 1399 3563 sempe

149 3584 245 3644 salvis
269 3597 363 3665 prout
380 3583 419 3644 de
444 3583 522 3663 jure,
541 3584 642 3644 eciam
660 3583 855 3643 anichilandi
873 3597 1098 3646 testamentum
1117 3586 1255 3647 condam
1279 3589 1399 3668 Agneti

150 3693 258 3752 matris
282 3692 389 3752 uxoris
414 3711 483 3751 mee
510 3691 720 3770 inquantum
754 3690 945 3771 prejudicari
979 3708 1009 3752 et
1041 3692 1188 3772 derogari
1218 3707 1401 3757 testamenti

150 3797 303 3858 lobannis
327 3796 505 3878 Zrebarycb
531 3798 648 3857 soceris
673 3798 747 3874 mei,
772 3798 847 3877 quia
872 3817 939 3857 rem
969 3799 1107 3859 alienam
1132 3800 1238 3880 legare
1264 3821 1331 3862 non
1357 3822 1400 3884 po

148 3904 219 3982 tuit,
244 3904 318 3964 ideo
352 3917 426 3985 peto
452 3917 486 3963 ut
517 3923 611 3984 supra
646 3917 676 3963 et
708 3916 866 3984 protestor
891 3903 930 3963 de
963 3906 1109 3986 expensis
1142 3906 1243 3966 eciam
1268 3905 1401 3969 lactise

149 4008 263 4070 fiendis
287 4024 345 4072 etc.
838 4013 842 4020 '

749 4094 805 4163 28.

255 4221 378 4282 Eodem
403 4222 454 4282 die
479 4242 571 4283 causa
597 4223 678 4283 inter
704 4222 856 4283 Mathiam
890 4222 1082 4305 lreniparem
1108 4238 1138 4286 et
1161 4223 1292 4287 fratrem
1317 4246 1401 4289 suun

150 4326 346 4408 Stephanum
372 4329 517 4389 similiter
541 4328 733 4411 lreniparem
751 4331 879 4390 racione
904 4347 934 4391 et
951 4347 1095 4413 pretextu
1119 4333 1334 4414 quarumdam
1360 4355 1400 4397 cu

147 4434 240 4513 tium,
264 4435 352 4515 quod
371 4436 455 4497 idem
475 4436 654 4518 Stephanus
670 4456 725 4496 sua
744 4437 890 4517 potencia
916 4438 1076 4499 mediante
1095 4439 1241 4501 intrasset
1257 4453 1288 4502 et
1313 4440 1401 4503 dicta:

149 4554 236 4603 cutes
252 4561 335 4618 suas,
354 4542 398 4603 uti
413 4545 581 4621 asserebat,
599 4543 806 4624 deportasset,
821 4542 912 4623 jurati
931 4545 1165 4625 adjudicarunt,
1182 4546 1271 4627 quod
1289 4567 1328 4608 ex
1345 4567 1401 4630 qu<

149 4647 234 4709 idem
253 4647 434 4729 Stephanus
459 4650 488 4709 in
515 4650 647 4710 domum
673 4668 762 4709 suam
782 4649 915 4711 liberam
934 4653 1080 4732 potencia
1103 4654 1265 4714 mediante
1282 4654 1399 4716 intravi

148 4768 178 4814 et
202 4754 302 4815 dictas
326 4769 414 4815 cutes
437 4754 539 4816 fratris
563 4756 611 4816 sui
630 4756 819 4837 deportavit,
845 4772 940 4837 prout
964 4760 1118 4820 solusmet
1142 4763 1312 4838 asserebat,
1336 4781 1396 4823 con

148 4860 249 4921 victus
273 4874 320 4921 est
344 4880 441 4941 penes
463 4877 577 4922 statuta
603 4863 737 4923 civitatis
762 4862 792 4922 in
822 4862 890 4924 flor.
916 4866 992 4940 XX3
1026 4864 1164 4948 prefatas
1193 4881 1302 4928 autem
1324 4882 1401 4928 cutes

148 4966 254 5027 eidem
279 4966 404 5028 solvere
428 4969 553 5030 debeat.
