3142 5356
683 282 770 342 Anno
792 292 883 360 1397.
1375 304 1412 366 9¹

152 495 363 580 Pobrezyam,
388 495 464 558 item
482 494 626 577 quinque
643 494 744 556 dietas
767 508 849 556 terre
867 494 949 556 inter
973 509 1072 555 terras
1100 493 1312 572 sacerdotum,
1330 495 1416 575 quod

153 603 227 685 quia
251 603 344 664 litere
369 602 493 664 domini
519 602 643 664 Miclini
667 600 783 681 judicia
817 620 873 682 per
897 599 1083 662 incendium
1110 600 1192 681 ignia
1216 615 1418 663 concremate

151 709 336 787 extiterunt,
361 709 436 770 ideo
460 727 519 770 nos
543 727 657 769 omnes
690 707 907 788 possessiones
938 706 1135 789 supradictas
1159 705 1420 768 confirmavimus

151 815 260 877 eidem
285 814 433 892 Miklino‚
457 828 604 896 tempore
628 813 703 875 dicti
735 813 845 876 Marci.

260 921 338 984 Item
362 919 457 983 irater
482 920 664 1002 Stephanus
689 920 890 980 Famtasama
921 918 1010 980 dedit
1034 917 1171 982 fundum
1197 939 1291 982 suum
1317 921 1418 982 Paulo

147 1027 219 1091 filio
248 1043 279 1091 et
304 1028 406 1090 Elenc
431 1027 538 1110 puelle
563 1026 724 1109 nepotisse
749 1046 817 1104 sue,
840 1039 986 1107 tempore
1011 1026 1087 1088 dicti
1113 1027 1223 1090 Marci.

260 1136 337 1197 ltem
363 1135 517 1197 Nicolaus
535 1132 677 1218 Mahnyn
701 1132 847 1195 vendidit
864 1133 990 1194 vineam
1016 1152 1105 1194 auam
1132 1132 1252 1196 Mathei
1269 1132 1419 1213 Plauech,

148 1257 299 1325 tempore
323 1241 399 1302 dicti
425 1241 533 1305 Marci.

260 1348 339 1409 ltem
372 1347 557 1409 Anthonius
589 1345 734 1431 Sytarich
770 1344 918 1408 vendidit
948 1345 1122 1427 quemdam
1153 1343 1290 1409 fundum
1314 1367 1418 1427 suum,

151 1473 251 1517 unam
275 1468 433 1536 quartam,
459 1452 618 1535 Gregorio
643 1451 710 1514 filio
736 1451 835 1530 otho,
859 1466 1005 1534 tempore
1030 1451 1106 1515 dicti
1132 1453 1242 1517 Marci.

259 1559 338 1621 ltem
364 1559 489 1620 Blasius
514 1556 654 1620 carnifex
685 1559 831 1620 vendidit
863 1558 996 1620 domum
1021 1578 1111 1620 auam
1137 1559 1168 1620 in
1193 1559 1418 1622 concambium

152 1665 321 1729 cuiusdam
346 1665 479 1727 alterius
503 1664 619 1726 domus
645 1665 779 1749 Symoni
798 1663 938 1727 carnifici
960 1679 990 1727 et
1007 1665 1122 1727 Kirino
1147 1666 1227 1748 patri
1251 1685 1322 1746 suo,
1338 1680 1418 1728 tent·

153 1790 231 1854 pore
257 1771 334 1833 dicti
359 1771 470 1834 Marci.

259 1876 338 1939 Item
362 1882 457 1938 Anna
482 1877 598 1939 mulier
622 1877 731 1938 relicta
757 1877 840 1939 Petri
864 1873 945 1939 fabri
976 1878 1121 1940 vendidit
1145 1878 1320 1961 quemdam
1345 1876 1415 1940 fun·

155 1983 234 2046 dum
259 2002 353 2045 auum
379 1983 544 2045 Demetrio
568 1983 752 2065 frenipario,
776 1997 922 2065 tempore
947 1984 1023 2046 dicti
1049 1985 1158 2047 Marci.

260 2089 337 2150 ltem
372 2089 553 2171 Stephanus
585 2089 723 2150 condam
755 2089 876 2169 juratus
907 2089 1053 2152 vendidit
1084 2091 1257 2172 quemdam
1281 2089 1415 2154 fundum

154 2215 249 2258 suum
275 2195 427 2275 magistro
454 2195 617 2276 Stephano
650 2196 776 2257 notario
801 2195 956 2278 Capituli,
989 2217 1137 2259 necnon
1164 2198 1263 2260 Elena
1288 2218 1418 2261 consors

154 2302 298 2364 eiusdem
326 2301 491 2383 Stephani,
515 2317 660 2383 tempore
685 2302 760 2364 dicti
786 2303 895 2366 Marci.

258 2409 337 2471 ltem
362 2407 538 2489 Gregorius
562 2409 666 2470 dictus
691 2408 825 2470 Sturcha
848 2409 993 2472 vendidit
1010 2430 1107 2473 unam
1131 2426 1276 2493 quartam
1302 2413 1418 2475 domus

153 2535 209 2577 sue
232 2516 339 2576 Blasio
363 2516 475 2578 sartori
500 2529 530 2577 et
556 2515 723 2578 Elizabeth
747 2517 888 2577 consorti
913 2537 980 2595 sue,
1004 2532 1149 2600 tempore
1171 2519 1247 2582 dicti
1262 2521 1371 2583 Marci.

260 2622 338 2684 ltem
362 2623 517 2685 Nicolaus
533 2623 573 2686 de
591 2623 736 2687 Chichan
760 2624 906 2686 vendidit
924 2644 1020 2686 unam
1037 2626 1172 2688 domum
1188 2647 1278 2690 suam
1296 2629 1417 2690 eisdem

154 2729 264 2791 Blasio
289 2743 320 2790 et
345 2729 523 2808 Elizabeth,
547 2744 692 2812 tempore
717 2731 792 2792 dicti
818 2731 927 2794 Marci.

261 2837 337 2898 ltem
363 2837 545 2920 Stephanus
562 2837 683 2919 juratus
707 2838 905 2900 condonavit
920 2839 1123 2903 medietatem
1141 2841 1308 2905 cuiusdam
1325 2840 1416 2905 fundi

153 2943 202 3005 tui
228 2943 328 3004 Elene
354 2944 493 3006 consorti
525 2964 592 3024 suc,
616 2945 713 3006 aliam
746 2944 916 3007 Francisco
948 2944 1016 3008 filio
1048 2966 1118 3018 suo,
1142 2963 1173 3010 et
1203 2968 1316 3010 omnes
1339 2949 1418 3012 alias

154 3050 373 3132 possessiones
397 3050 436 3111 ad
455 3049 598 3112 medium
618 3050 738 3112 eisdem
762 3051 932 3113 Francisco
957 3067 988 3114 et
1005 3054 1105 3116 Elene
1120 3055 1177 3116 tali
1200 3055 1311 3135 modo,
1328 3057 1416 3139 quod

154 3157 179 3217 si
205 3155 272 3239 ipsa
297 3157 385 3238 prius
410 3176 508 3238 quam
533 3158 600 3239 ipse
626 3158 812 3218 Franciscus
837 3159 1001 3239 morietur,
1019 3175 1135 3223 extunc
1157 3181 1253 3244 super
1277 3163 1415 3226 eundem

155 3264 361 3325 Franciscum
386 3263 646 3326 condescendant
670 3284 708 3325 eo
733 3263 828 3343 facto,
853 3280 999 3348 tempore
1023 3268 1100 3330 dicti
1125 3269 1235 3332 Marci.

260 3370 339 3432 ltem
365 3371 557 3433 Benedictus
581 3370 666 3432 filius
689 3372 819 3432 Andree
852 3387 883 3434 et
912 3374 1084 3437 Benedicta
1108 3395 1240 3438 consors
1263 3398 1319 3441 sua
1341 3400 1416 3443 ven·

154 3476 237 3538 didit
261 3495 358 3538 unam
383 3491 528 3559 quartam
554 3479 660 3539 Blasio
685 3479 859 3561 sellipari0,
886 3494 1031 3564 tempore
1055 3482 1131 3545 dicti
1157 3485 1265 3548 Marci.

260 3583 338 3645 ltem
375 3584 507 3646 domina
541 3585 707 3646 Francisca
743 3584 808 3647 filia
840 3585 981 3671 Gyanini
1013 3587 1070 3651 filii
1096 3590 1214 3652 Donati
1247 3592 1286 3653 de
1311 3593 1416 3671 Mezo,

154 3689 244 3752 dedit
269 3706 299 3752 et
323 3690 520 3752 condonavit
550 3692 713 3774 quandam
746 3707 869 3776 turtym
901 3715 991 3756 suam
1016 3717 1053 3758 ac
1084 3698 1242 3779 palacium
1268 3720 1415 3763 necnon

153 3796 311 3878 capellam
336 3799 427 3860 beate
453 3799 567 3860 Vrsule
584 3800 713 3861 racione
737 3799 905 3862 cuiusdam
930 3798 1077 3883 expense,
1103 3804 1240 3866 Johanni
1266 3805 1416 3892 Grachyn

153 3903 291 3966 domino
316 3917 347 3968 et
370 3906 486 3967 marito
510 3926 580 3986 suo,
605 3922 749 3988 tempore
774 3908 850 3968 dicti
875 3907 999 3970 domini
1024 3911 1133 3974 Marci.
