3142 5356
150 408 189 487 56
531 408 617 466 Anno
639 401 734 482 1489.
759 439 800 448 —
823 417 855 479 9.
872 403 1026 479 junuarii.

148 620 349 698 dimiserunt,
366 619 458 699 jurati
477 618 753 695 adjudicaverunt,
769 617 858 699 quod
876 616 961 679 idem
988 616 1150 678 Fabianus
1167 615 1298 699 pellifex
1317 615 1418 677 debet

147 727 362 807 juramentum
386 725 548 808 deponere
574 725 605 786 in
630 745 682 785 ara
707 738 815 786 sancte
833 723 947 786 Crucis
971 721 1049 784 feria
1073 736 1159 784 sexta
1177 723 1322 804 proxima
1341 737 1418 804 post

150 833 266 895 festum
291 832 547 915 Epiphaniarum
573 831 704 893 Domini
729 850 825 912 super
852 849 902 908 eo,
927 830 1016 912 quod
1048 829 1135 891 idem
1160 829 1323 891 Fabianus
1350 848 1418 891 non

149 954 292 1022 rogasset
308 960 366 1024 pro
385 939 584 1002 fideiussoris
609 938 749 1000 eundem
768 938 980 1016 Demetrium,
1005 937 1031 999 si
1049 937 1136 998 idern
1155 936 1316 998 Fabianus
1333 935 1419 1016 jura·

148 1047 230 1109 verit
261 1061 377 1109 extunc
409 1046 495 1107 idem
530 1045 712 1106 Demetrius
743 1045 826 1107 Sicci
859 1044 1068 1106 convincetur
1103 1044 1135 1104 in
1160 1062 1222 1104 una
1247 1042 1421 1126 potencia;

150 1153 333 1217 Demetrius
358 1152 440 1215 Sicci
466 1172 530 1214 non
556 1165 725 1214 contentus
749 1150 923 1234 appellavit
947 1149 987 1211 ad
1012 1150 1165 1212 seniores.

233 1388 328 1463 Faria
356 1399 453 1462 sexta
480 1389 634 1480 proxima
664 1398 741 1478 post
768 1389 891 1460 festum
921 1385 1181 1477 Epiphaniamm
1209 1385 1352 1457 Domini.

551 1540 598 1621 (9.
615 1541 767 1618 januarii,
798 1560 868 1603 ann.
900 1537 1013 1619 1489.)

255 1685 333 1746 ltem
365 1703 458 1746 causa
491 1685 573 1746 inter
606 1681 744 1745 Gursam
777 1697 807 1744 et
838 1681 1003 1744 dominam
1037 1680 1234 1742 Dorotheum
1271 1680 1420 1743 relictam

150 1790 286 1853 condam
313 1790 410 1852 Blasii
443 1790 532 1853 Slani
565 1789 694 1851 racione
727 1789 892 1851 cuiusdam
924 1788 1049 1850 servicii
1083 1786 1170 1869 quod
1195 1787 1281 1849 idern
1308 1786 1417 1850 Gursa

151 1898 351 1980 proponebat
371 1896 459 1978 quod
481 1896 616 1958 eandem
639 1896 804 1957 dominam
822 1896 969 1957 servisset
986 1896 1067 1956 bene
1088 1914 1144 1976 per
1162 1894 1303 1955 sedecim
1320 1894 1418 1956 dimi·

152 2002 206 2064 dio
224 2022 320 2081 anno,
345 2002 430 2064 idern
459 2002 590 2063 domina
609 2002 835 2085 respondisset,
860 2001 947 2082 quod
974 2000 1058 2063 idenr
1085 1999 1188 2062 Gursa
1214 2019 1278 2061 non
1304 1998 1418 2062 fuisset

151 2109 330 2191 apreciatus
362 2106 502 2170 famulus
533 2128 609 2169 suos
641 2127 713 2168 curn
746 2107 834 2168 solus
870 2108 997 2189 propria
1030 2107 1197 2169 voluntate
1229 2126 1285 2167 sua
1311 2106 1420 2169 claves

152 2229 285 2297 apotece
309 2217 350 2276 ab
381 2235 417 2277 ea
441 2215 612 2296 recepisset
642 2229 673 2276 et
700 2215 744 2276 sic
776 2215 954 2296 dampnum
978 2213 1038 2275 sibi
1072 2213 1164 2274 valde
1189 2233 1345 2294 magnum
1371 2212 1419 2274 fe·

153 2322 246 2383 cisset
272 2321 390 2383 valoris
414 2322 559 2383 ducentis
583 2335 614 2382 et
645 2321 880 2402 quinquaginta
911 2319 992 2398 flor,
1019 2320 1060 2380 ita
1092 2319 1185 2400 jurati
1211 2318 1421 2400 adjudicave-

154 2441 239 2505 runt,
264 2427 353 2508 quod
378 2427 511 2489 domina
537 2427 701 2487 Dorothea
734 2426 830 2487 debet
854 2425 1070 2504 juramentum
1103 2425 1265 2507 deponere
1290 2425 1423 2506 quinto·

154 2533 280 2596 decimo
306 2533 357 2594 die
383 2534 415 2594 in
439 2554 492 2594 ara
517 2547 623 2594 sancte
649 2532 763 2594 Crucis
795 2533 826 2593 in
853 2532 987 2594 ecclesia
1020 2533 1119 2594 sancti
1147 2532 1244 2593 Marci
1270 2551 1422 2612 ewange-

152 2641 224 2702 liste
248 2660 344 2722 super
369 2660 418 2716 e0,
451 2641 539 2722 quod
565 2639 704 2702 famulus
736 2660 812 2701 suus
844 2640 1023 2722 apreciatus
1047 2660 1112 2701 non
1147 2639 1257 2701 fuisset
1281 2659 1355 2701 cum
1381 2661 1420 2702 ex

152 2747 281 2828 propria
307 2747 472 2808 voluntate
496 2767 551 2807 sua
577 2747 682 2808 claves
706 2761 838 2828 apotece
855 2747 1041 2828 recepisset;
1066 2746 1091 2806 si
1120 2746 1336 2825 juramentum
1364 2746 1422 2808 de-

157 2852 311 2933 posuerit,
336 2867 450 2913 extunc
468 2873 540 2913 eum
562 2853 670 2934 precio
694 2873 752 2913 suo
777 2873 841 2913 non
860 2853 1067 2933 obligabitur,
1090 2853 1116 2914 si
1141 2867 1247 2914 autem
1273 2872 1350 2932 non,
1369 2873 1423 2915 ex·

153 2972 230 3019 tunc
254 2957 385 3018 domina
412 2958 575 3020 Dorothea
593 2960 652 3020 sibi
678 2960 874 3038 obligabitur
891 2979 964 3021 curn
993 2960 1134 3021 serviciis
1151 2959 1329 3022 secundum
1348 2962 1424 3023 esti-

154 3064 336 3126 macionem
361 3066 536 3146 proborum
562 3066 704 3127 virorum
730 3067 784 3147 qui
817 3080 966 3147 apotecas
990 3066 1119 3129 habent.

262 3169 338 3231 ltem
372 3189 464 3230 causa
491 3171 572 3232 inter
605 3172 803 3233 Demetrium
838 3187 979 3233 sutorem
1013 3186 1044 3234 et
1073 3172 1214 3234 lmbrecz
1246 3173 1421 3259 Francbyn

154 3277 283 3338 racione
308 3277 488 3356 vigilature,
513 3279 601 3358 quod
627 3278 711 3339 idem
735 3278 916 3340 Demetrius
934 3281 1126 3361 apreciasset
1149 3301 1223 3342 eurn
1241 3282 1281 3342 ad
1306 3281 1422 3363 vigila-

155 3397 258 3443 turam
284 3383 422 3463 propriis
446 3383 590 3464 pecuniis
614 3399 644 3444 et
669 3385 753 3445 bona
782 3385 947 3447 voluntate
973 3406 1028 3447 sua
1047 3387 1189 3448 lmbrecz
1213 3388 1252 3448 ab
1278 3407 1317 3449 eo
1334 3408 1423 3451 rece·

156 3489 255 3569 pisset
279 3503 309 3549 et
333 3489 433 3549 eciam
460 3489 554 3569 judex
579 3490 665 3551 illius
690 3492 843 3571 temporis
867 3490 927 3553 luit
951 3494 1032 3555 bene
1056 3507 1226 3555 contentus
1250 3514 1345 3576 super
1370 3515 1422 3574 eo,

156 3593 250 3672 iurati
276 3594 550 3673 adjudicaverunt,
576 3597 663 3677 quod
690 3597 775 3658 idem
793 3597 935 3660 lmbrecz
963 3599 1059 3661 debet
1082 3601 1222 3662 totaliter
1247 3600 1322 3662 dare
1348 3601 1421 3663 illas

156 3701 320 3781 pecunias,
356 3721 436 3782 quas
468 3702 553 3763 idern
580 3703 762 3765 Demetrius
794 3703 884 3766 dedit
914 3724 972 3786 pro
1004 3705 1068 3766 illis
1101 3707 1252 3788 captivis;
1278 3706 1421 3770 lmbrecz

159 3827 225 3869 non
250 3821 418 3869 contentus
441 3809 615 3890 appellavit
638 3810 678 3871 ad
703 3811 855 3873 seniores.

263 3913 341 3975 Item
355 3934 448 3975 causa
464 3916 544 3976 inter
556 3916 733 3977 Fabianum
749 3915 920 3998 pellificem
939 3933 968 3979 et
983 3919 1103 3979 lucam
1119 3921 1276 4003 Ribarycz
1289 3923 1419 3984 racione

157 4020 322 4081 cuiusdam
348 4022 562 4101 percussionis
587 4023 618 4082 in
643 4022 823 4102 vigilatura,
848 4023 940 4104 jurati
966 4023 1240 4104 adjudicaverunt,
1266 4028 1355 4108 quod
1381 4050 1418 4091 ex

157 4145 222 4207 quo
241 4125 327 4186 idem
340 4127 501 4186 Fabianus
515 4128 618 4188 noluit
633 4128 826 4210 respondere
842 4130 972 4210 quando
989 4144 1120 4192 vocatus
1134 4130 1193 4194 fuit
1210 4152 1266 4215 per
1279 4134 1419 4197 eundem

158 4233 318 4315 Ribarycz
344 4246 374 4293 et
399 4253 481 4293 unus
498 4234 595 4295 alium
622 4235 665 4295 ibi
690 4249 803 4296 mutuo
821 4237 1040 4318 vituperasset,
1068 4238 1100 4298 in
1119 4239 1207 4300 nulla
1231 4240 1326 4322 culpa
1342 4261 1420 4302 eun-

158 4337 232 4399 dem
259 4339 417 4421 Ribarycz
443 4358 506 4399 non
526 4341 717 4402 invenerunt
742 4356 773 4402 et
789 4343 874 4424 juxta
892 4342 1062 4404 iussionem
1088 4346 1245 4426 capitanei
1271 4359 1302 4407 et
1319 4348 1420 4408 eciam

157 4447 319 4508 sociorum
346 4447 487 4529 ipsorum
515 4469 586 4510 curn
606 4448 665 4511 luit
681 4451 756 4511 satis
780 4450 949 4531 castigatus
972 4472 1031 4533 pro
1049 4453 1141 4535 culpa
1159 4474 1233 4530 sua3
1259 4454 1421 4517 Fabianus

157 4572 222 4615 non
248 4567 417 4615 contentus
441 4555 614 4635 appellavit
638 4556 677 4616 ad
702 4558 853 4619 seniores.

263 4660 340 4720 ltem
365 4680 458 4720 causa
484 4661 564 4721 inter
591 4662 787 4722 Demetrium
814 4664 970 4748 Ribarycz
993 4678 1024 4725 et
1048 4665 1189 4726 Blasium
1216 4666 1419 4751 Nechersyen

158 4765 285 4826 racione
303 4765 467 4826 cuiusdam
486 4763 576 4826 fundi
601 4767 640 4827 de
654 4769 724 4828 vico
742 4783 898 4847 sutorum,
923 4769 1013 4848 iurati
1033 4770 1309 4851 adjudicaverunt,
1326 4772 1414 4853 quod

159 4871 245 4953 juxta
278 4868 449 4937 sessionem
484 4872 613 4937 illorum
646 4877 820 4959 proborum
853 4877 940 4959 quod
973 4876 1093 4940 fundus
1122 4877 1182 4943 luit
1213 4879 1322 4942 matris
1351 4899 1421 4962 sue,
