3142 5356
674 352 760 407 Anna
785 363 876 425 1429.
1349 369 1405 431 ¹73

145 563 254 644 petius
278 561 418 642 quedam
436 563 531 623 arbor
555 561 613 642 piri
632 560 805 641 vulgariter
825 562 984 623 sementia
1001 575 1112 623 vocata
1130 577 1161 623 et
1184 562 1246 624 alie
1264 563 1404 640 arbores,

145 688 206 729 una
231 669 336 731 cerusi
360 688 396 729 ac
421 667 560 729 secunda
594 681 624 728 et
652 668 748 728 tercia
782 668 902 745 tribuli,
934 669 1012 749 glog
1036 669 1208 749 vulgariter
1240 669 1334 747 dicta,
1360 669 1406 729 in·

141 774 240 836 serius
265 789 352 836 extra
385 775 465 836 vites
490 774 520 834 in
554 773 694 854 virgulto
727 774 845 853 habite,
877 794 935 856 pro
968 788 1051 836 meta
1084 775 1247 856 deputate,
1272 795 1288 836 a
1314 775 1406 836 vinea

141 881 216 943 dicti
243 881 337 965 Pauli
360 893 553 962 separarent,
572 879 743 961 desupera
766 881 816 941 via
835 900 950 960 magna
971 894 1002 941 et
1020 881 1184 941 communi
1211 880 1407 962 incipiendo,

140 986 222 1048 infra
249 1006 350 1068 usque
375 986 527 1064 rivulum,
552 1006 615 1047 una
640 1005 712 1047 cum
738 986 878 1066 virgulto
910 987 1014 1047 eidem
1039 986 1215 1066 subjacenti
1241 1007 1274 1047 se
1298 1001 1406 1048 exten·

139 1094 284 1171 dentem,
309 1093 409 1154 Paulo
434 1107 464 1154 et
490 1142 496 1156 .
516 1142 522 1154 .
542 1140 549 1154 .
574 1092 719 1174 predicto
736 1107 767 1153 et
783 1092 849 1152 suis
865 1091 1038 1154 heredibus
1056 1111 1113 1174 pro
1130 1093 1317 1173 quindecim
1336 1092 1405 1155 flor.

138 1201 207 1261 auri
234 1199 380 1260 vendidit
404 1212 560 1281 perpetuo
588 1197 828 1279 possidendam.

248 1306 325 1366 item
341 1304 458 1365 Paulus
470 1303 555 1365 filius
567 1303 719 1385 Stephani
735 1303 873 1382 Furdak,
887 1304 1060 1385 quemdam
1075 1303 1211 1365 fundum
1226 1319 1256 1366 et
1270 1304 1403 1366 domum

139 1432 231 1473 suam
259 1412 290 1472 in
316 1411 398 1471 dicte
423 1410 559 1471 civitatis
591 1410 661 1470 vico
698 1408 944 1490 lautifigulorum
975 1410 1056 1471 inter
1095 1408 1212 1472 fundos
1236 1424 1265 1472 et
1291 1412 1406 1472 domos

139 1519 317 1580 liberorum
342 1517 480 1578 condam
506 1516 636 1577 Andree
661 1516 737 1576 dicti
764 1516 910 1577 Kusaren
937 1530 967 1576 et
991 1517 1138 1599 Dyonisii
1165 1515 1256 1595 fabri,
1282 1531 1405 1578 nostro-

139 1645 211 1687 rum
245 1624 440 1701 concivium,
472 1623 616 1685 habitum
650 1638 681 1684 et
712 1623 920 1700 existentem,
954 1643 1049 1684 unam
1082 1623 1231 1684 videlicet
1259 1637 1403 1705 quartam

138 1745 261 1814 partem
288 1731 375 1792 curie
393 1728 567 1810 integralis,
592 1749 663 1790 cum
683 1730 747 1789 suis
774 1729 979 1810 pertinenciis
996 1728 1155 1810 Gregorio
1181 1728 1247 1790 filio
1265 1728 1405 1808 Thome,

139 1838 204 1919 jam
232 1851 341 1897 nostro
367 1836 503 1913 concivi,
528 1855 586 1916 pro
610 1835 765 1896 tredecim
797 1855 869 1896 cum
896 1835 1001 1895 media
1027 1836 1141 1896 marcis
1166 1835 1310 1896 vendidit
1335 1855 1404 1916 per·

136 1958 237 2026 petuo
260 1942 501 2025 possidendum.

248 2050 324 2110 item
351 2048 514 2110 iohannes
537 2062 638 2109 sartor
661 2047 747 2110 filius
777 2048 902 2109 Nicolai
932 2047 1142 2128 Dragsethich
1174 2046 1261 2125 dicti,
1285 2047 1404 2109 medie·

138 2173 237 2219 tatem
264 2156 430 2216 cuiusdam
455 2155 582 2231 domus,
615 2153 718 2230 fundi,
750 2154 857 2215 celarii
887 2155 1084 2216 subterranei
1118 2174 1153 2215 ac
1180 2152 1404 2215 hedificiorum

138 2263 247 2325 eidem
272 2264 330 2322 sub
355 2277 385 2322 et
409 2261 693 2342 superjacentibus,
719 2261 750 2323 in
785 2261 855 2321 vico
881 2261 979 2342 ipsius
1010 2260 1146 2322 civitatis
1170 2260 1318 2321 exteriori
1343 2279 1399 2321 seu

136 2369 245 2451 platea
277 2367 523 2446 theuthonicali,
549 2368 629 2428 inter
661 2365 778 2429 iuodos
810 2380 841 2429 et
873 2366 988 2427 domos
1019 2367 1161 2426 virorum
1194 2365 1403 2446 providorum

136 2476 303 2537 Valentini
328 2475 501 2554 arcuparis,
526 2475 566 2534 ab
592 2493 666 2551 una,
688 2487 719 2534 et
743 2487 831 2554 parte
856 2475 895 2534 ab
921 2472 1019 2533 altera
1045 2471 1223 2534 Clementis
1247 2469 1404 2552 peilihcis,

137 2596 322 2643 nostrorum
346 2581 496 2641 videlicet
529 2580 712 2640 concivium
751 2579 869 2657 habite,
903 2579 1041 2640 mediam
1075 2578 1196 2639 curiam
1222 2578 1254 2638 in
1278 2591 1346 2638 toto
1372 2577 1403 2637 in

136 2708 170 2748 se
196 2687 402 2765 continentis,
419 2687 624 2747 medietatem
643 2686 793 2747 videlicet
809 2700 928 2747 rectam
946 2674 978 2747 et
1000 2685 1149 2765 equalem
1181 2704 1198 2745 a
1223 2697 1311 2765 parte
1328 2682 1403 2743 dicti

139 2792 319 2855 Clementis
337 2791 483 2873 pellificis
499 2793 604 2869 sitam,
623 2812 718 2852 unam
744 2791 893 2853 videlicet
911 2804 1057 2872 quartam
1076 2791 1107 2850 in
1125 2810 1158 2851 se
1175 2790 1403 2865 continentem,

139 2900 240 2961 Paulo
266 2898 333 2960 filio
359 2898 512 2978 Stephani
538 2898 666 2959 Furdak
692 2918 749 2980 pro
775 2898 886 2979 viginti
916 2898 1044 2958 duobus
1067 2897 1136 2960 flor.
1162 2897 1229 2957 auri
1258 2895 1403 2957 vendidit

141 3020 298 3089 perpetuo
322 3005 562 3087 possidendam,
587 3005 810 3085 cuiusquidem
844 3004 971 3081 domus,
999 3003 1089 3064 fundi
1115 3017 1145 3064 et
1169 3004 1275 3064 celarii
1301 3002 1396 3063 aliam

138 3112 344 3174 medietatem
361 3132 379 3172 a
404 3126 491 3192 parte
508 3111 583 3171 dicti
601 3111 761 3172 Valentini
783 3112 943 3193 arcuparis
960 3111 1113 3186 habitam,
1138 3129 1235 3171 unam
1252 3122 1397 3191 quartam

139 3219 170 3279 in
196 3239 230 3280 se
256 3218 437 3294 habentem,
462 3215 601 3299 prefatus
626 3217 788 3278 iohannes
813 3238 870 3298 pro
898 3237 931 3278 se
957 3232 1145 3278 reservasset
1162 3215 1401 3298 possidendam.

245 3323 322 3385 ltem
342 3324 468 3384 Laczko
485 3322 569 3383 filius
587 3323 764 3385 Clementis
782 3324 856 3384 dicti
876 3323 899 3384 F
903 3322 1055 3406 ynthych,
1079 3322 1284 3384 medietatem
1299 3322 1401 3382 cuius·

138 3431 211 3492 dam
238 3427 328 3490 fundi
353 3429 402 3489 sui
428 3429 459 3489 in
485 3429 556 3489 vico
589 3444 698 3490 nostro
723 3429 873 3492 exteriori
900 3428 1148 3509 Lutifignlorum
1181 3429 1262 3490 inter
1285 3426 1403 3489 fundos

138 3551 168 3598 et
193 3536 297 3596 curias
321 3535 496 3597 liberorum
523 3535 659 3596 condam
679 3536 831 3617 Stephani
850 3550 882 3596 et
902 3535 1079 3597 liberorum
1096 3535 1233 3596 condam
1258 3534 1401 3595 Franche

138 3642 253 3703 Thurk
278 3641 510 3722 cognominati,
536 3642 635 3702 habiti
661 3656 692 3702 et
709 3642 883 3718 existentis,
908 3641 1048 3702 mediam
1075 3642 1105 3701 in
1131 3655 1198 3702 toto
1223 3641 1344 3701 curiam
1369 3641 1401 3700 in

138 3768 170 3808 se
195 3747 401 3824 continentis,
427 3746 633 3808 medietatem
662 3747 811 3808 videlicet
844 3747 942 3828 ipsius
967 3745 1057 3807 fundi
1091 3744 1401 3829 superhedificatam,

138 3873 237 3915 unam
262 3853 413 3913 videlicet
444 3867 602 3933 quartam,
625 3852 743 3914 Mathei
777 3853 863 3915 dicto
888 3853 1065 3914 Zlicharich
1098 3873 1156 3935 pro
1190 3867 1263 3914 octo
1295 3853 1402 3934 pensis

137 3959 344 4020 denariorum
362 3959 508 4019 vendidit
528 3974 683 4040 perpetuo
702 3959 940 4040 possidendam,
965 3960 1056 4020 cuius
1072 3960 1167 4021 aliam
1193 3959 1400 4021 medietatem

136 4065 243 4127 solum
269 4084 415 4142 vacuam,
439 4084 536 4124 unam
561 4065 708 4127 similiter
726 4080 882 4146 quartam,
908 4066 994 4126 idem
1012 4066 1138 4126 Laczko
1164 4085 1222 4148 pro
1246 4085 1279 4125 se
1304 4085 1401 4126 reser-

137 4184 243 4232 vasset
267 4170 505 4252 possidendam.

137 4322 218 4393 item
247 4319 331 4391 feria
360 4319 504 4391 secunda
534 4323 688 4407 proxima
718 4331 796 4392 ante
823 4322 947 4393 sestam
973 4320 1225 4392 Purificncionis
1254 4323 1399 4409 gloriose

547 4464 677 4532 semper
703 4437 842 4532 virginis
872 4445 986 4516 Maria.

649 4581 709 4655 (31.
727 4581 892 4655 januarii).

246 4701 322 4762 Item
350 4700 526 4785 Elyzabeth
551 4701 642 4762 aliter
660 4700 764 4782 Capra
789 4702 1027 4781 cognominata,
1054 4702 1162 4763 relicta
1179 4701 1314 4763 condam
1333 4706 1399 4761 An·

136 4806 241 4869 thonii
267 4807 414 4888 Zytarich
443 4807 596 4888 primum,
622 4820 651 4867 et
668 4807 797 4868 tandem
816 4808 905 4889 Pauli
924 4808 1051 4888 Wgrin,
1077 4809 1240 4889 quandam
1266 4808 1400 4868 domum
