3142 5356
152 469 216 513 220
536 452 729 528 Anno1523.
754 486 798 496 -
821 453 871 515 16.
887 455 1038 529 sansoni.

148 681 207 744 pro
232 662 355 743 reliqua
388 676 476 744 parte
502 661 609 723 media
641 662 740 743 ipsius
771 662 920 723 bombaci
948 681 1021 723 cum
1054 663 1124 745 ipso
1148 662 1285 725 Nicolao
1311 661 1413 745 Wyd·

151 767 286 851 kowych
312 768 447 830 domino
472 767 568 830 Gallo
591 787 624 828 se
648 768 818 847 obligaret,
836 783 974 847 excusat,
997 769 1221 850 allegabatque
1239 769 1329 850 quod
1347 789 1413 851 pre·

149 875 252 935 dictus
277 874 460 936 ¹leronimus
491 894 562 936 cum
596 875 691 934 rebus
725 874 849 935 budam
884 894 993 936 versus
1026 875 1085 936 iter
1117 874 1205 956 prius
1228 872 1357 936 fecisset
1386 889 1416 937 et

149 981 302 1043 dominus
326 980 440 1042 Gallus
464 1000 522 1062 pro
551 981 617 1062 ipsa
650 981 853 1062 obligacione
887 981 1022 1042 retinere
1053 995 1130 1042 tunc
1154 981 1316 1062 potuisset
1340 1001 1416 1043 eun·

148 1086 233 1165 dem,
258 1105 296 1148 ex
320 1087 455 1147 adverso
480 1086 631 1147 dominus
655 1083 770 1147 Gallus
794 1085 920 1148 dicebat
944 1086 1033 1168 quod
1058 1086 1126 1168 ipse
1150 1087 1336 1148 Jeronimus
1354 1087 1417 1149 sol·

149 1193 244 1253 visset
268 1192 408 1254 mediam
433 1204 555 1274 partem
582 1191 681 1273 ipsius
706 1191 854 1253 bombaci
886 1212 945 1274 pro
975 1212 1038 1274 qua
1063 1212 1096 1254 se
1121 1192 1323 1274 obligaverat
1347 1213 1417 1276 per·

147 1295 304 1375 solvisset,
328 1297 485 1378 reliquam
511 1316 587 1358 vero
611 1310 734 1379 partem
759 1316 855 1378 super
885 1296 1044 1378 prefatum
1077 1297 1270 1360 Michaelem
1295 1297 1417 1380 Optas-

148 1403 230 1486 nych
256 1405 297 1464 ob
322 1403 574 1465 condescensum
599 1423 706 1465 rerum
724 1403 862 1465 condam
881 1405 1009 1466 Nicolai
1027 1404 1256 1489 Wydkowych
1280 1406 1321 1466 ab
1348 1407 1418 1488 ipso

151 1509 287 1570 Michael
313 1508 502 1591 Oprasnych
522 1511 696 1591 repetebat,
721 1509 813 1590 jurati
832 1510 937 1571 taliter
955 1510 1191 1592 adjudicarunt,
1214 1524 1249 1571 ut
1274 1509 1419 1589 prefatus

149 1613 286 1676 Michael
311 1613 501 1697 Oprasnych
534 1630 700 1697 expectato
732 1616 980 1697 quadragesimo
1013 1616 1065 1678 die
1097 1636 1163 1698 quo
1188 1617 1293 1678 dictus
1328 1618 1418 1679 lero·

150 1721 256 1781 nimus
280 1734 433 1781 venturus
456 1723 653 1802 sperabatur,
678 1723 766 1803 quod
791 1723 816 1783 si
834 1722 974 1784 eundem
1000 1722 1193 1784 Michaelcm
1220 1722 1416 1806 Optasnych

150 1828 189 1886 ab
215 1826 283 1906 ipso
301 1826 411 1887 debito
429 1826 587 1905 liberaret,
606 1830 686 1889 bene
711 1829 855 1909 quidem,
870 1830 1015 1910 alioquin
1041 1828 1256 1909 juramentum
1285 1829 1417 1892 debebit

148 1932 329 2009 deponere3
354 1934 464 2014 elapso
489 1934 628 1995 termino
652 1936 740 2015 quod
765 1935 832 2017 ipse
865 1935 963 1996 nichil
989 1955 1096 1996 rerum
1121 1936 1260 1997 condam
1286 1936 1416 1998 Nicolai

148 2035 374 2119 Wydkowych
407 2039 546 2119 privigni
579 2040 627 2100 sui
660 2041 794 2101 omnino
827 2040 982 2122 (recepit),
1005 2041 1030 2101 si
1063 2055 1170 2103 autem
1196 2040 1415 2121 juramentum

148 2162 212 2203 non
245 2142 440 2225 deposuerit,
474 2145 608 2205 domino
641 2144 737 2207 Gallo
768 2166 928 2207 summam
961 2146 1074 2227 viginti
1108 2145 1176 2209 flor.
1208 2147 1336 2210 solvere
1361 2149 1415 2210 de·

148 2249 254 2325 bebit3
279 2249 395 2310 eodem
421 2250 473 2311 die
489 2249 631 2332 prefatus
655 2251 793 2312 Michael
811 2251 999 2336 Optasnych
1025 2252 1065 2314 de
1089 2251 1210 2331 judicio
1234 2252 1414 2334 juratorum

147 2374 213 2415 non
238 2368 407 2417 contentus
431 2355 472 2417 ad
496 2355 652 2437 judicium
676 2358 841 2419 seniorum
866 2357 1009 2438 judicum
1038 2358 1224 2441 appellavit.
