3156 5364
547 480 633 536 Anno
656 491 748 554 1509.
772 510 816 520 —
838 488 887 553 ῃ.
911 477 1025 551 aprilis.
1360 476 1418 559 187

259 692 338 754 ltem
363 690 523 752 secundus
546 688 709 751 articulus.
736 687 834 762 Quod
860 688 1057 769 quicumque
1082 707 1119 750 ex
1144 688 1332 750 concivibus
1362 707 1418 750 seu

156 799 427 862 inhabitatoribus
450 797 594 859 eiusdem
620 796 756 858 civitatis
776 795 883 856 velex
906 793 1118 857 familiaribus
1136 795 1280 858 eiusdem
1307 796 1337 857 in
1357 795 1418 858 Ca·

155 906 257 989 pitulo
282 905 335 967 vel
359 905 441 967 intra
458 903 655 965 territorium
674 902 811 964 civitatis
832 901 958 984 aliquas
974 921 1024 964 res
1041 903 1180 982 venales,
1205 915 1281 985 puta
1298 921 1419 981 carnes,

155 1032 301 1092 avenam,
325 1011 444 1094 pullos,
468 1029 607 1087 anseres,
624 1028 685 1070 ova
706 1008 757 1069 vel
776 1008 962 1069 huiusmodi
979 1008 1102 1087 emerit,
1119 1009 1191 1071 talis
1207 1023 1420 1091 transgressor

155 1139 268 1202 penam
295 1118 542 1201 suprascriptam
567 1115 739 1199 persolvat,
762 1128 895 1197 excepto
913 1115 1078 1177 dumtaxat
1102 1114 1189 1196 feno,
1213 1116 1320 1198 lignis,
1336 1134 1419 1177 asse·

154 1226 241 1288 ribus
265 1239 296 1287 et
320 1224 503 1302 roboribus,
528 1242 676 1306 paneque
702 1235 734 1284 et
758 1221 845 1283 vino.

258 1349 336 1412 ltem
355 1348 445 1430 quod
470 1366 567 1408 nemo
584 1360 616 1408 et
632 1346 741 1407 nullus
764 1345 900 1407 omnino
917 1345 1086 1407 bominum
1112 1346 1142 1407 in
1169 1345 1268 1408 domo
1293 1346 1343 1407 vel
1359 1347 1419 1408 sub

154 1456 350 1518 stacionibus
381 1455 483 1537 pisces
515 1467 570 1515 aut
601 1452 788 1513 huiusmodi
820 1452 969 1513 utensilia
1001 1453 1060 1513 sub
1094 1472 1175 1535 pena
1207 1453 1419 1535 suprascripta

153 1563 294 1626 audeant
317 1582 373 1624 seu
398 1575 583 1643 presumant
616 1579 723 1623 emere
756 1559 817 1620 nisi
847 1560 877 1620 in
911 1573 1012 1620 teatro
1037 1578 1094 1620 seu
1125 1559 1198 1621 loco
1223 1559 1263 1620 ad
1287 1559 1319 1621 id
1344 1572 1419 1641 apto

154 1690 210 1732 seu
235 1669 422 1746 constituto,
447 1668 548 1729 eciam
562 1667 596 1727 in
620 1666 694 1727 vicu
714 1685 770 1727 seu
795 1665 949 1727 suburbio
967 1665 1111 1727 eiusdem
1136 1665 1283 1745 civitatis,
1308 1665 1417 1727 huius·

155 1776 245 1838 modi
269 1790 483 1856 transgressor
508 1786 652 1855 repertus
669 1770 775 1849 suerit,
800 1772 937 1834 eandem
955 1791 1070 1854 penam
1089 1773 1268 1854 persolvat;
1292 1773 1318 1834 si
1343 1791 1419 1834 vero

154 1883 316 1965 quispiam
341 1901 398 1963 per
421 1881 521 1942 alium
554 1878 739 1940 huiusmodi
761 1899 811 1940 res
843 1898 949 1940 emere
974 1877 1101 1957 laceret,
1134 1879 1269 1940 eandem
1302 1897 1419 1962 penam

154 1989 307 2070 subjacet.

261 2111 338 2174 ltem
364 2111 451 2193 quod
478 2111 586 2173 nullus
610 2110 745 2172 omnino
770 2110 939 2171 hominum
960 2123 1024 2171 tam
1050 2110 1169 2171 civium
1195 2128 1292 2191 quam
1317 2109 1418 2171 eciam

156 2217 443 2300 prebendariorum
469 2218 501 2279 in
528 2217 636 2279 medio
661 2217 759 2277 nostri
791 2216 1009 2278 habitancium
1040 2231 1261 2299 presummant
1284 2236 1340 2277 seu
1365 2235 1419 2277 au·

156 2325 252 2386 deant
276 2325 336 2385 sub
354 2344 436 2406 pena
460 2324 605 2405 quinque
622 2342 802 2384 marcarum
820 2322 1026 2384 denariorum
1044 2323 1118 2383 vina
1132 2322 1302 2384 hominum
1319 2336 1420 2384 extra-

156 2450 290 2493 neorum
315 2431 348 2491 in
380 2430 508 2492 cellaria
533 2449 589 2491 sua
624 2429 675 2490 vel
700 2429 733 2490 in
765 2428 881 2490 domos
912 2448 1023 2491 eorum
1056 2430 1199 2512 accipere
1231 2443 1262 2492 et
1286 2429 1419 2512 deponi-

157 2534 271 2615 lacere,
296 2535 434 2618 quodsi
459 2535 556 2616 judex
580 2536 656 2597 anni
682 2549 799 2597 eotunc
824 2536 962 2597 existens
991 2555 1062 2597 cum
1088 2536 1198 2618 juratis
1222 2537 1287 2599 suis
1310 2536 1419 2599 huius·

159 2643 245 2705 modi
262 2656 530 2725 transgressorem
548 2643 678 2704 resciret
694 2659 724 2703 et
747 2642 788 2703 ad
806 2642 1026 2724 recipiendum
1043 2643 1170 2726 tepidus
1187 2657 1278 2721 esset,
1303 2656 1420 2706 extunc

158 2749 242 2811 idem
265 2748 363 2832 judex
387 2768 461 2812 cum
485 2749 550 2810 suis
574 2749 684 2831 juratis
709 2748 895 2810 huiusmodi
919 2769 1036 2831 penam
1059 2749 1252 2831 subjaceant.

296 3004 393 3078 Feria
420 3014 517 3078 sexta
545 3014 621 3096 post
649 3007 773 3078 testum
796 3008 886 3078 beati
917 3008 1024 3079 Marci
1052 3005 1276 3095 ewangeliste.

684 3181 746 3255 (27·
770 3177 903 3253 aprilis).

261 3336 368 3400 Causa
393 3337 475 3400 inter
499 3338 653 3402 colonum
679 3339 833 3417 Bradach,
862 3339 944 3400 inter
969 3338 1104 3400 Paulum
1129 3352 1160 3401 et
1183 3338 1353 3401 Nicolaum
1378 3339 1420 3401 ai·

161 3445 278 3507 militer
302 3443 447 3506 Bradach
472 3444 511 3505 de
537 3445 695 3529 Pobresye
721 3446 848 3506 racione
873 3460 904 3507 et
921 3457 1066 3527 pretextu
1083 3445 1306 3526 percussionis,
1325 3460 1421 3529 prout

160 3551 246 3614 solus
270 3549 371 3612 fassus
394 3564 441 3612 est
464 3565 495 3612 et
519 3551 620 3612 eciam
645 3565 740 3614 testes
768 3551 808 3612 ad
839 3571 921 3633 quos
945 3554 1039 3613 ambe
1064 3565 1168 3633 partes
1192 3552 1420 3632 submiserunt,

158 3655 249 3738 jurati
275 3656 540 3738 adjudicaverunt
567 3677 666 3740 penes
701 3658 830 3719 illorum
863 3659 1004 3735 testium,
1029 3658 1121 3719 sicuti
1155 3658 1221 3739 ipse
1246 3658 1335 3720 dedit
1358 3659 1419 3721 sibi

157 3763 256 3826 Paulo
281 3763 367 3824 idem
399 3763 553 3825 Nicolaus
588 3784 688 3825 unum
724 3764 834 3843 ictum,
871 3764 944 3826 ideo
977 3779 1023 3826 est
1055 3765 1219 3826 convictus
1250 3766 1310 3827 sibi
1343 3766 1419 3828 dare

158 3869 268 3932 decem
294 3889 411 3952 pensas
435 3885 466 3932 et
489 3870 598 3952 juratis
622 3885 750 3933 centum
776 3871 933 3934 denarios.

260 3993 344 4056 lnter
368 3994 560 4057 Michaelem
586 3996 624 4057 de
642 3996 837 4058 Werhowcz
858 4010 889 4058 et
905 3996 1082 4078 Georgium
1108 3997 1249 4078 judicem
1275 3999 1418 4081 Capituli

155 4101 284 4163 racione
309 4114 340 4162 et
371 4115 517 4182 pretextu
548 4104 714 4165 cuiusdam
747 4101 886 4165 fornacis
918 4104 950 4164 in
983 4103 1082 4165 domo
1116 4104 1260 4166 eiusdem
1286 4104 1419 4187 Georgii

155 4206 298 4290 dampni,
323 4221 432 4269 contra
456 4209 595 4270 eundem
622 4209 813 4270 Michaelem
831 4210 1010 4292 proposuit,
1035 4211 1123 4291 quod
1151 4211 1254 4272 dictus
1280 4211 1418 4274 Michael

155 4312 332 4396 dampnose
358 4314 389 4375 in
415 4314 550 4375 domurn
574 4335 663 4376 suam
700 4317 857 4395 intrasset,
890 4317 978 4398 quod
1003 4317 1140 4378 eandem
1172 4314 1337 4380 fornacem
1364 4318 1419 4380 de·

153 4419 328 4500 struxisset,
351 4419 445 4501 jurati
470 4420 514 4482 sic
543 4421 818 4501 adjudicaverunt,
852 4423 940 4504 quod
965 4424 1068 4486 dictus
1094 4423 1231 4485 Michael
1256 4437 1311 4485 aut
1334 4422 1419 4486 filius

154 4526 298 4588 eiusdem
323 4527 466 4609 deponat
481 4525 697 4607 juramentum
723 4549 740 4589 a
765 4529 816 4590 die
834 4531 1037 4611 presencium
1059 4544 1175 4592 octavo
1200 4530 1251 4591 die
1277 4531 1308 4591 in
1327 4531 1419 4592 altari

152 4645 259 4694 sancte
284 4631 416 4708 Crucis;
448 4633 474 4693 si
506 4652 583 4695 vero
608 4633 694 4694 idem
729 4635 866 4697 Michael
899 4656 972 4697 cum
1001 4635 1068 4698 filio
1103 4656 1161 4698 suo
1187 4656 1252 4697 non
1278 4636 1420 4719 deponet

152 4737 381 4819 juramentum,
407 4752 522 4800 extunc
554 4739 649 4802 debet
681 4741 800 4823 deponi
833 4742 936 4804 dictus
969 4742 1130 4824 Georgius
1154 4742 1249 4823 judex
1275 4742 1418 4825 Capituli

152 4863 249 4927 super
281 4843 458 4927 dampnum
492 4864 586 4907 suum
619 4847 707 4928 quod
740 4847 843 4909 dictus
875 4848 1013 4910 Michael
1046 4850 1092 4910 sic
1124 4848 1260 4931 lecisset,
1303 4863 1418 4913 extunc

152 4951 259 5014 dictus
283 4951 422 5015 Michael
447 4953 665 5015 convincetur.
