3142 5356
148 472 210 566 246
702 483 851 543 Addenda.

149 592 468 601 ——.--—-—·-
476 591 556 597 -—..—
562 591 631 596 -.-—
874 588 1017 594 ——-

147 699 187 762 de
211 698 436 781 Hrazrhoycza
461 697 493 758 in
518 696 618 758 domo
643 714 700 756 sua
729 714 866 757 unacum
891 693 960 756 filio
993 692 1138 754 eiusdem
1163 692 1204 754 de
1229 694 1290 755 sub
1315 707 1427 756 castro

147 805 320 868 Laurencii
337 851 346 868 .
364 853 371 868 .
389 849 398 867 .

254 911 331 973 Item
368 910 470 973 fassus
504 910 593 992 quod
625 929 758 972 uxorem
791 927 881 970 suam
913 906 1077 990 propriam
1112 905 1354 988 Margaretham
1388 907 1428 968 in

147 1017 290 1100 quodam
315 1031 436 1079 monte.

253 1124 369 1185 Fessus
393 1123 496 1186 estin
520 1136 693 1200 tormento,
718 1121 832 1203 (quod)
856 1121 1018 1183 interemit
1042 1139 1143 1182 unum
1170 1118 1340 1180 hominem
1368 1138 1435 1180 ve·

148 1230 290 1292 aientem
322 1230 363 1292 de
387 1229 526 1292 Kotenia
557 1230 616 1290 sub
641 1228 783 1309 quodam
813 1225 889 1290 feno
921 1246 1022 1310 prope
1055 1225 1279 1309 Hrachyczam
1308 1244 1426 1307 aquo

148 1336 267 1419 recepit
292 1335 373 1397 duos
396 1354 533 1417 grossos.

255 1441 331 1503 Item
357 1439 517 1503 interfecit
541 1458 642 1502 unum
667 1438 832 1501 hominem
851 1439 890 1501 dc
912 1433 1224 1517 Zrinio'Valiczam,
1247 1451 1280 1500 et
1303 1437 1433 1500 habuit

148 1548 272 1609 socium
298 1547 462 1609 Thomam
481 1546 688 1629 jobagionem
709 1545 868 1628 Franych,
893 1559 924 1608 et
941 1545 1029 1627 quod
1048 1546 1214 1607 invenerat
1239 1545 1322 1607 circa
1342 1566 1431 1608 eun-

149 1654 223 1715 dem
248 1654 308 1716 nisi
332 1654 389 1715 XII
414 1654 537 1715 solidos
561 1667 592 1715 et
616 1652 696 1714 duas
720 1667 849 1733 quartas
872 1652 957 1732 salis,
983 1652 1070 1734 quod
1099 1654 1145 1714 sal
1169 1652 1317 1715 vendidit
1342 1673 1426 1735 que·

148 1761 221 1822 dam
246 1760 363 1823 mulier
387 1764 496 1842 Agnes
519 1761 578 1822 sub
604 1759 725 1822 Zrinio.

253 1867 331 1930 ltem
356 1865 514 1930 interfecit
538 1867 570 1928 in
596 1865 656 1928 Pul
681 1866 763 1927 duos
787 1878 818 1928 et
835 1866 956 1948 recepit
981 1865 1051 1929 XVl
1077 1865 1147 1929 flor.
1172 1880 1203 1928 et
1227 1865 1344 1928 habuit
1367 1886 1416 1928 so·

149 1973 247 2054 cium,
271 1974 327 2055 qui
352 1973 451 2035 horno
476 1972 536 2034 fuit
559 1971 598 2034 de
622 1973 742 2034 tenutis
765 1973 851 2035 Zrin.

255 2079 333 2141 ltem
348 2079 467 2161 recepit
475 2079 515 2140 ab
525 2099 560 2140 ca
571 2079 705 2141 muliere
716 2080 748 2139 in
763 2093 873 2141 monte
887 2099 988 2141 unum
1002 2077 1072 2143 flor.
1087 2098 1160 2141 cum
1174 2080 1238 2160 q'ua
1252 2078 1412 2141 dormivit.

255 2185 333 2248 ltem
359 2184 460 2247 fassus
484 2199 539 2264 cst,
564 2185 652 2266 quod
677 2184 808 2247 dederat
836 2187 942 2248 eidem
967 2186 1134 2248 Anthonio
1157 2185 1230 2248 XVl
1252 2185 1324 2248 flor.

255 2309 334 2372 ltem
366 2310 459 2391 jurati
492 2309 717 2391 adjudicarunt
749 2310 780 2371 in
814 2308 899 2372 facto
933 2310 1023 2372 istius
1058 2310 1156 2371 Blasii
1188 2309 1354 2372 homicide
1387 2323 1415 2370 et

149 2414 366 2479 malefactoris
382 2416 466 2498 juxta
485 2436 575 2478 suam
594 2417 755 2499 propriam
773 2414 946 2478 fassionem
972 2430 1002 2478 et
1026 2416 1241 2478 voluntariam
1261 2436 1298 2478 ac
1315 2416 1416 2479 eciam

149 2523 182 2585 in
206 2536 380 2601 tormento,
398 2523 485 2604 quod
504 2524 571 2604 ipse
598 2523 722 2584 Blasius
739 2538 870 2605 propter
887 2523 1073 2585 huiusmodi
1097 2542 1154 2584 sua
1175 2523 1304 2584 malicia
1322 2522 1418 2585 debet

150 2630 241 2711 ligari
266 2629 306 2690 ad
332 2628 466 2690 caudam
492 2629 567 2710 equi
595 2642 625 2691 et
648 2629 723 2690 duci
742 2629 780 2691 de
803 2629 929 2690 civitate
946 2629 1005 2690 sub
1024 2627 1209 2711 patibulum¹
1234 2627 1418 2689 communi·

150 2736 223 2797 tatis
248 2736 333 2798 dicte
358 2736 494 2796 civitatis
518 2750 548 2796 et
581 2736 703 2797 ibidem
736 2736 767 2796 in
801 2754 935 2817 corpore
960 2753 1019 2795 suo
1044 2733 1152 2795 fractis
1181 2752 1238 2815 per
1262 2746 1419 2795 tortorem

150 2843 297 2904 cruribus
320 2843 385 2903 suis
408 2842 449 2903 ad
481 2855 584 2904 rotam
620 2843 708 2925 poni,
737 2843 781 2904 sic
813 2855 934 2903 rotatus
958 2842 1017 2902 sub
1051 2840 1166 2902 eodem
1192 2840 1359 2921 patibulo;
1391 2854 1422 2902 ct

150 2950 225 3032 quia
250 2969 352 3030 equus
368 2949 478 3010 haberi
496 2969 560 3011 non
587 2950 701 3032 potuit,
720 2950 793 3011 ideo
819 2950 886 3031 ipse
906 2949 1029 3010 Blasius
1047 2943 1234 3009 malefactor
1257 2946 1421 3008 admissus

150 3070 196 3117 est
220 3056 265 3117 ire
289 3056 329 3117 ad
353 3069 550 3118 tormentum
576 3070 606 3118 et
630 3057 825 3138 supplicium
858 3075 964 3133 suurn,
1005 3068 1035 3116 et
1059 3053 1120 3116 hoc
1145 3054 1176 3115 in
1287 3067 1422 3136 propter

149 3163 345 3246 peticionem
371 3163 500 3223 Martini
525 3162 640 3243 judicis
664 3177 694 3224 et
719 3163 838 3223 civium
856 3163 895 3223 de
916 3160 1182 3243 Hrazthowycza.
1208 3161 1338 3237 (Confer
1362 3158 1420 3222 vol.

159 3271 230 3330 Vll.
247 3280 321 3346 fas·
340 3275 540 3349 349-350).

764 3410 797 3477 7.

256 3570 361 3634 Causa
386 3572 468 3633 inter
486 3571 664 3653 Georgium
684 3572 923 3654 Wythlcowych
943 3585 976 3633 ut
992 3585 1135 3634 actorem
1152 3584 1182 3632 et
1206 3570 1423 3634 Valentinum

150 3675 347 3759 freniparum
373 3692 406 3739 ut
432 3679 463 3739 in
489 3698 616 3739 causam
641 3692 808 3740 attractum
835 3699 890 3760 per
920 3680 1025 3760 ipsum
1052 3677 1230 3759 Georgium
1255 3678 1423 3761 Wythko·

151 3784 241 3871 wych
268 3799 302 3846 ut
327 3799 478 3864 actorem,
495 3785 696 3867 propositum
716 3786 817 3847 extitit
841 3785 897 3846 tali
915 3785 1033 3846 modo:
1058 3785 1147 3866 quod
1171 3783 1325 3847 videlicet
1342 3785 1422 3848 dum

151 3892 370 3974 superioribus
395 3892 508 3953 diebus
524 3906 669 3973 tempore
695 3892 853 3972 judicatus
885 3893 984 3974 ipsius
1009 3891 1141 3972 Georgii
1160 3889 1363 3974 Wythlroich
1384 3913 1423 3956 ex

152 3997 305 4059 mandato
342 3997 486 4059 eiusdem
523 3999 689 4060 convocati
727 3997 861 4060 fuissent
896 3998 972 4059 certi
1005 4019 1043 4058 ex
1078 3997 1201 4059 civibus
1237 4000 1423 4062 senioribus

153 4119 283 4187 propter
307 4119 428 4166 certum
446 4105 617 4185 negocium
644 4105 779 4166 civitatis
796 4119 975 4182 tractantes,
1001 4106 1142 4188 ipsisque
1166 4104 1421 4169 consedentibus

153 4211 247 4273 etde
272 4211 342 4292 ipso
368 4212 504 4292 negocio
530 4211 665 4273 civitatis
689 4232 747 4294 pro
772 4227 847 4273 tunc
880 4226 1067 4275 occurrente
1091 4212 1312 4292 tractantibus,
1339 4215 1423 4277 inter

153 4331 255 4379 cetera
281 4316 421 4399 prefatus
438 4318 628 4380 Valentinus
651 4319 760 4379 animo
778 4319 952 4400 injuriandi
970 4320 1029 4400 ipsi
1049 4318 1192 4400 Georgio
1217 4334 1316 4401 prout
1333 4321 1422 4384 idem

154 4426 323 4502 asserebat,
348 4424 453 4486 eidem
471 4425 601 4485 dixisset
618 4424 804 4486 huiusmodi
821 4428 936 4487 verba:
961 4426 990 4487 Ο
1016 4426 1075 4490 ho!
1094 4427 1149 4488 ubi
1166 4427 1231 4509 jam
1247 4425 1422 4492 fuissemus

153 4545 207 4592 aut
232 4531 286 4591 ubi
312 4551 370 4592 nos
401 4531 487 4613 ipsos
521 4531 722 4593 inveniemus
754 4553 839 4594 nunc
873 4553 929 4615 per
960 4534 1234 4614 gubernacionem
1259 4534 1421 4616 judicatus

154 4638 269 4716 Vestri,
294 4636 375 4700 forte
399 4637 461 4719 jam
488 4638 589 4699 eciam
612 4639 689 4699 tibie
713 4639 832 4720 pedum
861 4654 1044 4701 nostrorum
1077 4640 1233 4702 terebello
1258 4626 1420 4724 perforate

154 4758 268 4807 essent.
293 4744 344 4807 Ad
369 4743 427 4807 hec
450 4746 612 4827 predictus
636 4745 826 4806 Valentinus
854 4748 1030 4829 respondit,
1055 4766 1119 4808 non
1145 4747 1296 4828 negando
1320 4750 1419 4812 verba

152 4851 306 4933 premissa
331 4871 387 4934 per
411 4871 485 4913 eum
510 4853 552 4914 ita
576 4851 711 4913 fuissent
735 4852 830 4930 dieta,
855 4873 921 4914 non
953 4868 1061 4916 tamen
1086 4852 1252 4935 injuriose,
1275 4854 1333 4917 sed
1360 4874 1419 4938 pro

154 4959 289 5023 utilitate
322 4959 562 5022 communitatis
586 4959 625 5022 ad
657 4958 743 5022 hunc
773 4978 920 5025 sensum:
952 4961 1062 5023 sinos
1092 4979 1206 5022 omnes
1229 4960 1273 5023 ita
1296 4961 1417 5024 dormi·
