3142 5356
228 699 307 763 lnter
331 700 505 763 Nicolaum
531 713 561 762 et
586 700 760 762 Martinum
780 699 907 783 Radlyn
933 721 968 762 ac
993 700 1173 762 lohannem
1198 700 1319 784 thyalar
1336 722 1382 763 ra·

138 795 216 864 tione
237 806 399 869 cuiusdam
425 806 518 867 vinee
542 806 637 888 jurati
661 805 898 886 adjudicarunt,
923 807 1011 889 quod
1038 807 1105 890 ipse
1130 809 1283 870 Nicolaus
1306 806 1383 871 feria

136 909 218 972 tercia
239 914 385 996 proxima
417 912 522 995 jurare
554 912 696 991 habebit,
728 913 818 994 quod
849 913 910 974 sibi
942 913 1026 975 dicte
1058 914 1152 976 vinee
1177 916 1383 977 medietatem

129 1017 298 1095 Propinavit
322 1035 354 1082 et
376 1039 436 1102 pro
461 1032 583 1100 quanto
604 1019 713 1100 precio
738 1018 797 1080 suit
814 1020 992 1082 convencio
1009 1018 1109 1098 lacta;
1134 1020 1282 1103 deposito
1299 1021 1382 1103 jura-

127 1130 230 1189 mento
253 1128 365 1189 vinum
390 1141 446 1188 aut
468 1141 604 1188 arestare
629 1141 683 1188 aut
708 1126 869 1189 dimittere
893 1128 1036 1190 assumit.

721 1303 776 1371 14.

222 1433 299 1496 ltem
324 1450 454 1494 causam
479 1431 561 1492 inter
586 1429 775 1492 Gurkonem
796 1428 989 1513 freniparem
1015 1444 1046 1493 et
1070 1431 1278 1493 Valentinum
1304 1432 1383 1493 alias

111 1533 273 1602 seniorem
298 1538 439 1622 judicem
463 1538 592 1600 racione
617 1551 647 1599 et
672 1552 818 1619 pretextu
851 1537 967 1598 domus
995 1552 1026 1599 et
1050 1538 1198 1600 clenodia
1223 1539 1381 1618 eiusdem,

110 1625 212 1708 lutati
236 1645 472 1729 adjudicarunt,
497 1644 585 1726 quod
614 1643 806 1704 Valentinus
839 1643 979 1726 frenipar
1008 1645 1291 1726 supranominatus
1315 1665 1380 1706 rne-

109 1733 202 1812 diam
216 1754 350 1815 domum
367 1771 459 1813 suam
473 1751 579 1813 eidem
598 1748 745 1812 Gurkoni
762 1747 925 1832 freniparo
947 1751 1108 1812 remittere
1126 1750 1252 1830 debeat,
1270 1766 1300 1813 et
1317 1771 1382 1834 quo

10 1838 12 1843 ,
107 1859 168 1911 ‘ue
196 1861 301 1943 placet
323 1858 481 1922 voluntati
500 1856 604 1919 facere
621 1857 661 1918 sit
684 1856 784 1933 liber;
809 1857 848 1918 de
866 1857 1022 1919 clenodiis
1039 1871 1147 1919 autern
1165 1857 1281 1920 domus
1298 1858 1382 1940 quit·

110 1958 200 2029 quid
213 1981 358 2049 tempore
371 1965 482 2027 matris
494 1962 637 2026 eiusdem
655 1961 786 2044 Georgii
801 1960 940 2041 luerunt,
954 1982 1055 2044 usque
1069 1963 1383 2044 quintumdecimum

103 2051 203 2132 diem
227 2071 265 2133 de
289 2072 443 2133 omnibus
467 2069 608 2130 mediam
632 2082 754 2151 partem
781 2069 886 2130 eidem
913 2067 1056 2150 Georgio
1081 2069 1168 2131 idem
1193 2069 1383 2132 Valentinus

101 2169 277 2256 ³⁸⁸ignare
302 2192 333 2239 et
357 2176 432 2238 dare
465 2175 581 2238 debeat
611 2175 788 2236 secundum
822 2175 1057 2236 conscienciam
1091 2190 1122 2236 et
1153 2174 1250 2237 fidem
1274 2196 1382 2253 suam;

98 2262 147 2330 de
178 2284 326 2363 pecuniis
350 2298 459 2347 autem
483 2297 513 2344 et
538 2282 747 2362 manutergiis
770 2282 855 2343 idem
872 2282 1064 2344 Valentinus
1088 2280 1210 2364 prefato
1236 2281 1384 2346 Gurkoni

95 2373 219 2452 nichil
240 2404 386 2453 teneatur
411 2390 487 2451 dare
512 2410 549 2451 ex
574 2408 640 2470 quo
666 2389 752 2451 idem
772 2388 884 2451 Gurko
909 2388 1050 2471 irenipar
1066 2389 1178 2452 habuit
1202 2411 1258 2473 per
1282 2411 1314 2453 se
1339 2392 1383 2452 le-

87 2489 284 2559 Bacionem
310 2517 327 2559 a
353 2510 465 2559 matre.

223 2602 297 2666 ltem
325 2622 454 2665 causam
480 2603 562 2664 inter
588 2600 777 2664 Gurkonem
795 2599 990 2685 freniparem
1015 2616 1046 2663 et
1069 2601 1278 2664 Valentinum
1306 2601 1384 2663 alias

75 2693 256 2770 ludicen
280 2710 443 2772 seniorem
467 2709 597 2770 racione
622 2723 653 2771 et
676 2722 822 2790 pretextu
840 2708 1063 2790 promissionis
1087 2707 1279 2790 cuius(dam)
1303 2707 1382 2772 vini.

225 2815 370 2878 Secunda
396 2835 489 2877 causa
515 2816 597 2878 inter
622 2815 785 2878 Andream
812 2815 878 2877 Lah
913 2830 944 2877 et
968 2814 1184 2897 Bolfgangum
1210 2814 1382 2897 pellificem

65 2899 246 2983 racione
269 2921 463 3006 cuius(dam)
488 2921 599 2985 debiti.

224 3028 338 3090 Tereia
364 3048 458 3090 causa
484 3029 565 3090 inter
599 3028 729 3091 Gallum
764 3029 930 3112 Kodelycz
955 3044 986 3092 et
1018 3030 1192 3091 Martinum
1226 3043 1380 3090 sartorem

61 3089 273 3217 (racione)
296 3135 464 3197 cuiusdam
489 3149 574 3197 mete
599 3135 717 3217 (h)orti.

717 3328 772 3397 15.

223 3470 300 3534 ltem
326 3471 406 3535 feria
436 3474 533 3536 tercia
564 3487 637 3536 ante
669 3472 785 3535 festum
818 3472 1001 3535 Natiuitatis
1034 3474 1145 3535 Maria.
1180 3474 1382 3555 Margaretba

39 3557 201 3688 vJ‘Qr
224 3578 356 3662 Georgii
381 3578 462 3642 lassa
487 3595 533 3643 eat
556 3600 596 3643 eo
627 3581 738 3659 mod0,
771 3580 857 3662 quod
892 3580 959 3662 ipsa
984 3581 1186 3662 Margaretha
1219 3580 1293 3642 lecit
1318 3602 1383 3643 uno

38 3665 190 3816 ἓίξο
220 3706 291 3748 cum
325 3706 422 3749 uxore
446 3706 503 3749 sua
535 3685 609 3749 fecit
632 3687 746 3769 (quod)
771 3706 853 3747 unus
879 3686 919 3748 de
943 3686 1007 3747 alio
1036 3701 1066 3749 et
1101 3685 1192 3767 fugit,
1227 3707 1309 3749 unus
1343 3687 1383 3749 ad

43 3855 78 3901 1-
118 3785 216 3854 ¹11m
240 3793 398 3877 inspicere
422 3813 488 3856 non
512 3808 628 3877 potest,
660 3794 754 3877 jurati
779 3793 1014 3874 adjudicarunt,
1048 3793 1136 3874 quod
1160 3794 1228 3876 ipsa
1259 3795 1382 3876 Marga-

82 3878 207 3961 εἶδε
231 3900 328 3963 debet
351 3900 509 3965 comburi.

40 4062 93 4117 t,
223 4006 297 4068 ltem
324 4005 403 4069 seria
428 4007 525 4069 tercia
549 4022 621 4069 ante
647 4008 829 4068 Nativitatis
848 4007 959 4086 Mane,
989 4007 1077 4089 quod
1102 4008 1169 4089 ipsa
1195 4027 1275 4068 uxor
1300 4009 1382 4070 Mar-

76 4086 176 4172 ιῐὶἰ
199 4112 316 4173 sutoris
347 4112 478 4174 inventa
510 4113 612 4175 estin
646 4110 799 4174 furticilio
832 4127 862 4174 et
894 4114 925 4173 in
952 4113 1062 4174 multis
1094 4112 1264 4191 furticiliis,
1289 4114 1381 4195 jurati

43 4178 151 4268 ,ἦ
160 4217 352 4299 judicarunt,
377 4219 467 4300 quod
491 4219 558 4302 ipsa
584 4239 664 4281 uxor
688 4221 817 4282 Martini
844 4220 940 4281 debet
964 4219 1127 4302 suspendi.

93 4396 108 4410 ἱ
222 4327 273 4401 (ln
295 4330 448 4402 margine:
471 4325 560 4408 quod
585 4326 767 4387 Demetrius
792 4327 887 4387 debet
904 4326 1008 4406 jurare
1032 4345 1127 4407 super
1151 4325 1222 4387 illas
1245 4346 1293 4388 res
1318 4326 1382 4389 fur·

53 4392 209 4512 t¹oras,
234 4451 314 4514 quaa
338 4432 406 4515 ipsa
431 4451 511 4494 uxor
536 4432 664 4494 Martini
691 4431 816 4509 iuravit,
842 4452 937 4514 super
961 4433 1032 4493 illas
1055 4432 1126 4514 res).

221 4539 300 4601 ltem
333 4537 413 4601 seria
437 4539 534 4601 tercia
566 4554 638 4600 ante
671 4538 786 4600 festum
819 4539 1001 4600 Natiuitatis
1034 4539 1144 4600 Marie.
1178 4539 1292 4599 Vrsula
1317 4537 1383 4601 filia

63 4594 205 4709 Luce
228 4646 347 4709 autoris
378 4645 460 4708 lassa
484 4660 532 4708 est
562 4646 621 4707 isto
655 4645 765 4724 modo,
797 4647 884 4727 quod
914 4647 982 4729 ipsa
1015 4645 1090 4707 fecit
1113 4644 1201 4707 fratri
1225 4666 1284 4707 suo
1309 4666 1382 4707 cum

65 4722 216 4829 §¹10st
242 4752 335 4836 (sua),
359 4753 449 4835 quod
473 4753 541 4836 ipse
565 4772 639 4814 cum
675 4773 771 4814 uxore
804 4774 860 4815 sua
886 4774 949 4815 non
983 4768 1087 4836 potest
1112 4773 1194 4814 unus
1218 4754 1258 4815 ad
1282 4754 1382 4815 alium

66 4834 274 5013 &spicere
291 4879 352 4922 nee
371 4879 444 4922 cum
463 4859 530 4943 ipsa
548 4879 688 4938 manere,
706 4859 800 4939 jurati
818 4859 1053 4942 adjudicarunt,
1078 4861 1167 4941 quod
1184 4861 1250 4942 ipsa
1268 4861 1382 4922 Vrsula

130 4967 212 5029 obet
236 4964 396 5030 cumbuti.
