3142 5356
152 545 210 589 112
552 528 638 586 Anno
661 529 755 605 1496.
781 560 821 571 -
846 541 895 588 21.
912 528 1007 602 junii.

148 739 326 821 dampnum
351 753 399 802 est
421 739 508 801 idern
533 739 690 801 Martinus
714 740 829 801 debeat
845 739 990 816 solvere;
1021 738 1126 819 jurare
1150 753 1257 803 tamen
1284 740 1419 803 debebit

148 846 234 907 idem
260 846 423 908 Fabianus
446 847 486 908 de
511 846 654 928 dampno
686 845 787 924 illato,
813 846 844 907 in
878 867 931 908 ara
960 861 1068 909 sancte
1093 846 1207 909 Crucis
1238 848 1278 910 ad
1304 848 1417 911 feriam

147 967 268 1014 sextam
292 967 472 1032 venturam,
498 967 655 1034 quantum
692 952 870 1035 dampnum
897 954 1056 1035 percepit3
1081 953 1167 1014 idem
1194 955 1355 1017 Martinus
1379 955 1419 1016 de

148 1058 269 1137 judicio
295 1058 472 1139 juratorum
497 1080 562 1121 non
588 1073 759 1121 contentus
788 1059 964 1142 appellavit
988 1060 1028 1121 ad
1052 1061 1204 1123 seniores.

255 1165 361 1228 Causa
386 1167 468 1228 inter
492 1166 656 1228 Andream
681 1167 811 1227 Mosnar
836 1181 866 1227 et
884 1165 1076 1247 Gregorium
1104 1167 1352 1229 Bekawchichin
1370 1187 1420 1229 ra-

148 1272 240 1334 cione
265 1273 426 1354 vituperii,
452 1288 547 1355 prout
571 1273 657 1334 idern
682 1273 827 1334 Andreas
856 1293 912 1354 per
932 1274 1155 1335 testimonium
1180 1275 1420 1355 comprobavit,

148 1379 235 1460 quod
262 1379 348 1440 idern
374 1378 551 1460 Gregorius
583 1380 722 1441 eundern
755 1381 958 1461 vituperavit,
983 1381 1056 1442 ideo
1087 1381 1179 1461 jurati
1211 1380 1420 1458 adjudicave-

151 1500 235 1565 runt,
261 1487 349 1568 quod
376 1487 442 1569 ipse
465 1487 642 1568 Gregorius
674 1501 784 1548 contra
817 1488 955 1548 cundem
990 1488 1153 1550 Andream
1179 1489 1348 1550 convictus
1372 1504 1421 1550 est

151 1594 182 1654 in
208 1594 320 1655 decem
338 1593 445 1674 pensis
469 1592 686 1670 denariorum,
705 1592 816 1672 juratis
832 1595 954 1656 veroin
973 1608 1103 1656 centurn
1129 1594 1267 1655 denariis
1284 1594 1327 1675 (in
1343 1616 1421 1670 orig.

149 1700 287 1782 pensis);
312 1700 398 1761 idem
425 1699 601 1781 Gregorius
625 1719 690 1761 non
716 1714 885 1762 contentus
909 1701 1084 1783 appellavit
1108 1700 1148 1761 ad
1173 1701 1328 1762 seniores.

363 1936 457 2010 Feria
487 1950 584 2011 sexta
614 1950 689 2028 post
719 1940 843 2011 sestam
872 1938 1030 2027 Corporis
1060 1937 1194 2013 Christi.

694 2098 736 2170 (3.
753 2095 861 2169 junii).

257 2233 364 2296 Causa
395 2235 477 2295 inter
509 2233 680 2294 Nicolaum
713 2231 906 2314 freniparem
940 2246 971 2294 et
1004 2232 1141 2293 Katham
1175 2252 1307 2294 uxorem
1336 2232 1420 2294 Gur·

150 2340 254 2419 konis,
279 2341 393 2401 citacio
421 2339 571 2400 secunda.

256 2448 361 2509 Causa
386 2447 468 2507 inter
492 2447 648 2507 lacobum
682 2445 864 2530 Bekethych
896 2461 927 2507 et
952 2445 1088 2505 Paulum
1123 2444 1263 2526 judicem
1288 2445 1420 2506 racione

150 2553 318 2616 cuiusdam
343 2553 429 2634 equi,
455 2553 569 2615 citacio
593 2553 706 2634 prima.

256 2659 362 2723 Causa
387 2660 470 2722 inter
494 2660 648 2722 Mathiam
669 2660 845 2741 agricolam
863 2674 893 2721 et
916 2658 1125 2721 Valentinum
1151 2659 1302 2740 juratum,
1328 2659 1418 2741 quod

150 2767 290 2829 eundem
314 2768 478 2849 percussit,
501 2786 538 2827 ex
570 2786 635 2847 quo
669 2786 741 2828 cum
775 2767 917 2847 quodam
950 2767 1014 2827 alio
1047 2767 1150 2827 crines
1180 2766 1275 2828 traxit
1299 2781 1331 2827 et
1356 2767 1419 2828 cla·

150 2875 249 2935 mavit
272 2874 371 2954 vulgo
396 2893 567 2955 pomagay,
592 2873 659 2955 ipse
692 2873 813 2953 juratus
838 2893 875 2933 ex
907 2871 1016 2933 officio
1041 2874 1153 2934 debuit
1184 2873 1317 2934 eosdem
1343 2893 1419 2934 con·

150 2980 283 3042 cordare
309 2994 339 3040 et
363 2979 552 3062 providere;
578 2994 682 3061 partes
707 2980 801 3040 ambe
825 2994 899 3040 sunt
923 2993 1082 3042 contente.

257 3084 363 3148 Causa
387 3086 469 3147 inter
494 3085 682 3148 Gurlronem
708 3087 799 3147 lolrar
823 3099 854 3147 et
880 3085 970 3146 Hans
994 3099 1149 3147 sartorem
1175 3085 1305 3146 racione
1331 3105 1421 3147 seca·

151 3194 253 3254 cionis
271 3193 423 3254 silvarum
443 3194 542 3275 ipsius
560 3193 733 3270 Gurltonis,
751 3194 918 3273 quomodo
937 3193 1003 3274 ipse
1023 3193 1111 3253 Hans
1127 3207 1229 3253 sartor
1245 3193 1419 3253 abeodem

151 3299 326 3381 postulavit
361 3300 485 3380 aliquas
520 3314 640 3360 statuas
674 3299 715 3359 ad
748 3299 981 3380 disponendam
1013 3299 1191 3376 koucham,
1223 3299 1278 3379 qui
1311 3299 1420 3359 eidem

151 3406 274 3483 annuit,
300 3407 433 3487 ipseque
459 3405 548 3466 Hans
571 3405 683 3466 eadem
709 3406 796 3487 ligna
829 3406 930 3466 secuit
955 3406 1023 3466 sine
1048 3405 1213 3465 voluntate
1239 3406 1318 3483 eius,
1344 3405 1420 3466 ideo

150 3512 210 3573 sibi
235 3509 414 3573 satisfacere
439 3512 537 3574 debet
561 3512 601 3573 de
626 3513 787 3594 dampno;
819 3512 873 3572 ubi
898 3527 1005 3572 autem
1039 3511 1186 3573 similiter
1211 3512 1279 3572 sine
1303 3512 1421 3573 volun-

151 3634 213 3680 tate
239 3620 307 3680 eius
332 3619 397 3700 ipse
424 3618 513 3679 Hans
538 3617 612 3681 lecit
643 3619 742 3680 secari
774 3619 888 3679 silvam
913 3638 1003 3679 suam
1038 3632 1083 3679 est
1107 3618 1167 3679 sibi
1193 3618 1224 3678 in
1251 3619 1421 3699 potencia;

150 3724 362 3805 similiterque
395 3725 522 3805 aliquos
553 3745 691 3806 quercus
722 3726 807 3786 idern
842 3724 953 3786 Gurko
987 3725 1120 3784 asseruit
1151 3724 1319 3804 quomodo
1345 3723 1423 3787 fecit

151 3831 210 3890 sibi
235 3832 345 3908 secari,
371 3830 461 3891 Hans
484 3851 561 3892 vero
586 3831 715 3911 negavit
740 3831 827 3912 quod
857 3851 930 3892 cum
955 3831 1036 3892 scitu
1053 3849 1111 3890 suo
1136 3850 1200 3892 non
1219 3844 1293 3892 sunt
1310 3833 1421 3912 secati,

152 3936 244 4015 jurati
270 3936 545 4017 adjudicaverunt,
571 3937 659 4018 quod
685 3938 752 4019 ipse
771 3938 860 3998 Hans
885 3937 981 3998 debet
1004 3936 1108 4015 jurare
1133 3936 1221 4017 quod
1246 3956 1319 3997 curn
1338 3938 1422 3999 scitu

151 4062 209 4103 suo
236 4042 376 4104 famulus
400 4062 475 4103 suus
501 4063 564 4105 non
589 4045 701 4121 secuit,
726 4045 750 4104 si
775 4043 903 4125 jurabit,
928 4044 987 4105 erit
1012 4044 1103 4120 liber,
1128 4043 1152 4103 si
1178 4062 1255 4104 vero
1281 4062 1345 4104 non
1373 4044 1424 4126 ju·

152 4150 244 4228 rabit,
268 4151 328 4211 erit
351 4150 411 4211 sibi
436 4152 602 4212 convictus
626 4152 658 4212 in
683 4154 843 4233 potencia.

351 4385 448 4461 Faria
477 4387 584 4462 tercia
611 4397 689 4461 ante
718 4390 842 4461 festam
870 4388 1035 4481 Johannis
1064 4389 1231 4479 Baptista.

689 4543 753 4624 (21.
770 4545 880 4623 santi).

259 4686 403 4747 Racione
428 4686 595 4747 cuiusdam
620 4685 859 4749 malefaccionis
884 4686 1161 4748 interimencionis
1185 4686 1290 4747 mariti
1316 4687 1367 4748 sui
1394 4703 1428 4751 et

153 4792 234 4854 alios
258 4792 461 4854 Miculiczam
485 4807 515 4853 et
540 4812 637 4853 unarn
668 4793 834 4855 mulierem
869 4813 951 4874 quos
977 4793 1151 4871 interemit,
1175 4792 1268 4873 jurati
1294 4793 1428 4874 adjudi-

153 4914 315 4979 caverunt,
339 4899 426 4982 quod
453 4900 519 4980 ipsa
537 4919 618 4961 uxor
636 4902 752 4962 Banicz
777 4902 873 4963 debet
894 4902 966 4962 duci
993 4902 1033 4962 ad
1051 4902 1159 4963 locum
1186 4901 1430 4967 combustionis

154 5021 185 5069 et
210 5006 327 5069 debeat
356 5007 529 5070 comburri.
