3142 5356
526 1510 654 1614 (Anno
681 1511 838 1601 Domini
864 1511 1033 1615 MDXV.)

505 1847 570 1921 (28.
596 1853 716 1924 oengustc‘
735 1884 777 1893 -
802 1847 849 1908 16.
876 1851 1058 1913 novembris).

723 2043 842 2104 Sebeda.

257 2203 356 2264 Accio
382 2202 463 2263 inter
480 2201 705 2263 honorabilem
724 2202 893 2263 dominum
909 2201 1088 2283 Gasparum
1114 2201 1153 2261 de
1172 2201 1333 2282 Dombr0‚
1351 2223 1415 2286 pre-

150 2309 341 2370 bendarium
367 2308 454 2369 chori
472 2309 701 2389 zagrabiensis,
718 2323 869 2386 actorem,
896 2322 926 2370 et
943 2307 1114 2390 providum
1129 2307 1234 2369 virum
1252 2308 1414 2371 Thomam

149 2428 292 2476 sutorem
317 2415 419 2475 civem
445 2414 581 2476 civitatis
613 2415 903 2496 Montisgrecensis.

256 2521 343 2582 Reus
367 2521 480 2582 citatus
504 2521 660 2583 sabbatho
693 2537 765 2603 post
798 2520 914 2583 festum
942 2521 1163 2584 Bartholomei
1195 2523 1337 2603 apostoli
1362 2543 1416 2606 per

150 2639 291 2689 actorem
316 2627 494 2688 secundum
518 2646 642 2689 morem
671 2628 807 2689 civitatis
839 2627 880 2688 ad
904 2626 1159 2710 comparendum
1192 2626 1233 2688 ad
1257 2625 1415 2707 judicium

150 2731 229 2795 feria
253 2733 350 2795 tercia
374 2733 520 2816 proxima
544 2734 704 2815 sequenti.

703 2952 857 3026 Libellos.

255 3123 346 3184 Feria
371 3124 467 3185 tercia
486 3124 630 3204 proxima
648 3136 720 3183 ante
745 3121 860 3183 festum
879 3121 1104 3182 Decolacionis
1128 3122 1228 3182 sancti
1246 3121 1416 3200 lobannis,

150 3243 256 3312 partes
280 3230 311 3290 in
337 3229 456 3311 judicio
482 3230 691 3311 personaliter
719 3242 978 3309 comparuerunt,
1011 3242 1117 3288 actore
1142 3227 1273 3289 accione
1299 3231 1413 3291 verba·

148 3336 220 3397 liter
252 3350 464 3417 proponente,
498 3355 559 3416 que
591 3336 664 3396 talis
695 3348 778 3395 erat:
811 3334 929 3395 Coram
962 3334 1054 3395 vobis
1086 3334 1318 3415 circumspecto
1343 3335 1416 3397 viro

149 3443 297 3503 Emerico
319 3442 456 3518 literato,
477 3441 581 3521 judice
599 3462 634 3502 ac
653 3442 720 3502 cive
743 3441 878 3500 civitatis
900 3440 1190 3520 Montisgrecensis,
1207 3459 1268 3520 ego
1286 3438 1414 3522 Gaspar

148 3549 303 3631 presbiter
335 3548 564 3631 prebendarius
599 3548 687 3609 chori
720 3547 944 3627 zagrabieusis,
979 3561 1084 3624 actor,
1120 3565 1269 3628 propono
1301 3562 1414 3609 contra

148 3655 311 3717 Thomam
337 3669 477 3716 sutorem
495 3655 597 3716 civem
616 3654 752 3715 civitatis
769 3653 872 3730 huius,
887 3652 1055 3733 quomodo
1073 3653 1140 3734 ipse
1157 3652 1235 3713 mihi
1249 3653 1414 3734 obligatur

148 3776 276 3823 centum
309 3776 339 3823 et
363 3761 421 3821 XX
446 3759 515 3823 flor.
541 3760 693 3821 mutuatis
717 3759 777 3820 sibi
803 3759 842 3819 ad
868 3758 1062 3820 edificandas
1096 3759 1210 3819 domos
1235 3759 1267 3818 in
1292 3760 1414 3839 quibus

147 3867 210 3949 jam
237 3867 364 3945 residet,
389 3886 481 3946 quos,
506 3886 580 3948 sepe
606 3866 786 3946 requisitus,
812 3865 842 3925 in
872 3865 957 3925 hunc
982 3865 1067 3925 diem
1100 3865 1257 3926 recusavit
1280 3865 1357 3925 dare
1383 3880 1414 3928 et

147 3973 246 4036 modo
263 3987 403 4049 recusat;
428 3987 502 4054 peto
527 3973 623 4053 igitur
647 3971 788 4033 officium
807 3985 946 4032 vestrum
973 3973 1003 4032 in
1027 3971 1085 4031 hac
1110 3986 1197 4050 parte
1222 3971 1412 4053 implorans,

147 4094 182 4140 ut
206 4079 379 4161 compellat
404 4098 477 4139 eum
502 4078 578 4159 juris
599 4078 748 4138 remediis
772 4080 811 4138 ad
837 4076 1052 4138 restituendos
1073 4076 1212 4159 prelatos
1233 4091 1363 4139 centum
1382 4094 1413 4141 et

147 4186 207 4246 XX
232 4184 300 4248 flor.
327 4221 367 4230 -
394 4185 480 4245 Reus
504 4204 580 4245 vero
610 4183 796 4245 immediate
828 4203 884 4265 per
909 4183 1041 4244 modum
1075 4183 1322 4244 contestacionis
1347 4183 1413 4246 litis

148 4291 322 4373 respondit,
348 4291 476 4352 dicens:
503 4290 640 4351 Domine
660 4288 793 4370 Gaspar.
818 4290 916 4350 Novit
933 4289 1113 4350 dominatio
1137 4289 1247 4350 Vestra
1272 4290 1413 4370 qualiter

148 4398 318 4480 pecuniam
345 4398 431 4459 illam
460 4397 537 4457 mihi
563 4396 661 4474 dedit,
686 4416 760 4457 nam
786 4416 859 4457 cum
891 4395 991 4456 filiam
1016 4416 1090 4457 coce
1114 4397 1225 4458 Vestre
1250 4395 1411 4458 ducebam

148 4506 179 4566 in
213 4505 455 4566 matrimonium
488 4504 634 4584 promisit
666 4503 744 4563 mihi
776 4522 832 4563 sua
872 4503 1071 4563 humanitate
1104 4504 1219 4564 domos
1251 4501 1413 4583 edificare,

147 4610 297 4693 quitquid
322 4630 398 4692 ergo
423 4610 565 4687 dedistis,
590 4609 630 4669 ad
655 4610 848 4690 promissum
873 4609 1004 4669 dedistis
1037 4623 1067 4670 et
1090 4610 1187 4690 gratis
1211 4627 1320 4670 amore
1345 4609 1412 4673 filie

152 4737 228 4779 coce
252 4717 363 4778 Vestre
387 4730 418 4778 et
442 4736 500 4799 pro
524 4716 665 4776 serviciis
696 4735 827 4796 quoque
860 4734 934 4775 coce
959 4715 1080 4791 Vestre,
1113 4735 1176 4796 que
1200 4715 1266 4775 Vos
1297 4713 1338 4775 ad
1363 4736 1412 4779 se·

150 4823 254 4885 decim
279 4843 381 4884 annos
404 4822 544 4883 servivit.
561 4858 602 4866 -
621 4822 780 4882 Dominus
798 4820 920 4902 Gaspar
944 4821 1118 4903 replicans:
1136 4840 1234 4903 quare
1252 4819 1314 4881 boc
1330 4820 1412 4885 dicis

147 4949 220 4996 cum
245 4949 321 5020 sepe
344 4949 453 4991 coram
478 4928 587 4990 multis
610 4926 711 4990 lassus
735 4947 768 4989 es
795 4928 875 4990 mihi
906 4927 1062 5012 prefatam
1086 4947 1246 4993 summam
1271 4929 1410 5014 pecunie
