<?xml version="1.0" encoding="UTF-8"?>
<!DOCTYPE html PUBLIC "-//W3C//DTD XHTML 1.0 Transitional//EN"
    "http://www.w3.org/TR/xhtml1/DTD/xhtml1-transitional.dtd">
<html xmlns="http://www.w3.org/1999/xhtml" xml:lang="en" lang="en">
 <head>
  <title>
</title>
<meta http-equiv="Content-Type" content="text/html;charset=utf-8" />
  <meta name='ocr-system' content='tesseract 3.04.00' />
  <meta name='ocr-capabilities' content='ocr_page ocr_carea ocr_par ocr_line ocrx_word'/>
</head>
<body>
  <div class='ocr_page' id='page_1' title='image "./monumentahistor17laszgoog_0287.png"; bbox 0 0 3142 5356; ppageno 0'>
   <div class='ocr_carea' id='block_1_1' title="bbox 147 485 1407 4395">
    <p class='ocr_par' dir='ltr' id='par_1_1' title="bbox 149 485 1407 1099">
     <span class='ocr_line' id='line_1_1' title="bbox 152 485 1023 564; baseline -0.002 -20"><span class='ocrx_word' id='word_1_1' title='bbox 152 501 216 564; x_wconf 83' lang='lat'>234</span> <span class='ocrx_word' id='word_1_2' title='bbox 544 485 631 542; x_wconf 79' lang='lat' dir='ltr'>Anno</span> <span class='ocrx_word' id='word_1_3' title='bbox 661 495 751 561; x_wconf 76' lang='lat'><em>1524.</em></span> <span class='ocrx_word' id='word_1_4' title='bbox 775 516 819 527; x_wconf 93' lang='lat'><strong>—</strong></span> <span class='ocrx_word' id='word_1_5' title='bbox 842 496 871 542; x_wconf 90' lang='lat'>2.</span> <span class='ocrx_word' id='word_1_6' title='bbox 895 485 1023 557; x_wconf 76' lang='lat' dir='ltr'>augusti.</span> 
     </span>
     <span class='ocr_line' id='line_1_2' title="bbox 150 692 1407 777; baseline -0.002 -21"><span class='ocrx_word' id='word_1_7' title='bbox 150 708 223 777; x_wconf 90' lang='lat' dir='ltr'>post</span> <span class='ocrx_word' id='word_1_8' title='bbox 246 693 361 756; x_wconf 90' lang='lat' dir='ltr'>festum</span> <span class='ocrx_word' id='word_1_9' title='bbox 380 695 464 757; x_wconf 93' lang='lat' dir='ltr'>beati</span> <span class='ocrx_word' id='word_1_10' title='bbox 484 693 657 776; x_wconf 85' lang='lat' dir='ltr'>Augustini</span> <span class='ocrx_word' id='word_1_11' title='bbox 676 693 818 777; x_wconf 88' lang='lat' dir='ltr'>episcopi</span> <span class='ocrx_word' id='word_1_12' title='bbox 836 708 866 754; x_wconf 92' lang='lat' dir='ltr'>et</span> <span class='ocrx_word' id='word_1_13' title='bbox 883 692 1087 771; x_wconf 84' lang='lat' dir='ltr'>confessoris,</span> <span class='ocrx_word' id='word_1_14' title='bbox 1108 693 1189 754; x_wconf 91' lang='lat' dir='ltr'>inter</span> <span class='ocrx_word' id='word_1_15' title='bbox 1207 693 1407 756; x_wconf 89' lang='lat' dir='ltr'>Benedicturr</span> 
     </span>
     <span class='ocr_line' id='line_1_3' title="bbox 149 800 1407 883; baseline -0.002 -19"><span class='ocrx_word' id='word_1_16' title='bbox 149 816 303 864; x_wconf 80' lang='lat' dir='ltr'>sartorem</span> <span class='ocrx_word' id='word_1_17' title='bbox 329 817 360 866; x_wconf 89' lang='lat' dir='ltr'>et</span> <span class='ocrx_word' id='word_1_18' title='bbox 386 802 551 865; x_wconf 89' lang='lat' dir='ltr'>Matheum</span> <span class='ocrx_word' id='word_1_19' title='bbox 578 800 719 883; x_wconf 91' lang='lat' dir='ltr'>Modych</span> <span class='ocrx_word' id='word_1_20' title='bbox 743 801 886 863; x_wconf 85' lang='lat' dir='ltr'>seniores</span> <span class='ocrx_word' id='word_1_21' title='bbox 912 801 1035 881; x_wconf 89' lang='lat' dir='ltr'>judices</span> <span class='ocrx_word' id='word_1_22' title='bbox 1059 802 1256 864; x_wconf 83' lang='lat' dir='ltr'>sentenciam</span> <span class='ocrx_word' id='word_1_23' title='bbox 1281 800 1407 863; x_wconf 85' lang='lat' dir='ltr'>omnine</span> 
     </span>
     <span class='ocr_line' id='line_1_4' title="bbox 149 907 1404 992; baseline -0.001 -22"><span class='ocrx_word' id='word_1_24' title='bbox 149 910 369 992; x_wconf 92' lang='lat' dir='ltr'>approbarunt</span> <span class='ocrx_word' id='word_1_25' title='bbox 394 924 425 970; x_wconf 90' lang='lat' dir='ltr'>ct</span> <span class='ocrx_word' id='word_1_26' title='bbox 451 907 691 971; x_wconf 88' lang='lat' dir='ltr'>confirmarunt.</span> <span class='ocrx_word' id='word_1_27' title='bbox 719 907 805 969; x_wconf 89' lang='lat' dir='ltr'>ldem</span> <span class='ocrx_word' id='word_1_28' title='bbox 832 907 979 970; x_wconf 89' lang='lat' dir='ltr'>Matheus</span> <span class='ocrx_word' id='word_1_29' title='bbox 1003 927 1068 969; x_wconf 91' lang='lat' dir='ltr'>non</span> <span class='ocrx_word' id='word_1_30' title='bbox 1094 922 1264 970; x_wconf 89' lang='lat' dir='ltr'>contentus</span> <span class='ocrx_word' id='word_1_31' title='bbox 1288 908 1329 969; x_wconf 91' lang='lat' dir='ltr'>ad</span> <span class='ocrx_word' id='word_1_32' title='bbox 1354 926 1404 970; x_wconf 84' lang='lat' dir='ltr'>ma</span> 
     </span>
     <span class='ocr_line' id='line_1_5' title="bbox 150 1014 784 1099; baseline -0.003 -21"><span class='ocrx_word' id='word_1_33' title='bbox 150 1016 286 1099; x_wconf 83' lang='lat' dir='ltr'>gistrum</span> <span class='ocrx_word' id='word_1_34' title='bbox 311 1015 573 1078; x_wconf 87' lang='lat' dir='ltr'>thavernicorum</span> <span class='ocrx_word' id='word_1_35' title='bbox 598 1014 784 1097; x_wconf 88' lang='lat' dir='ltr'>appellavit.</span> 
     </span>
    </p>

    <p class='ocr_par' dir='ltr' id='par_1_2' title="bbox 147 1119 1407 4395">
     <span class='ocr_line' id='line_1_6' title="bbox 257 1119 1407 1203; baseline 0 -21"><span class='ocrx_word' id='word_1_36' title='bbox 257 1121 334 1184; x_wconf 92' lang='lat' dir='ltr'>ltem</span> <span class='ocrx_word' id='word_1_37' title='bbox 360 1120 438 1184; x_wconf 84' lang='lat' dir='ltr'>feria</span> <span class='ocrx_word' id='word_1_38' title='bbox 462 1136 548 1182; x_wconf 86' lang='lat' dir='ltr'>sexta</span> <span class='ocrx_word' id='word_1_39' title='bbox 568 1135 640 1203; x_wconf 91' lang='lat' dir='ltr'>post</span> <span class='ocrx_word' id='word_1_40' title='bbox 664 1120 782 1183; x_wconf 90' lang='lat' dir='ltr'>festum</span> <span class='ocrx_word' id='word_1_41' title='bbox 800 1120 883 1181; x_wconf 91' lang='lat' dir='ltr'>beati</span> <span class='ocrx_word' id='word_1_42' title='bbox 909 1120 1008 1183; x_wconf 90' lang='lat' dir='ltr'>Marci</span> <span class='ocrx_word' id='word_1_43' title='bbox 1026 1120 1243 1203; x_wconf 80' lang='lat' dir='ltr'>ewangeliste.</span> <span class='ocrx_word' id='word_1_44' title='bbox 1268 1119 1303 1182; x_wconf 92' lang='lat' dir='ltr'>ln</span> <span class='ocrx_word' id='word_1_45' title='bbox 1327 1139 1407 1182; x_wconf 88' lang='lat' dir='ltr'>caus</span> 
     </span>
     <span class='ocr_line' id='line_1_7' title="bbox 151 1227 1407 1313; baseline 0.001 -24"><span class='ocrx_word' id='word_1_46' title='bbox 151 1228 232 1290; x_wconf 90' lang='lat' dir='ltr'>inter</span> <span class='ocrx_word' id='word_1_47' title='bbox 264 1229 393 1289; x_wconf 86' lang='lat' dir='ltr'>Petrum</span> <span class='ocrx_word' id='word_1_48' title='bbox 425 1228 598 1306; x_wconf 87' lang='lat' dir='ltr'>literatum,</span> <span class='ocrx_word' id='word_1_49' title='bbox 622 1242 656 1289; x_wconf 90' lang='lat' dir='ltr'>ut</span> <span class='ocrx_word' id='word_1_50' title='bbox 689 1241 843 1306; x_wconf 89' lang='lat' dir='ltr'>actorem,</span> <span class='ocrx_word' id='word_1_51' title='bbox 875 1242 906 1289; x_wconf 91' lang='lat' dir='ltr'>et</span> <span class='ocrx_word' id='word_1_52' title='bbox 931 1227 1122 1290; x_wconf 89' lang='lat' dir='ltr'>Michaelem</span> <span class='ocrx_word' id='word_1_53' title='bbox 1156 1227 1348 1313; x_wconf 86' lang='lat' dir='ltr'>Oprasnych</span> <span class='ocrx_word' id='word_1_54' title='bbox 1375 1227 1407 1309; x_wconf 90' lang='lat' dir='ltr'>ju</span> 
     </span>
     <span class='ocr_line' id='line_1_8' title="bbox 149 1333 1405 1416; baseline 0.002 -22"><span class='ocrx_word' id='word_1_55' title='bbox 149 1333 254 1395; x_wconf 89' lang='lat' dir='ltr'>dicem</span> <span class='ocrx_word' id='word_1_56' title='bbox 284 1348 315 1396; x_wconf 93' lang='lat' dir='ltr'>et</span> <span class='ocrx_word' id='word_1_57' title='bbox 345 1333 525 1396; x_wconf 81' lang='lat' dir='ltr'>iohannem</span> <span class='ocrx_word' id='word_1_58' title='bbox 560 1333 791 1416; x_wconf 87' lang='lat' dir='ltr'>Lonchyarych</span> <span class='ocrx_word' id='word_1_59' title='bbox 825 1333 983 1395; x_wconf 88' lang='lat' dir='ltr'>decanum</span> <span class='ocrx_word' id='word_1_60' title='bbox 1009 1333 1165 1411; x_wconf 88' lang='lat' dir='ltr'>eiusdem,</span> <span class='ocrx_word' id='word_1_61' title='bbox 1189 1346 1224 1396; x_wconf 93' lang='lat' dir='ltr'>ut</span> <span class='ocrx_word' id='word_1_62' title='bbox 1248 1334 1405 1397; x_wconf 88' lang='lat' dir='ltr'>videbatu</span> 
     </span>
     <span class='ocr_line' id='line_1_9' title="bbox 150 1440 1407 1522; baseline 0.002 -21"><span class='ocrx_word' id='word_1_63' title='bbox 150 1459 232 1519; x_wconf 92' lang='lat' dir='ltr'>reos,</span> <span class='ocrx_word' id='word_1_64' title='bbox 265 1440 413 1502; x_wconf 88' lang='lat' dir='ltr'>concives</span> <span class='ocrx_word' id='word_1_65' title='bbox 445 1454 589 1519; x_wconf 87' lang='lat' dir='ltr'>nostros,</span> <span class='ocrx_word' id='word_1_66' title='bbox 622 1455 751 1522; x_wconf 90' lang='lat' dir='ltr'>propter</span> <span class='ocrx_word' id='word_1_67' title='bbox 783 1440 945 1521; x_wconf 89' lang='lat' dir='ltr'>quendam</span> <span class='ocrx_word' id='word_1_68' title='bbox 977 1440 1107 1502; x_wconf 91' lang='lat' dir='ltr'>stallum</span> <span class='ocrx_word' id='word_1_69' title='bbox 1140 1459 1196 1522; x_wconf 88' lang='lat' dir='ltr'>per</span> <span class='ocrx_word' id='word_1_70' title='bbox 1228 1440 1335 1522; x_wconf 90' lang='lat' dir='ltr'>ipsum</span> <span class='ocrx_word' id='word_1_71' title='bbox 1369 1441 1407 1503; x_wconf 90' lang='lat' dir='ltr'>Jo</span> 
     </span>
     <span class='ocr_line' id='line_1_10' title="bbox 150 1545 1407 1631; baseline 0.002 -25"><span class='ocrx_word' id='word_1_72' title='bbox 150 1545 290 1607; x_wconf 81' lang='lat' dir='ltr'>hannem</span> <span class='ocrx_word' id='word_1_73' title='bbox 315 1545 548 1631; x_wconf 83' lang='lat' dir='ltr'>Lonchyarych</span> <span class='ocrx_word' id='word_1_74' title='bbox 573 1546 612 1606; x_wconf 92' lang='lat' dir='ltr'>ad</span> <span class='ocrx_word' id='word_1_75' title='bbox 633 1546 820 1607; x_wconf 89' lang='lat' dir='ltr'>mandatum</span> <span class='ocrx_word' id='word_1_76' title='bbox 847 1545 1013 1607; x_wconf 85' lang='lat' dir='ltr'>Michaelis</span> <span class='ocrx_word' id='word_1_77' title='bbox 1031 1545 1221 1628; x_wconf 82' lang='lat' dir='ltr'>Oprasnych</span> <span class='ocrx_word' id='word_1_78' title='bbox 1237 1560 1316 1608; x_wconf 93' lang='lat' dir='ltr'>tunc</span> <span class='ocrx_word' id='word_1_79' title='bbox 1340 1561 1407 1610; x_wconf 89' lang='lat' dir='ltr'>tem</span> 
     </span>
     <span class='ocr_line' id='line_1_11' title="bbox 151 1652 1407 1736; baseline 0.002 -22"><span class='ocrx_word' id='word_1_80' title='bbox 151 1671 229 1734; x_wconf 88' lang='lat' dir='ltr'>pore</span> <span class='ocrx_word' id='word_1_81' title='bbox 246 1652 362 1734; x_wconf 80' lang='lat' dir='ltr'>judicis</span> <span class='ocrx_word' id='word_1_82' title='bbox 385 1652 478 1714; x_wconf 93' lang='lat' dir='ltr'>eferri</span> <span class='ocrx_word' id='word_1_83' title='bbox 493 1653 533 1714; x_wconf 89' lang='lat' dir='ltr'>de</span> <span class='ocrx_word' id='word_1_84' title='bbox 550 1653 683 1714; x_wconf 87' lang='lat' dir='ltr'>ecclesia</span> <span class='ocrx_word' id='word_1_85' title='bbox 707 1653 927 1728; x_wconf 91' lang='lat' dir='ltr'>commissum,</span> <span class='ocrx_word' id='word_1_86' title='bbox 944 1653 1020 1734; x_wconf 89' lang='lat' dir='ltr'>quia</span> <span class='ocrx_word' id='word_1_87' title='bbox 1045 1653 1112 1730; x_wconf 89' lang='lat' dir='ltr'>ipse</span> <span class='ocrx_word' id='word_1_88' title='bbox 1138 1653 1277 1715; x_wconf 89' lang='lat' dir='ltr'>Michael</span> <span class='ocrx_word' id='word_1_89' title='bbox 1302 1653 1407 1736; x_wconf 91' lang='lat' dir='ltr'>Opras</span> 
     </span>
     <span class='ocr_line' id='line_1_12' title="bbox 149 1757 1407 1843; baseline 0.002 -23"><span class='ocrx_word' id='word_1_90' title='bbox 149 1757 231 1843; x_wconf 89' lang='lat' dir='ltr'>nych</span> <span class='ocrx_word' id='word_1_91' title='bbox 264 1777 347 1820; x_wconf 88' lang='lat' dir='ltr'>onus</span> <span class='ocrx_word' id='word_1_92' title='bbox 377 1758 417 1819; x_wconf 92' lang='lat' dir='ltr'>ad</span> <span class='ocrx_word' id='word_1_93' title='bbox 441 1778 473 1819; x_wconf 93' lang='lat' dir='ltr'>se</span> <span class='ocrx_word' id='word_1_94' title='bbox 498 1759 679 1840; x_wconf 84' lang='lat' dir='ltr'>assumpsit,</span> <span class='ocrx_word' id='word_1_95' title='bbox 703 1757 796 1839; x_wconf 87' lang='lat' dir='ltr'>jurati</span> <span class='ocrx_word' id='word_1_96' title='bbox 829 1757 1054 1839; x_wconf 82' lang='lat' dir='ltr'>adjudicarunt</span> <span class='ocrx_word' id='word_1_97' title='bbox 1078 1772 1113 1821; x_wconf 90' lang='lat' dir='ltr'>ut</span> <span class='ocrx_word' id='word_1_98' title='bbox 1136 1759 1275 1821; x_wconf 90' lang='lat' dir='ltr'>Michael</span> <span class='ocrx_word' id='word_1_99' title='bbox 1301 1760 1407 1843; x_wconf 84' lang='lat' dir='ltr'>Optat</span> 
     </span>
     <span class='ocr_line' id='line_1_13' title="bbox 149 1862 1407 1947; baseline 0.005 -22"><span class='ocrx_word' id='word_1_100' title='bbox 149 1863 234 1947; x_wconf 89' lang='lat' dir='ltr'>nych</span> <span class='ocrx_word' id='word_1_101' title='bbox 265 1863 297 1925; x_wconf 95' lang='lat' dir='ltr'>id</span> <span class='ocrx_word' id='word_1_102' title='bbox 330 1864 410 1925; x_wconf 87' lang='lat' dir='ltr'>bene</span> <span class='ocrx_word' id='word_1_103' title='bbox 443 1862 546 1926; x_wconf 87' lang='lat' dir='ltr'>lacere</span> <span class='ocrx_word' id='word_1_104' title='bbox 584 1864 690 1946; x_wconf 92' lang='lat' dir='ltr'>potuit</span> <span class='ocrx_word' id='word_1_105' title='bbox 723 1878 754 1925; x_wconf 91' lang='lat' dir='ltr'>et</span> <span class='ocrx_word' id='word_1_106' title='bbox 793 1863 972 1925; x_wconf 90' lang='lat' dir='ltr'>Johannem</span> <span class='ocrx_word' id='word_1_107' title='bbox 1013 1866 1197 1947; x_wconf 86' lang='lat' dir='ltr'>expeditum</span> <span class='ocrx_word' id='word_1_108' title='bbox 1230 1864 1311 1928; x_wconf 90' lang='lat' dir='ltr'>fore.</span> <span class='ocrx_word' id='word_1_109' title='bbox 1347 1868 1407 1931; x_wconf 87' lang='lat' dir='ltr'>Pre</span> 
     </span>
     <span class='ocr_line' id='line_1_14' title="bbox 150 1968 1407 2054; baseline 0.002 -22"><span class='ocrx_word' id='word_1_110' title='bbox 150 1985 237 2032; x_wconf 89' lang='lat' dir='ltr'>terea</span> <span class='ocrx_word' id='word_1_111' title='bbox 261 1970 336 2052; x_wconf 89' lang='lat' dir='ltr'>quia</span> <span class='ocrx_word' id='word_1_112' title='bbox 361 1968 502 2052; x_wconf 90' lang='lat' dir='ltr'>prefatus</span> <span class='ocrx_word' id='word_1_113' title='bbox 536 1969 673 2032; x_wconf 88' lang='lat' dir='ltr'>Michael</span> <span class='ocrx_word' id='word_1_114' title='bbox 706 1970 895 2054; x_wconf 89' lang='lat' dir='ltr'>Oprasnych</span> <span class='ocrx_word' id='word_1_115' title='bbox 928 1971 1033 2053; x_wconf 89' lang='lat' dir='ltr'>ipsum</span> <span class='ocrx_word' id='word_1_116' title='bbox 1066 1972 1196 2034; x_wconf 86' lang='lat' dir='ltr'>Petrum</span> <span class='ocrx_word' id='word_1_117' title='bbox 1224 1972 1407 2054; x_wconf 84' lang='lat' dir='ltr'>appellasse</span> 
     </span>
     <span class='ocr_line' id='line_1_15' title="bbox 151 2075 1407 2160; baseline 0.003 -22"><span class='ocrx_word' id='word_1_118' title='bbox 151 2076 317 2139; x_wconf 87' lang='lat' dir='ltr'>infidelem</span> <span class='ocrx_word' id='word_1_119' title='bbox 340 2075 420 2156; x_wconf 89' lang='lat' dir='ltr'>fore,</span> <span class='ocrx_word' id='word_1_120' title='bbox 444 2077 532 2159; x_wconf 92' lang='lat' dir='ltr'>quod</span> <span class='ocrx_word' id='word_1_121' title='bbox 557 2097 588 2138; x_wconf 89' lang='lat' dir='ltr'>se</span> <span class='ocrx_word' id='word_1_122' title='bbox 614 2078 824 2159; x_wconf 89' lang='lat' dir='ltr'>probaturum</span> <span class='ocrx_word' id='word_1_123' title='bbox 858 2078 1080 2160; x_wconf 88' lang='lat' dir='ltr'>compromisit</span> <span class='ocrx_word' id='word_1_124' title='bbox 1103 2080 1145 2140; x_wconf 94' lang='lat' dir='ltr'>ob</span> <span class='ocrx_word' id='word_1_125' title='bbox 1169 2078 1230 2140; x_wconf 93' lang='lat' dir='ltr'>hoc</span> <span class='ocrx_word' id='word_1_126' title='bbox 1254 2079 1407 2142; x_wconf 89' lang='lat' dir='ltr'>videlicet</span> 
     </span>
     <span class='ocr_line' id='line_1_16' title="bbox 150 2181 1406 2265; baseline 0.004 -21"><span class='ocrx_word' id='word_1_127' title='bbox 150 2182 240 2265; x_wconf 89' lang='lat' dir='ltr'>quod</span> <span class='ocrx_word' id='word_1_128' title='bbox 267 2202 339 2244; x_wconf 91' lang='lat' dir='ltr'>cum</span> <span class='ocrx_word' id='word_1_129' title='bbox 364 2183 507 2264; x_wconf 89' lang='lat' dir='ltr'>quodam</span> <span class='ocrx_word' id='word_1_130' title='bbox 532 2198 676 2265; x_wconf 90' lang='lat' dir='ltr'>tempore</span> <span class='ocrx_word' id='word_1_131' title='bbox 694 2181 798 2244; x_wconf 91' lang='lat' dir='ltr'>dictus</span> <span class='ocrx_word' id='word_1_132' title='bbox 823 2183 934 2246; x_wconf 87' lang='lat' dir='ltr'>Petrus</span> <span class='ocrx_word' id='word_1_133' title='bbox 951 2184 1094 2246; x_wconf 89' lang='lat' dir='ltr'>literatus</span> <span class='ocrx_word' id='word_1_134' title='bbox 1111 2183 1222 2246; x_wconf 89' lang='lat' dir='ltr'>fuisset</span> <span class='ocrx_word' id='word_1_135' title='bbox 1249 2183 1406 2249; x_wconf 85' lang='lat' dir='ltr'>familiari</span> 
     </span>
     <span class='ocr_line' id='line_1_17' title="bbox 149 2289 1407 2376; baseline 0.003 -26"><span class='ocrx_word' id='word_1_136' title='bbox 149 2289 392 2351; x_wconf 90' lang='lat' dir='ltr'>tricesimatoris</span> <span class='ocrx_word' id='word_1_137' title='bbox 423 2289 454 2350; x_wconf 92' lang='lat' dir='ltr'>in</span> <span class='ocrx_word' id='word_1_138' title='bbox 490 2289 651 2351; x_wconf 90' lang='lat' dir='ltr'>tricesima</span> <span class='ocrx_word' id='word_1_139' title='bbox 684 2290 883 2370; x_wconf 85' lang='lat' dir='ltr'>zagrabiensi</span> <span class='ocrx_word' id='word_1_140' title='bbox 916 2290 1053 2352; x_wconf 91' lang='lat' dir='ltr'>condam</span> <span class='ocrx_word' id='word_1_141' title='bbox 1086 2290 1240 2352; x_wconf 89' lang='lat' dir='ltr'>Johannis</span> <span class='ocrx_word' id='word_1_142' title='bbox 1266 2289 1407 2376; x_wconf 84' lang='lat' dir='ltr'>Gywlay</span> 
     </span>
     <span class='ocr_line' id='line_1_18' title="bbox 147 2394 1407 2480; baseline 0.002 -23"><span class='ocrx_word' id='word_1_143' title='bbox 147 2396 341 2458; x_wconf 89' lang='lat' dir='ltr'>tricesimam</span> <span class='ocrx_word' id='word_1_144' title='bbox 359 2410 467 2458; x_wconf 91' lang='lat' dir='ltr'>autem</span> <span class='ocrx_word' id='word_1_145' title='bbox 486 2394 647 2476; x_wconf 85' lang='lat' dir='ltr'>Georgius</span> <span class='ocrx_word' id='word_1_146' title='bbox 668 2395 772 2457; x_wconf 85' lang='lat' dir='ltr'>Strese</span> <span class='ocrx_word' id='word_1_147' title='bbox 797 2396 897 2457; x_wconf 92' lang='lat' dir='ltr'>nileni</span> <span class='ocrx_word' id='word_1_148' title='bbox 916 2411 945 2458; x_wconf 93' lang='lat' dir='ltr'>et</span> <span class='ocrx_word' id='word_1_149' title='bbox 963 2396 1128 2458; x_wconf 88' lang='lat' dir='ltr'>Balthasar</span> <span class='ocrx_word' id='word_1_150' title='bbox 1151 2397 1191 2458; x_wconf 90' lang='lat' dir='ltr'>de</span> <span class='ocrx_word' id='word_1_151' title='bbox 1208 2397 1316 2480; x_wconf 86' lang='lat' dir='ltr'>Alaph</span> <span class='ocrx_word' id='word_1_152' title='bbox 1343 2399 1407 2460; x_wconf 88' lang='lat' dir='ltr'>ban</span> 
     </span>
     <span class='ocr_line' id='line_1_19' title="bbox 150 2502 1407 2585; baseline 0.004 -22"><span class='ocrx_word' id='word_1_153' title='bbox 150 2503 190 2565; x_wconf 85' lang='lat' dir='ltr'>de</span> <span class='ocrx_word' id='word_1_154' title='bbox 214 2504 330 2585; x_wconf 90' lang='lat' dir='ltr'>Jaycza</span> <span class='ocrx_word' id='word_1_155' title='bbox 354 2502 577 2584; x_wconf 90' lang='lat' dir='ltr'>potencialiter</span> <span class='ocrx_word' id='word_1_156' title='bbox 601 2503 764 2576; x_wconf 91' lang='lat' dir='ltr'>tenebant,</span> <span class='ocrx_word' id='word_1_157' title='bbox 797 2522 870 2563; x_wconf 91' lang='lat' dir='ltr'>cum</span> <span class='ocrx_word' id='word_1_158' title='bbox 895 2517 1004 2564; x_wconf 91' lang='lat' dir='ltr'>tamen</span> <span class='ocrx_word' id='word_1_159' title='bbox 1036 2503 1160 2584; x_wconf 90' lang='lat' dir='ltr'>regales</span> <span class='ocrx_word' id='word_1_160' title='bbox 1183 2523 1299 2566; x_wconf 89' lang='lat' dir='ltr'>omnes</span> <span class='ocrx_word' id='word_1_161' title='bbox 1322 2505 1407 2568; x_wconf 68' lang='lat' dir='ltr'>trice«</span> 
     </span>
     <span class='ocr_line' id='line_1_20' title="bbox 148 2607 1407 2693; baseline 0.004 -23"><span class='ocrx_word' id='word_1_162' title='bbox 148 2609 246 2670; x_wconf 90' lang='lat' dir='ltr'>simas</span> <span class='ocrx_word' id='word_1_163' title='bbox 269 2608 360 2690; x_wconf 91' lang='lat' dir='ltr'>regni</span> <span class='ocrx_word' id='word_1_164' title='bbox 386 2608 541 2669; x_wconf 87' lang='lat' dir='ltr'>Slauonie</span> <span class='ocrx_word' id='word_1_165' title='bbox 572 2607 701 2669; x_wconf 90' lang='lat' dir='ltr'>Thome</span> <span class='ocrx_word' id='word_1_166' title='bbox 727 2608 834 2691; x_wconf 81' lang='lat' dir='ltr'>Zechy</span> <span class='ocrx_word' id='word_1_167' title='bbox 866 2623 897 2670; x_wconf 92' lang='lat' dir='ltr'>et</span> <span class='ocrx_word' id='word_1_168' title='bbox 929 2609 1067 2671; x_wconf 91' lang='lat' dir='ltr'>Johanni</span> <span class='ocrx_word' id='word_1_169' title='bbox 1101 2609 1240 2693; x_wconf 86' lang='lat' dir='ltr'>Gywlay</span> <span class='ocrx_word' id='word_1_170' title='bbox 1273 2610 1407 2676; x_wconf 88' lang='lat' dir='ltr'>dederat</span> 
     </span>
     <span class='ocr_line' id='line_1_21' title="bbox 149 2715 1407 2798; baseline 0.002 -20"><span class='ocrx_word' id='word_1_171' title='bbox 149 2735 206 2778; x_wconf 88' lang='lat' dir='ltr'>nec</span> <span class='ocrx_word' id='word_1_172' title='bbox 230 2730 338 2778; x_wconf 90' lang='lat' dir='ltr'>tamen</span> <span class='ocrx_word' id='word_1_173' title='bbox 359 2715 398 2776; x_wconf 95' lang='lat' dir='ltr'>de</span> <span class='ocrx_word' id='word_1_174' title='bbox 417 2715 566 2776; x_wconf 88' lang='lat' dir='ltr'>manibus</span> <span class='ocrx_word' id='word_1_175' title='bbox 583 2715 772 2776; x_wconf 89' lang='lat' dir='ltr'>eorumdem</span> <span class='ocrx_word' id='word_1_176' title='bbox 791 2730 939 2797; x_wconf 88' lang='lat' dir='ltr'>poterant</span> <span class='ocrx_word' id='word_1_177' title='bbox 956 2715 1088 2798; x_wconf 87' lang='lat' dir='ltr'>pacifice</span> <span class='ocrx_word' id='word_1_178' title='bbox 1113 2735 1283 2798; x_wconf 88' lang='lat' dir='ltr'>occupare,</span> <span class='ocrx_word' id='word_1_179' title='bbox 1302 2718 1407 2780; x_wconf 80' lang='lat' dir='ltr'>eodan</span> 
     </span>
     <span class='ocr_line' id='line_1_22' title="bbox 149 2822 1407 2907; baseline 0.002 -23"><span class='ocrx_word' id='word_1_180' title='bbox 149 2837 256 2884; x_wconf 90' lang='lat' dir='ltr'>autern</span> <span class='ocrx_word' id='word_1_181' title='bbox 280 2837 426 2904; x_wconf 89' lang='lat' dir='ltr'>tempore</span> <span class='ocrx_word' id='word_1_182' title='bbox 451 2822 555 2883; x_wconf 90' lang='lat' dir='ltr'>dictus</span> <span class='ocrx_word' id='word_1_183' title='bbox 579 2822 691 2884; x_wconf 90' lang='lat' dir='ltr'>Petrus</span> <span class='ocrx_word' id='word_1_184' title='bbox 715 2822 859 2883; x_wconf 90' lang='lat' dir='ltr'>literatus</span> <span class='ocrx_word' id='word_1_185' title='bbox 886 2842 950 2883; x_wconf 92' lang='lat' dir='ltr'>una</span> <span class='ocrx_word' id='word_1_186' title='bbox 975 2842 1046 2883; x_wconf 93' lang='lat' dir='ltr'>cum</span> <span class='ocrx_word' id='word_1_187' title='bbox 1073 2823 1168 2884; x_wconf 91' lang='lat' dir='ltr'>Petro</span> <span class='ocrx_word' id='word_1_188' title='bbox 1192 2822 1407 2907; x_wconf 86' lang='lat' dir='ltr'>Wragowycl</span> 
     </span>
     <span class='ocr_line' id='line_1_23' title="bbox 149 2927 1407 3011; baseline -0.003 -20"><span class='ocrx_word' id='word_1_189' title='bbox 149 2930 180 2991; x_wconf 93' lang='lat' dir='ltr'>in</span> <span class='ocrx_word' id='word_1_190' title='bbox 205 2930 332 2991; x_wconf 90' lang='lat' dir='ltr'>civitate</span> <span class='ocrx_word' id='word_1_191' title='bbox 357 2928 531 3006; x_wconf 87' lang='lat' dir='ltr'>habitabat,</span> <span class='ocrx_word' id='word_1_192' title='bbox 556 2948 695 3009; x_wconf 92' lang='lat' dir='ltr'>cumque</span> <span class='ocrx_word' id='word_1_193' title='bbox 720 2927 894 2989; x_wconf 84' lang='lat' dir='ltr'>familiares</span> <span class='ocrx_word' id='word_1_194' title='bbox 919 2928 1048 2990; x_wconf 89' lang='lat' dir='ltr'>Thome</span> <span class='ocrx_word' id='word_1_195' title='bbox 1073 2928 1181 3011; x_wconf 90' lang='lat' dir='ltr'>Zechy</span> <span class='ocrx_word' id='word_1_196' title='bbox 1205 2943 1236 2991; x_wconf 87' lang='lat' dir='ltr'>et</span> <span class='ocrx_word' id='word_1_197' title='bbox 1261 2929 1407 2992; x_wconf 86' lang='lat' dir='ltr'>Johauni</span> 
     </span>
     <span class='ocr_line' id='line_1_24' title="bbox 150 3035 1407 3119; baseline 0.001 -21"><span class='ocrx_word' id='word_1_198' title='bbox 150 3036 288 3119; x_wconf 89' lang='lat' dir='ltr'>Gywlay</span> <span class='ocrx_word' id='word_1_199' title='bbox 313 3036 350 3096; x_wconf 91' lang='lat' dir='ltr'>ad</span> <span class='ocrx_word' id='word_1_200' title='bbox 377 3035 599 3117; x_wconf 86' lang='lat' dir='ltr'>occupandam</span> <span class='ocrx_word' id='word_1_201' title='bbox 623 3036 817 3096; x_wconf 87' lang='lat' dir='ltr'>tricesimam</span> <span class='ocrx_word' id='word_1_202' title='bbox 843 3035 1014 3114; x_wconf 89' lang='lat' dir='ltr'>venissent,</span> <span class='ocrx_word' id='word_1_203' title='bbox 1038 3050 1115 3097; x_wconf 90' lang='lat' dir='ltr'>tune</span> <span class='ocrx_word' id='word_1_204' title='bbox 1140 3035 1252 3098; x_wconf 89' lang='lat' dir='ltr'>Petrus</span> <span class='ocrx_word' id='word_1_205' title='bbox 1276 3036 1407 3118; x_wconf 87' lang='lat' dir='ltr'>Wrago</span> 
     </span>
     <span class='ocr_line' id='line_1_25' title="bbox 150 3141 1407 3226; baseline 0.002 -22"><span class='ocrx_word' id='word_1_206' title='bbox 150 3142 242 3226; x_wconf 88' lang='lat' dir='ltr'>wych</span> <span class='ocrx_word' id='word_1_207' title='bbox 269 3158 300 3204; x_wconf 89' lang='lat' dir='ltr'>et</span> <span class='ocrx_word' id='word_1_208' title='bbox 324 3143 375 3224; x_wconf 90' lang='lat' dir='ltr'>pie</span> <span class='ocrx_word' id='word_1_209' title='bbox 400 3142 556 3203; x_wconf 89' lang='lat' dir='ltr'>memorie</span> <span class='ocrx_word' id='word_1_210' title='bbox 573 3141 710 3202; x_wconf 88' lang='lat' dir='ltr'>condam</span> <span class='ocrx_word' id='word_1_211' title='bbox 729 3142 846 3202; x_wconf 87' lang='lat' dir='ltr'>Sowan</span> <span class='ocrx_word' id='word_1_212' title='bbox 876 3143 980 3223; x_wconf 91' lang='lat' dir='ltr'>ipsum</span> <span class='ocrx_word' id='word_1_213' title='bbox 999 3142 1128 3204; x_wconf 90' lang='lat' dir='ltr'>Petrum</span> <span class='ocrx_word' id='word_1_214' title='bbox 1152 3142 1407 3226; x_wconf 65' lang='lat' dir='ltr'>literarumque</span> 
     </span>
     <span class='ocr_line' id='line_1_26' title="bbox 150 3247 1407 3331; baseline -0.002 -21"><span class='ocrx_word' id='word_1_215' title='bbox 150 3249 283 3311; x_wconf 90' lang='lat' dir='ltr'>liberius</span> <span class='ocrx_word' id='word_1_216' title='bbox 306 3262 414 3330; x_wconf 91' lang='lat' dir='ltr'>posset</span> <span class='ocrx_word' id='word_1_217' title='bbox 437 3248 555 3309; x_wconf 90' lang='lat' dir='ltr'>habere</span> <span class='ocrx_word' id='word_1_218' title='bbox 588 3248 765 3328; x_wconf 90' lang='lat' dir='ltr'>ingressum</span> <span class='ocrx_word' id='word_1_219' title='bbox 790 3247 830 3308; x_wconf 89' lang='lat' dir='ltr'>ad</span> <span class='ocrx_word' id='word_1_220' title='bbox 863 3263 988 3329; x_wconf 89' lang='lat' dir='ltr'>portam</span> <span class='ocrx_word' id='word_1_221' title='bbox 1020 3249 1156 3310; x_wconf 88' lang='lat' dir='ltr'>civitatis</span> <span class='ocrx_word' id='word_1_222' title='bbox 1179 3249 1407 3331; x_wconf 87' lang='lat' dir='ltr'>premisissent</span> 
     </span>
     <span class='ocr_line' id='line_1_27' title="bbox 150 3354 1407 3436; baseline -0.004 -20"><span class='ocrx_word' id='word_1_223' title='bbox 150 3374 290 3436; x_wconf 90' lang='lat' dir='ltr'>cumque</span> <span class='ocrx_word' id='word_1_224' title='bbox 315 3355 427 3416; x_wconf 87' lang='lat' dir='ltr'>Petrus</span> <span class='ocrx_word' id='word_1_225' title='bbox 445 3355 589 3415; x_wconf 89' lang='lat' dir='ltr'>literatus</span> <span class='ocrx_word' id='word_1_226' title='bbox 607 3368 691 3415; x_wconf 80' lang='lat' dir='ltr'>extra</span> <span class='ocrx_word' id='word_1_227' title='bbox 710 3368 835 3435; x_wconf 87' lang='lat' dir='ltr'>portam</span> <span class='ocrx_word' id='word_1_228' title='bbox 853 3354 990 3416; x_wconf 87' lang='lat' dir='ltr'>civitatis</span> <span class='ocrx_word' id='word_1_229' title='bbox 1007 3355 1133 3434; x_wconf 86' lang='lat' dir='ltr'>exisset,</span> <span class='ocrx_word' id='word_1_230' title='bbox 1154 3356 1407 3436; x_wconf 63' lang='lat' dir='ltr'>superveniente:</span> 
     </span>
     <span class='ocr_line' id='line_1_28' title="bbox 148 3459 1407 3543; baseline -0.002 -19"><span class='ocrx_word' id='word_1_231' title='bbox 148 3460 321 3524; x_wconf 77' lang='lat' dir='ltr'>familiares</span> <span class='ocrx_word' id='word_1_232' title='bbox 345 3459 499 3543; x_wconf 89' lang='lat' dir='ltr'>prefatam</span> <span class='ocrx_word' id='word_1_233' title='bbox 526 3460 657 3541; x_wconf 89' lang='lat' dir='ltr'>ingressi</span> <span class='ocrx_word' id='word_1_234' title='bbox 683 3460 844 3521; x_wconf 87' lang='lat' dir='ltr'>civitatem</span> <span class='ocrx_word' id='word_1_235' title='bbox 873 3461 1066 3522; x_wconf 90' lang='lat' dir='ltr'>tricesimam</span> <span class='ocrx_word' id='word_1_236' title='bbox 1092 3476 1352 3543; x_wconf 89' lang='lat' dir='ltr'>occupaverunt;</span> <span class='ocrx_word' id='word_1_237' title='bbox 1377 3482 1407 3524; x_wconf 83' lang='lat' dir='ltr'>er</span> 
     </span>
     <span class='ocr_line' id='line_1_29' title="bbox 149 3563 1404 3648; baseline 0.001 -19"><span class='ocrx_word' id='word_1_238' title='bbox 149 3568 284 3629; x_wconf 90' lang='lat' dir='ltr'>adverso</span> <span class='ocrx_word' id='word_1_239' title='bbox 308 3583 415 3629; x_wconf 91' lang='lat' dir='ltr'>autem</span> <span class='ocrx_word' id='word_1_240' title='bbox 441 3569 553 3628; x_wconf 89' lang='lat' dir='ltr'>Petrus</span> <span class='ocrx_word' id='word_1_241' title='bbox 584 3563 728 3628; x_wconf 84' lang='lat' dir='ltr'>literatus</span> <span class='ocrx_word' id='word_1_242' title='bbox 761 3566 900 3644; x_wconf 83' lang='lat' dir='ltr'>dicebat,</span> <span class='ocrx_word' id='word_1_243' title='bbox 932 3567 1070 3648; x_wconf 89' lang='lat' dir='ltr'>quodsi</span> <span class='ocrx_word' id='word_1_244' title='bbox 1096 3567 1264 3629; x_wconf 89' lang='lat' dir='ltr'>familiaris</span> <span class='ocrx_word' id='word_1_245' title='bbox 1289 3568 1404 3630; x_wconf 90' lang='lat' dir='ltr'>domin</span> 
     </span>
     <span class='ocr_line' id='line_1_30' title="bbox 148 3673 1407 3755; baseline 0.002 -20"><span class='ocrx_word' id='word_1_246' title='bbox 148 3675 196 3735; x_wconf 92' lang='lat' dir='ltr'>sui</span> <span class='ocrx_word' id='word_1_247' title='bbox 222 3693 260 3735; x_wconf 91' lang='lat' dir='ltr'>eo</span> <span class='ocrx_word' id='word_1_248' title='bbox 285 3673 383 3734; x_wconf 91' lang='lat' dir='ltr'>modo</span> <span class='ocrx_word' id='word_1_249' title='bbox 408 3693 473 3734; x_wconf 92' lang='lat' dir='ltr'>non</span> <span class='ocrx_word' id='word_1_250' title='bbox 507 3687 613 3755; x_wconf 90' lang='lat' dir='ltr'>posset</span> <span class='ocrx_word' id='word_1_251' title='bbox 646 3673 746 3733; x_wconf 89' lang='lat' dir='ltr'>eciam</span> <span class='ocrx_word' id='word_1_252' title='bbox 780 3694 835 3755; x_wconf 91' lang='lat' dir='ltr'>per</span> <span class='ocrx_word' id='word_1_253' title='bbox 868 3693 997 3735; x_wconf 89' lang='lat' dir='ltr'>murum</span> <span class='ocrx_word' id='word_1_254' title='bbox 1030 3675 1253 3752; x_wconf 90' lang='lat' dir='ltr'>intromittere,</span> <span class='ocrx_word' id='word_1_255' title='bbox 1286 3676 1330 3736; x_wconf 95' lang='lat' dir='ltr'>ob</span> <span class='ocrx_word' id='word_1_256' title='bbox 1354 3675 1407 3738; x_wconf 83' lang='lat' dir='ltr'>hot</span> 
     </span>
     <span class='ocr_line' id='line_1_31' title="bbox 147 3779 1407 3861; baseline 0.001 -19"><span class='ocrx_word' id='word_1_257' title='bbox 147 3781 240 3861; x_wconf 89' lang='lat' dir='ltr'>jurati</span> <span class='ocrx_word' id='word_1_258' title='bbox 266 3781 371 3842; x_wconf 89' lang='lat' dir='ltr'>taliter</span> <span class='ocrx_word' id='word_1_259' title='bbox 395 3779 629 3861; x_wconf 84' lang='lat' dir='ltr'>adjudicarunt,</span> <span class='ocrx_word' id='word_1_260' title='bbox 654 3780 729 3860; x_wconf 87' lang='lat' dir='ltr'>quia</span> <span class='ocrx_word' id='word_1_261' title='bbox 763 3780 874 3841; x_wconf 87' lang='lat' dir='ltr'>Petrus</span> <span class='ocrx_word' id='word_1_262' title='bbox 906 3781 1050 3842; x_wconf 90' lang='lat' dir='ltr'>literatus</span> <span class='ocrx_word' id='word_1_263' title='bbox 1074 3795 1149 3842; x_wconf 92' lang='lat' dir='ltr'>tunc</span> <span class='ocrx_word' id='word_1_264' title='bbox 1174 3782 1331 3861; x_wconf 89' lang='lat' dir='ltr'>temporis</span> <span class='ocrx_word' id='word_1_265' title='bbox 1356 3801 1407 3844; x_wconf 84' lang='lat' dir='ltr'>net</span> 
     </span>
     <span class='ocr_line' id='line_1_32' title="bbox 148 3886 1407 3968; baseline -0.001 -19"><span class='ocrx_word' id='word_1_266' title='bbox 148 3902 214 3950; x_wconf 92' lang='lat' dir='ltr'>erat</span> <span class='ocrx_word' id='word_1_267' title='bbox 246 3888 323 3949; x_wconf 87' lang='lat' dir='ltr'>civis</span> <span class='ocrx_word' id='word_1_268' title='bbox 355 3907 412 3948; x_wconf 92' lang='lat' dir='ltr'>nec</span> <span class='ocrx_word' id='word_1_269' title='bbox 444 3886 576 3967; x_wconf 87' lang='lat' dir='ltr'>juratus,</span> <span class='ocrx_word' id='word_1_270' title='bbox 605 3905 663 3947; x_wconf 91' lang='lat' dir='ltr'>nec</span> <span class='ocrx_word' id='word_1_271' title='bbox 695 3886 855 3968; x_wconf 90' lang='lat' dir='ltr'>quidquid</span> <span class='ocrx_word' id='word_1_272' title='bbox 889 3888 1014 3967; x_wconf 88' lang='lat' dir='ltr'>negocii</span> <span class='ocrx_word' id='word_1_273' title='bbox 1048 3887 1203 3949; x_wconf 87' lang='lat' dir='ltr'>habuerat</span> <span class='ocrx_word' id='word_1_274' title='bbox 1228 3887 1260 3948; x_wconf 90' lang='lat' dir='ltr'>in</span> <span class='ocrx_word' id='word_1_275' title='bbox 1287 3888 1407 3951; x_wconf 76' lang='lat' dir='ltr'>civitati</span> 
     </span>
     <span class='ocr_line' id='line_1_33' title="bbox 147 3991 1407 4075; baseline 0.002 -21"><span class='ocrx_word' id='word_1_276' title='bbox 147 3993 202 4054; x_wconf 89' lang='lat' dir='ltr'>sed</span> <span class='ocrx_word' id='word_1_277' title='bbox 228 4007 294 4055; x_wconf 89' lang='lat' dir='ltr'>erat</span> <span class='ocrx_word' id='word_1_278' title='bbox 318 3991 484 4055; x_wconf 86' lang='lat' dir='ltr'>familiaris</span> <span class='ocrx_word' id='word_1_279' title='bbox 509 3992 664 4054; x_wconf 90' lang='lat' dir='ltr'>Johannis</span> <span class='ocrx_word' id='word_1_280' title='bbox 689 3992 828 4075; x_wconf 84' lang='lat' dir='ltr'>Gywlay</span> <span class='ocrx_word' id='word_1_281' title='bbox 850 3995 892 4053; x_wconf 93' lang='lat' dir='ltr'>ob</span> <span class='ocrx_word' id='word_1_282' title='bbox 916 3994 976 4054; x_wconf 94' lang='lat' dir='ltr'>hoc</span> <span class='ocrx_word' id='word_1_283' title='bbox 1002 3993 1141 4055; x_wconf 92' lang='lat' dir='ltr'>eundem</span> <span class='ocrx_word' id='word_1_284' title='bbox 1167 4013 1232 4055; x_wconf 93' lang='lat' dir='ltr'>non</span> <span class='ocrx_word' id='word_1_285' title='bbox 1257 4013 1326 4055; x_wconf 88' lang='lat' dir='ltr'>esse</span> <span class='ocrx_word' id='word_1_286' title='bbox 1345 3993 1407 4057; x_wconf 87' lang='lat' dir='ltr'>infi-</span> 
     </span>
     <span class='ocr_line' id='line_1_34' title="bbox 148 4100 1407 4182; baseline 0.002 -21"><span class='ocrx_word' id='word_1_287' title='bbox 148 4101 254 4163; x_wconf 91' lang='lat' dir='ltr'>delem</span> <span class='ocrx_word' id='word_1_288' title='bbox 280 4101 445 4182; x_wconf 88' lang='lat' dir='ltr'>potissime</span> <span class='ocrx_word' id='word_1_289' title='bbox 470 4119 541 4161; x_wconf 84' lang='lat' dir='ltr'>cunt</span> <span class='ocrx_word' id='word_1_290' title='bbox 569 4114 778 4182; x_wconf 88' lang='lat' dir='ltr'>posteaquam</span> <span class='ocrx_word' id='word_1_291' title='bbox 812 4101 842 4161; x_wconf 92' lang='lat' dir='ltr'>in</span> <span class='ocrx_word' id='word_1_292' title='bbox 869 4101 996 4162; x_wconf 89' lang='lat' dir='ltr'>civitate</span> <span class='ocrx_word' id='word_1_293' title='bbox 1025 4100 1168 4162; x_wconf 87' lang='lat' dir='ltr'>habitare</span> <span class='ocrx_word' id='word_1_294' title='bbox 1193 4101 1290 4182; x_wconf 89' lang='lat' dir='ltr'>cepit,</span> <span class='ocrx_word' id='word_1_295' title='bbox 1318 4101 1407 4164; x_wconf 93' lang='lat' dir='ltr'>nichi</span> 
     </span>
     <span class='ocr_line' id='line_1_35' title="bbox 147 4206 1407 4291; baseline 0 -21"><span class='ocrx_word' id='word_1_296' title='bbox 147 4208 211 4270; x_wconf 89' lang='lat' dir='ltr'>tale</span> <span class='ocrx_word' id='word_1_297' title='bbox 236 4208 311 4287; x_wconf 81' lang='lat' dir='ltr'>egit.</span> <span class='ocrx_word' id='word_1_298' title='bbox 337 4243 376 4252; x_wconf 84' lang='lat'>—</span> <span class='ocrx_word' id='word_1_299' title='bbox 403 4206 529 4269; x_wconf 86' lang='lat' dir='ltr'>Eodem</span> <span class='ocrx_word' id='word_1_300' title='bbox 563 4206 614 4267; x_wconf 93' lang='lat' dir='ltr'>die</span> <span class='ocrx_word' id='word_1_301' title='bbox 640 4207 778 4268; x_wconf 89' lang='lat' dir='ltr'>Michael</span> <span class='ocrx_word' id='word_1_302' title='bbox 804 4207 993 4291; x_wconf 82' lang='lat' dir='ltr'>Oprasnych</span> <span class='ocrx_word' id='word_1_303' title='bbox 1027 4207 1065 4267; x_wconf 88' lang='lat' dir='ltr'>de</span> <span class='ocrx_word' id='word_1_304' title='bbox 1090 4206 1210 4287; x_wconf 90' lang='lat' dir='ltr'>judicio</span> <span class='ocrx_word' id='word_1_305' title='bbox 1236 4206 1407 4287; x_wconf 75' lang='lat' dir='ltr'>juratorum</span> 
     </span>
     <span class='ocr_line' id='line_1_36' title="bbox 148 4313 1276 4395; baseline 0 -20"><span class='ocrx_word' id='word_1_306' title='bbox 148 4334 212 4376; x_wconf 92' lang='lat' dir='ltr'>non</span> <span class='ocrx_word' id='word_1_307' title='bbox 238 4327 408 4375; x_wconf 91' lang='lat' dir='ltr'>contentus</span> <span class='ocrx_word' id='word_1_308' title='bbox 433 4333 561 4375; x_wconf 88' lang='lat' dir='ltr'>causam</span> <span class='ocrx_word' id='word_1_309' title='bbox 586 4313 688 4394; x_wconf 90' lang='lat' dir='ltr'>ipsam</span> <span class='ocrx_word' id='word_1_310' title='bbox 713 4313 753 4373; x_wconf 91' lang='lat' dir='ltr'>ad</span> <span class='ocrx_word' id='word_1_311' title='bbox 778 4313 900 4393; x_wconf 84' lang='lat' dir='ltr'>judices</span> <span class='ocrx_word' id='word_1_312' title='bbox 924 4315 1067 4374; x_wconf 90' lang='lat' dir='ltr'>seniores</span> <span class='ocrx_word' id='word_1_313' title='bbox 1091 4314 1276 4395; x_wconf 83' lang='lat' dir='ltr'>appellavit.</span> 
     </span>
    </p>
   </div>
   <div class='ocr_carea' id='block_1_2' title="bbox 270 4545 1297 4640">
    <p class='ocr_par' dir='ltr' id='par_1_3' title="bbox 270 4545 1297 4640">
     <span class='ocr_line' id='line_1_37' title="bbox 270 4545 1297 4640; baseline -0.002 -19"><span class='ocrx_word' id='word_1_314' title='bbox 270 4545 365 4623; x_wconf 82' lang='lat' dir='ltr'>Ferin</span> <span class='ocrx_word' id='word_1_315' title='bbox 393 4551 500 4623; x_wconf 89' lang='lat' dir='ltr'>tercia</span> <span class='ocrx_word' id='word_1_316' title='bbox 529 4563 606 4640; x_wconf 87' lang='lat' dir='ltr'>post</span> <span class='ocrx_word' id='word_1_317' title='bbox 634 4552 757 4623; x_wconf 82' lang='lat' dir='ltr'>festum</span> <span class='ocrx_word' id='word_1_318' title='bbox 786 4553 881 4621; x_wconf 83' lang='lat' dir='ltr'>beate</span> <span class='ocrx_word' id='word_1_319' title='bbox 911 4551 1002 4623; x_wconf 76' lang='lat' dir='ltr'>hune</span> <span class='ocrx_word' id='word_1_320' title='bbox 1030 4553 1153 4621; x_wconf 85' lang='lat' dir='ltr'>matris</span> <span class='ocrx_word' id='word_1_321' title='bbox 1183 4549 1297 4622; x_wconf 82' lang='lat' dir='ltr'>llarie.</span> 
     </span>
    </p>
   </div>
   <div class='ocr_carea' id='block_1_3' title="bbox 677 4706 885 4779">
    <p class='ocr_par' dir='ltr' id='par_1_4' title="bbox 677 4706 885 4779">
     <span class='ocr_line' id='line_1_38' title="bbox 677 4706 885 4779; baseline 0.019 -19"><span class='ocrx_word' id='word_1_322' title='bbox 677 4709 719 4777; x_wconf 83' lang='lat'>(2.</span> <span class='ocrx_word' id='word_1_323' title='bbox 744 4706 885 4779; x_wconf 63' lang='lat' dir='ltr'>irriguam).</span> 
     </span>
    </p>
   </div>
   <div class='ocr_carea' id='block_1_4' title="bbox 148 4846 1407 5037">
    <p class='ocr_par' dir='ltr' id='par_1_5' title="bbox 148 4846 1407 5037">
     <span class='ocr_line' id='line_1_39' title="bbox 255 4846 1407 4928; baseline 0.003 -20"><span class='ocrx_word' id='word_1_324' title='bbox 255 4848 406 4909; x_wconf 86' lang='lat' dir='ltr'>Seniores</span> <span class='ocrx_word' id='word_1_325' title='bbox 429 4846 551 4928; x_wconf 90' lang='lat' dir='ltr'>judices</span> <span class='ocrx_word' id='word_1_326' title='bbox 575 4848 773 4909; x_wconf 86' lang='lat' dir='ltr'>sentenciam</span> <span class='ocrx_word' id='word_1_327' title='bbox 800 4847 830 4906; x_wconf 91' lang='lat' dir='ltr'>in</span> <span class='ocrx_word' id='word_1_328' title='bbox 860 4868 952 4908; x_wconf 88' lang='lat' dir='ltr'>causa</span> <span class='ocrx_word' id='word_1_329' title='bbox 986 4849 1068 4909; x_wconf 90' lang='lat' dir='ltr'>inter</span> <span class='ocrx_word' id='word_1_330' title='bbox 1093 4848 1222 4908; x_wconf 86' lang='lat' dir='ltr'>Petrum</span> <span class='ocrx_word' id='word_1_331' title='bbox 1248 4847 1407 4911; x_wconf 79' lang='lat' dir='ltr'>literatum</span> 
     </span>
     <span class='ocr_line' id='line_1_40' title="bbox 148 4951 1407 5037; baseline 0.001 -22"><span class='ocrx_word' id='word_1_332' title='bbox 148 4969 178 5017; x_wconf 90' lang='lat' dir='ltr'>et</span> <span class='ocrx_word' id='word_1_333' title='bbox 203 4953 395 5016; x_wconf 88' lang='lat' dir='ltr'>Michaelem</span> <span class='ocrx_word' id='word_1_334' title='bbox 421 4953 613 5037; x_wconf 89' lang='lat' dir='ltr'>Oprasnych</span> <span class='ocrx_word' id='word_1_335' title='bbox 638 4974 695 5036; x_wconf 90' lang='lat' dir='ltr'>per</span> <span class='ocrx_word' id='word_1_336' title='bbox 719 4953 827 5014; x_wconf 90' lang='lat' dir='ltr'>omnia</span> <span class='ocrx_word' id='word_1_337' title='bbox 846 4951 1125 5014; x_wconf 90' lang='lat' dir='ltr'>confirmaverunt.</span> <span class='ocrx_word' id='word_1_338' title='bbox 1150 4986 1193 4996; x_wconf 94' lang='lat'><em>-</em></span> <span class='ocrx_word' id='word_1_339' title='bbox 1217 4951 1346 5016; x_wconf 88' lang='lat' dir='ltr'>Eodem</span> <span class='ocrx_word' id='word_1_340' title='bbox 1365 4955 1407 5016; x_wconf 77' lang='lat' dir='ltr'>dit</span> 
     </span>
    </p>
   </div>
   <div class='ocr_carea' id='block_1_5' title="bbox 0 0 1576 5356">
    <p class='ocr_par' dir='ltr' id='par_1_6' title="bbox 0 0 1576 5356">
     <span class='ocr_line' id='line_1_41' title="bbox 0 0 1576 5356; baseline 0 0"><span class='ocrx_word' id='word_1_341' title='bbox 0 0 1576 5356; x_wconf 95' lang='lat' dir='ltr'> </span> 
     </span>
    </p>
   </div>
  </div>
 </body>
</html>
