3142 5356
558 482 758 559 Anno1492.
784 514 825 525 -
850 493 896 558 17.
913 483 997 559 julii.

251 694 328 755 Item
361 693 454 775 jurati
487 694 763 773 adjudicaverunt,
788 695 876 775 quod
909 694 976 776 ipsa
1009 694 1143 756 Jalsicza
1175 693 1241 757 filia
1272 695 1408 759 Emerici

147 800 242 861 debet
267 801 383 882 expelli
408 801 447 861 de
465 801 592 862 civitate
617 815 648 862 et
665 801 704 861 de
724 801 885 862 territorio
904 801 1051 878 civitatis,
1075 801 1100 861 si
1125 802 1265 882 amplius
1288 814 1410 883 reperta

147 906 297 968 fueritin
323 907 494 985 territorio,
518 921 594 968 tunc
620 907 714 969 debet
743 907 900 968 comburi.

333 1143 1217 1232 lmammmpmtmmmvmmmmshmm

699 1304 743 1377 (3.
760 1298 861 1378 julia).

254 1440 288 1500 ln
313 1460 406 1501 causa
432 1441 515 1501 inter
547 1444 674 1501 Annam
708 1459 841 1501 uxorem
874 1441 1030 1501 lohannis
1061 1440 1177 1502 literati
1202 1440 1242 1501 de
1268 1440 1357 1502 Laud
1383 1454 1414 1502 et

148 1545 383 1627 Margaretham
408 1547 687 1607 sanctimonialem
713 1547 744 1607 in
769 1547 907 1608 claustro
926 1547 1267 1627 Quinqueecclesiensi
1292 1547 1413 1627 degen-

148 1667 223 1731 tem,
248 1651 329 1713 filias
353 1652 473 1713 scilicet
498 1653 635 1713 condam
669 1652 824 1714 lohannis
857 1654 947 1730 Per0,
977 1656 1016 1714 ab
1049 1673 1123 1730 una,
1148 1667 1179 1714 et
1204 1653 1414 1714 Dominicum

147 1758 248 1820 filium
275 1758 418 1820 eiusdem
445 1758 583 1819 condam
610 1759 764 1819 iohannis
789 1759 963 1842 Perowych
993 1761 1032 1820 ab
1057 1760 1155 1820 altera
1180 1761 1334 1840 partibus,
1358 1778 1415 1841 per

147 1864 267 1945 juratos
291 1865 509 1945 adjudicatum
535 1866 637 1926 extitit
662 1880 696 1927 ut
728 1867 886 1947 sequitur:
925 1866 1084 1947 Imprimis
1116 1866 1169 1927 ubi
1194 1864 1338 1948 prelatus
1362 1867 1414 1927 Jo-

149 1972 270 2034 hannes
294 1988 483 2055 procurator
501 1972 696 2055 prefatarum
722 1979 815 2033 Anne
833 1988 864 2034 et
882 1974 1081 2055 Margarethe
1106 1974 1309 2055 proponebat
1334 1973 1415 2034 inter

148 2093 251 2141 cetera
277 2081 380 2161 ipsum
407 2080 614 2140 Dominicum
642 2079 737 2140 luisse
756 2081 895 2140 divisum
919 2080 949 2140 iu
976 2080 1128 2140 omnibus
1145 2079 1239 2139 bonis
1263 2094 1328 2139 tam
1346 2098 1415 2140 mo·

148 2187 267 2248 bilibus
291 2200 321 2246 et
345 2187 557 2246 inmobilibus
581 2206 597 2245 a
624 2201 711 2266 patre
736 2206 805 2262 suo,
839 2201 869 2247 et
894 2185 925 2245 id
951 2206 982 2245 se
1008 2187 1217 2266 probaturum
1242 2185 1414 2261 asserebat,

147 2291 299 2353 deficiens
330 2308 436 2353 tamen
462 2292 493 2351 in
520 2292 726 2374 probacione,
757 2291 848 2371 jurati
883 2293 1127 2372 conperierunt,
1160 2290 1247 2371 quod
1274 2289 1416 2372 prefatus

150 2399 339 2460 Dominicus
364 2419 428 2459 non
454 2397 513 2458 luit
538 2399 660 2458 divisus
693 2413 825 2479 apatre
858 2418 916 2458 suo
943 2399 973 2458 in
1006 2398 1169 2479 aliquibus
1190 2399 1285 2458 rebus
1309 2411 1416 2478 preter

149 2505 191 2582 id,
218 2505 306 2585 quod
331 2505 390 2564 sibi
417 2505 447 2564 in
481 2505 544 2564 vita
570 2524 626 2564 sua
659 2508 701 2566 ob
733 2505 863 2565 filialem
896 2505 1107 2566 dileccionem
1133 2504 1293 2582 donasset,
1318 2517 1416 2585 prout

149 2612 265 2672 hocin
292 2624 447 2690 quaterno
473 2624 579 2670 nostre
603 2611 738 2671 civitatis
772 2612 963 2689 continetur,
1003 2612 1057 2671 sed
1082 2623 1163 2672 esset
1188 2624 1217 2671 et
1249 2622 1296 2671 est
1321 2629 1416 2670 verus

149 2716 239 2776 heres
264 2716 410 2775 omnium
436 2719 598 2776 bonorum
624 2730 830 2798 paternorum
865 2717 1072 2779 inmobilium
1099 2718 1180 2778 sicut
1206 2730 1237 2778 et
1261 2716 1341 2777 alias
1366 2714 1414 2795 ju·

148 2824 246 2883 ridice
271 2821 480 2884 hereditatem
509 2837 674 2904 paternam
709 2824 860 2902 obtinuit,
893 2839 987 2905 prout
1012 2824 1073 2884 hoc
1105 2823 1252 2884 similiter
1276 2823 1307 2883 in
1335 2841 1415 2903 qua·

147 2944 238 2990 terno
265 2942 373 2990 nostro
398 2930 591 3007 continetur,
617 2929 727 3009 nilque
746 2931 822 3011 ipsis
847 2935 941 2991 Anne
965 2944 995 2991 et
1013 2929 1212 3010 Margarethe
1238 2929 1277 2989 de
1302 2927 1415 2990 huius·

148 3036 236 3097 modi
270 3034 446 3096 hereditate
480 3036 649 3116 provenire
683 3035 859 3096 dinoscitur
891 3055 996 3116 neque
1032 3035 1147 3097 debeat
1179 3054 1215 3095 ex
1248 3053 1304 3112 ee,
1338 3035 1417 3116 quia

148 3142 285 3203 condam
312 3142 492 3223 Stephanus
517 3140 612 3202 irater
637 3142 776 3223 ipsarum
803 3162 865 3203 una
895 3142 1037 3202 cumeis
1062 3140 1126 3202 sere
1155 3141 1303 3202 universa
1328 3143 1417 3204 bona

148 3248 282 3308 mobilia
314 3248 388 3308 dicti
422 3248 560 3308 condam
594 3248 748 3308 lohannis
781 3248 955 3331 Perowych
995 3249 1092 3329 patris
1128 3249 1271 3330 ipsorum
1302 3267 1416 3310 secum

148 3368 361 3434 asportarunt,
394 3354 432 3414 de
465 3355 582 3434 quibus
613 3355 707 3414 bonis
739 3354 822 3416 dicte
855 3360 948 3437 Anna
983 3368 1013 3416 et
1045 3353 1246 3435 Margaretha
1270 3353 1416 3415 maritari

148 3459 319 3536 debebant,
353 3480 410 3540 pro
443 3461 561 3540 quibus
599 3461 682 3521 idem
718 3461 898 3542 Stephanus
930 3476 1030 3522 certas
1061 3461 1133 3522 lites
1164 3479 1237 3522 curn
1270 3457 1416 3540 Georgio

148 3564 295 3626 similiter
321 3565 415 3625 fratre
448 3567 591 3647 ipsorum
617 3567 740 3627 dudum
774 3567 936 3628 habuisset
965 3568 1046 3628 sicut
1079 3567 1261 3628 continetur
1285 3566 1317 3627 in
1343 3567 1416 3648 qui·

149 3670 282 3730 busdam
309 3671 408 3731 literis
433 3672 626 3746 arbitrariis;
652 3672 842 3734 Dominicus
867 3693 944 3733 vero
962 3674 1001 3733 de
1027 3675 1122 3734 rebus
1144 3673 1284 3754 paternis
1308 3673 1415 3734 mobi-

150 3777 233 3837 libus
257 3791 330 3857 post
354 3791 490 3838 mortem
516 3779 614 3859 patris
639 3779 682 3838 nil
708 3781 835 3860 penitus
868 3801 900 3840 se
926 3781 1043 3841 habere
1075 3794 1131 3842 aut
1155 3781 1310 3862 recepisse
1335 3779 1415 3842 alle·

148 3883 246 3963 gavit,
271 3898 400 3966 propter
424 3885 512 3965 quod
530 3886 634 3945 visum
660 3899 705 3945 est
722 3885 841 3965 juratis,
856 3887 944 3967 quod
962 3885 1103 3968 prefatus
1119 3887 1309 3948 Dominicus
1324 3886 1416 3948 solus

149 3989 252 4072 jurare
278 3991 408 4052 debebit
432 3991 471 4050 ad
497 3988 609 4052 feriam
642 4008 761 4053 sextam
787 3996 978 4074 proximam,
1011 3994 1099 4075 quod
1124 3995 1191 4076 ipse
1218 3993 1257 4054 de
1282 3991 1415 4075 prefatis

149 4099 244 4159 rebus
269 4098 313 4158 nil
339 4098 459 4179 recepit
482 4113 554 4178 post
578 4115 716 4161 mortem
748 4102 845 4181 patris
874 4103 933 4162 sui.
960 4138 998 4147 -
1026 4102 1094 4183 lpse
1120 4122 1196 4163 vero
1221 4101 1414 4163 Dominicus

148 4205 179 4264 in
205 4203 328 4284 prefato
352 4206 490 4266 termino
515 4206 730 4287 juramentum
752 4207 900 4289 deposuit
917 4223 947 4270 et
971 4228 1004 4269 se
1029 4210 1216 4291 expurgavit
1232 4223 1328 4292 prout
1351 4209 1413 4271 sibi

149 4310 368 4390 adjudicatum
393 4330 449 4393 per
473 4311 593 4392 juratus
617 4312 730 4375 fuerat.

354 4545 1208 4642 mmtmmmuhmmhmemffimm

689 4706 751 4781 (17·
768 4705 867 4781 sulti)-

266 4843 299 4904 ln
336 4863 429 4905 causa
466 4864 528 4925 que
559 4847 740 4906 vertebatur
772 4847 853 4908 inter
884 4846 1060 4928 Georgium
1092 4850 1299 4934 Wythkoych
1332 4852 1414 4915 alias

147 4947 298 5031 judicem,
312 4951 413 5011 civem
432 4951 527 5013 huius
552 4951 698 5028 civitatis,
716 4954 846 5014 nomine
863 4955 937 5015 etin
957 4975 1092 5037 persona
1111 4958 1284 5019 Katherine
1301 4960 1413 5040 puelle
