3142 5356
544 446 630 503 Anno
653 456 745 522 1504.
771 479 811 488 -
836 458 884 505 12.
901 442 1054 521 januaris.

631 655 791 737 Georgius
816 656 980 719 Zthansin.

627 762 764 823 Mathias
788 762 940 826 carnifex.

630 868 826 931 Laurencius
851 869 1114 933 Lachnowichin.

631 974 768 1036 Michaei
799 995 919 1057 sporar.

631 1079 791 1161 Georgius
815 1095 913 1144 sutor.

630 1187 776 1249 Andreas
800 1202 899 1250 sutor.

630 1293 742 1355 Petrus
767 1294 887 1357 Benak.

630 1400 821 1463 Valentinus
844 1400 995 1484 frenipar.

629 1507 783 1569 Nicolaus
807 1508 942 1572 Thotar.

633 1614 789 1676 Martinus
813 1615 963 1696 agricola.

630 1720 733 1782 Lucas
757 1721 909 1802 agricola.

630 1826 784 1888 Nicolaus
807 1841 907 1889 sutor.

630 1931 806 2013 Gregorius
830 1946 928 1995 sutor.

671 2078 791 2136 Caetera
814 2079 925 2138 desunt.

162 2271 1432 2381 hnanmhpmnmamhimmmhthmhpnmlhoemh.

577 2425 621 2489 (9.
638 2415 791 2490 farinarii,
815 2435 884 2476 ann.
910 2416 1012 2493 1504).

270 2534 374 2596 Causa
393 2537 474 2598 inter
492 2536 670 2616 Georgium
691 2536 881 2599 familiarem
901 2539 1025 2599 domini
1043 2537 1184 2599 doctoris
1207 2552 1238 2598 et
1254 2537 1432 2619 quemdam

164 2641 253 2702 Hans
278 2641 451 2720 Croacum,
477 2662 572 2723 quem
607 2645 767 2705 asserebat
792 2664 859 2705 esse
894 2643 995 2704 furem
1022 2643 1239 2725 quorumdam
1272 2662 1434 2724 equorum

162 2747 300 2808 duorum
327 2747 440 2829 prefati
466 2749 591 2809 domini
621 2749 773 2827 doctoris,
806 2750 860 2831 qui
887 2749 1048 2829 Georgius
1071 2769 1128 2832 per
1159 2749 1348 2811 mandatum
1374 2750 1434 2812 do·

162 2854 240 2915 mini
266 2855 313 2914 sui
340 2868 371 2915 et
395 2855 588 2935 quibusdam
615 2855 811 2933 hominibus,
847 2876 929 2937 quos
953 2857 1080 2918 dicebat
1103 2870 1199 2918 testes
1223 2875 1302 2934 esse,
1327 2856 1435 2918 dictus

163 2959 323 3041 Georgius
355 2959 430 3022 fecit
462 2961 596 3022 detineri
630 2976 661 3022 et
693 2962 858 3023 detentum
891 2961 1044 3042 judicari,
1079 2963 1132 3023 ubi
1159 2962 1283 3023 domini
1308 2960 1435 3042 judices

162 3086 260 3147 penes
285 3067 426 3148 ipsorum
453 3068 677 3128 attestationes
701 3069 806 3128 taliter
834 3067 1069 3146 adjudicarunt,
1095 3067 1264 3148 quomodo
1288 3066 1434 3149 prefatus

163 3170 323 3252 Georgius
347 3189 457 3234 contra
483 3173 604 3235 dictum
630 3173 720 3234 Hans
745 3173 871 3234 nullum
893 3174 1112 3235 testimonium
1139 3173 1299 3256 perhiberi
1325 3175 1435 3256 potuit

163 3279 236 3340 ideo
261 3279 347 3340 idem
372 3281 538 3341 convictus
562 3295 609 3341 est
633 3281 664 3340 in
690 3281 764 3341 vivo
790 3279 960 3361 homagio;
993 3280 1123 3341 tandem
1148 3281 1172 3341 si
1199 3280 1302 3341 dictus
1327 3278 1434 3342 Geor-

161 3385 234 3466 gius
259 3405 314 3467 per
338 3387 526 3446 mandatum
552 3387 675 3446 domini
701 3386 749 3446 sui
775 3400 805 3447 et
827 3406 883 3467 per
908 3386 1010 3447 dictos
1034 3400 1130 3448 testes
1148 3385 1222 3447 fecit
1246 3386 1382 3447 detineri
1401 3400 1434 3449 et

163 3511 235 3552 cum
261 3491 429 3552 testificare
455 3512 518 3553 non
545 3493 659 3573 potuit,
686 3493 789 3554 dictus
807 3491 967 3572 Georgius
985 3505 1098 3573 querat
1121 3491 1263 3574 prefatos
1286 3504 1382 3554 testes
1399 3508 1433 3556 et

162 3597 332 3658 dominum
365 3618 469 3659 suum.
502 3597 737 3659 illustrissimus
763 3618 837 3659 vero
870 3598 1021 3659 dominus
1053 3600 1116 3659 dux
1150 3599 1190 3660 de
1223 3595 1348 3680 prefato
1373 3597 1433 3659 ho-

163 3705 270 3784 magio
288 3705 361 3764 vivo
379 3704 438 3785 ipsi
458 3703 600 3785 Georgio
623 3705 764 3784 graciam
787 3704 871 3783 fecit,
889 3725 924 3764 ex
940 3725 1005 3785 quo
1022 3703 1163 3786 prefatus
1181 3704 1271 3765 Hans
1287 3702 1435 3767 Croacus

161 3811 237 3872 talia
262 3810 428 3871 latrocinia
454 3811 657 3893 perpetravit.

163 4003 1431 4102 &mmmmfflmmnmmmmffiffimmfflmm

672 4148 738 4226 (12.
755 4148 924 4226 januarii).

270 4272 450 4354 Stephanus
465 4292 564 4352 gener
583 4273 756 4334 Pethkonis
781 4273 819 4333 ad
839 4273 1026 4333 instanciam
1046 4269 1172 4332 Nicolai
1189 4270 1307 4331 sutoris
1323 4271 1432 4352 primo

163 4380 276 4442 citatus
301 4399 365 4440 non
392 4379 581 4459 comparuit.

270 4486 394 4546 Eodem
419 4484 471 4545 die
496 4484 643 4546 Thomas
676 4485 893 4567 carpentarius
926 4484 965 4545 ad
991 4481 1180 4544 instanciam
1214 4481 1342 4543 discreti
1373 4483 1433 4545 do·

164 4592 242 4652 mini
268 4590 424 4652 Anthonii
446 4592 579 4652 rectoris
603 4592 711 4653 altaris
729 4592 828 4652 sancti
847 4591 1002 4652 Johannis
1028 4589 1168 4671 Baptiste
1186 4588 1292 4670 primo
1316 4589 1434 4653 citatus

163 4717 227 4758 non
253 4697 443 4779 comparuit.

270 4803 414 4864 Thomas
439 4805 656 4886 carpentarius
681 4818 790 4866 contra
824 4804 997 4865 discretum
1030 4803 1200 4865 dominum
1224 4801 1430 4867 Anthonium

163 4924 318 4970 rectorem
333 4910 551 4972 altarissancti
565 4910 721 4972 Johannis
733 4911 870 4992 Baptiste
882 4910 1024 4971 secundo
1034 4911 1148 4972 citatus
1157 4930 1222 4972 non
1236 4911 1430 4993 comparuit.
