3156 5364
684 316 888 397 Ann01384.
1376 337 1412 402 17

252 531 331 593 Item
355 532 507 593 Albertus
524 530 609 592 filius
634 531 717 592 Petri
735 531 881 593 habuita
903 532 1047 594 Elizabet
1065 551 1162 593 uxore
1187 551 1243 593 sua
1268 532 1410 592 mediam

142 639 266 700 curiam
293 639 325 700 In
350 639 424 700 vico
448 637 719 715 Teutunicorum,
744 652 890 718 tempore
915 639 1097 700 Laurencii.

253 745 329 806 Item
357 744 510 805 Nicolaus
534 759 635 804 sartor
653 743 736 805 filius
762 743 882 805 Mathie
900 744 1011 806 habuit
1029 764 1126 806 unam
1150 761 1297 826 quartam
1323 746 1410 807 curie

141 873 160 912 a
186 851 283 913 Clara
309 871 408 912 uxore
432 871 487 911 sua
513 870 571 932 pro
595 850 788 928 donacione,
812 865 958 931 tempore
984 851 1165 913 Laurencii.

253 957 331 1018 Item
364 957 517 1018 dominus
549 956 712 1018 Iohannes
744 956 784 1017 de
819 957 938 1017 Pezaro
970 957 1171 1018 decretorum
1197 958 1310 1019 doctor
1334 958 1412 1019 emit

141 1083 243 1124 unam
269 1075 416 1143 quartam
440 1063 526 1123 curie
551 1082 568 1122 a
594 1062 729 1123 Nicolao
755 1063 883 1141 cIerIco,
907 1076 1053 1145 ternpore
1080 1064 1259 1127 Laurencii.

181 1244 186 1256 Ι
252 1169 330 1231 Item
355 1169 501 1230 Andreas
525 1182 614 1230 sutor
647 1167 733 1230 filius
758 1169 848 1230 Pauli
881 1170 959 1230 emit
990 1189 1087 1231 unam
1113 1184 1258 1252 quartam
1284 1172 1411 1232 curlea

141 1276 292 1338 Iohanne
317 1275 446 1353 Ferreo‚
471 1290 616 1357 tempore
643 1275 824 1337 Laurencii.

253 1382 329 1443 Item
355 1381 538 1443 Anthonius
563 1381 773 1463 ca(no)nicus,
805 1382 955 1462 magister
978 1381 1155 1464 hospitalis,
1176 1382 1288 1445 habuit
1312 1404 1328 1444 a
1354 1384 1409 1445 Di-

142 1490 229 1551 nisio
254 1490 293 1549 de
319 1488 494 1550 Moroucha
520 1489 661 1550 mediam
688 1489 821 1567 curiam,
845 1504 992 1570 tempore
1018 1490 1198 1551 Laurentii,

252 1595 329 1656 Item
363 1593 540 1675 Gregorius
570 1609 670 1655 sartor
701 1593 787 1656 filius
822 1595 988 1656 Benedicti
1020 1595 1131 1657 habuit
1160 1616 1176 1656 a
1210 1597 1410 1679 Margaretha

142 1720 248 1763 uxore
272 1721 327 1762 sua
353 1720 450 1762 unam
476 1715 622 1782 quartam
648 1701 746 1777 curie,
770 1716 915 1783 tempore
942 1702 1121 1765 laurencii.

254 1806 330 1868 Item
354 1807 440 1867 Iwan
466 1808 683 1888 carpentarius
707 1807 785 1868 emit
809 1809 849 1867 ab
867 1807 1033 1868 Anthonio
1059 1809 1175 1869 clerico
1201 1829 1298 1870 unam
1316 1829 1410 1890 quar·

141 1928 210 1974 tam
236 1932 308 1974 cum
333 1927 456 1988 octava,
480 1927 625 1994 tempore
651 1914 831 1975 Laurencii.

254 2019 329 2080 Item
357 2020 509 2080 Nicolaus
530 2019 616 2080 filius
634 2020 724 2080 Pauli
743 2021 820 2080 emit
843 2041 859 2079 a
886 2019 1032 2080 Johanne
1055 2019 1181 2104 Gracyn
1201 2041 1296 2081 unam
1315 2042 1410 2103 quar·

142 2141 211 2186 tam
237 2125 322 2185 curie
347 2140 378 2187 et
403 2125 434 2185 in
461 2126 532 2186 vico
557 2125 664 2187 lutoso
688 2127 888 2202 existentem,
913 2140 1058 2208 tempore
1085 2127 1264 2188 laurencii.

254 2230 329 2292 Item
356 2232 459 2292 Lucas
483 2245 514 2292 et
539 2231 658 2292 Paulus
690 2231 784 2294 frater
816 2251 902 2309 suus,
926 2230 1100 2310 carnifices,
1133 2249 1280 2293 emerunt
1306 2253 1404 2295 unum

142 2338 300 2420 (h)ortum
333 2341 373 2400 ab
405 2338 558 2399 Emeriko
592 2337 659 2399 filio
692 2339 814 2415 Iwank‚
847 2353 910 2399 tres
942 2353 1070 2418 quartas
1102 2339 1305 2418 continentis,
1330 2355 1408 2401 tem·

142 2465 223 2529 pore
249 2445 428 2507 Laurencii.

252 2552 329 2612 Item
355 2551 517 2632 Georgius
549 2551 767 2632 carpentarius
791 2548 876 2611 filius
908 2550 1070 2611 Valentini
1094 2552 1171 2613 emit
1193 2565 1257 2616 tros
1281 2566 1409 2634 quartas

142 2658 235 2720 curie
260 2678 276 2719 a
302 2658 432 2719 Vrbano
458 2658 690 2739 Crapcheuich,
715 2671 860 2738 tempore
887 2656 1065 2717 Laurencii.

253 2765 329 2825 Item
355 2763 529 2849 Dyonisius
562 2778 592 2825 et
617 2763 742 2824 Blasius
770 2761 855 2824 filius
880 2762 1025 2824 Cuskoni
1057 2763 1135 2823 emit
1159 2783 1255 2824 unam
1280 2766 1406 2826 vineam

142 2893 161 2932 a
191 2871 370 2952 Dragozlao
395 2869 553 2947 carnifice,
577 2885 721 2952 tempore
746 2869 926 2933 Laurencii.

254 2977 331 3040 Item
358 2978 470 3039 Petrus
494 2978 632 3059 piscator
656 2975 741 3037 filius
759 2975 912 3058 Stephani
937 2976 1014 3037 emit
1038 2996 1134 3037 unam
1160 2995 1304 3058 quartam
1322 2980 1408 3041 curie

143 3106 163 3146 a
189 3083 382 3161 Pechohleb‚
407 3101 552 3166 tempore
579 3083 759 3144 Laurencii.

253 3189 330 3251 Item
364 3191 515 3251 Nicolaus
546 3187 685 3250 carniIex
719 3189 822 3249 dictus
855 3188 958 3270 Cigan
992 3190 1104 3251 habuit
1135 3205 1273 3271 quatuor
1305 3191 1407 3253 dietas

144 3311 229 3356 terre
267 3316 283 3356 a
322 3295 520 3375 Margaretha
558 3315 651 3356 socru
682 3314 738 3354 sua
775 3310 805 3355 et
841 3293 985 3375 Georgio
1021 3295 1227 3377 calcaripam,
1262 3310 1407 3379 tempore

148 3402 327 3463 Laurencii.

253 3508 329 3570 Item
355 3509 440 3570 idem
467 3508 620 3569 Nicolaus
644 3507 755 3569 habuit
780 3509 819 3569 ab
845 3509 957 3569 eadem
984 3509 1183 3589 Margaretha
1209 3524 1240 3572 et
1265 3510 1408 3593 Georgi0

145 3614 342 3695 calcariparo
365 3634 463 3675 unam
489 3628 635 3695 quartam
663 3615 760 3692 curie,
783 3628 928 3696 tempore
954 3615 1132 3676 Laurencii

253 3720 330 3782 Item
357 3720 538 3781 Hanzlinus
561 3734 650 3781 sutor
682 3719 766 3781 filius
791 3722 920 3782 Martini
949 3721 1026 3782 emit
1058 3742 1153 3782 unam
1178 3737 1325 3784 octavam
1349 3745 1408 3806 pro

147 3847 211 3887 una
235 3841 347 3908 quarta
373 3827 460 3888 curie
485 3847 501 3887 a
527 3826 663 3888 Nicolao
688 3826 755 3888 filio
781 3826 899 3903 Deche,
927 3841 1072 3908 tempore
1098 3828 1214 3889 Donati
1239 3828 1364 3908 judicis.

254 3932 332 3994 Item
351 3932 530 4014 Gregorius
546 3934 683 3994 Woscar
707 3934 784 3994 emit
812 3953 909 3994 unam
940 3947 1085 4013 quartam
1104 3949 1134 3995 et
1158 3950 1303 3994 octavam
1322 3936 1407 3996 curie

146 4060 164 4101 a
200 4039 399 4120 Margaretha
432 4040 566 4100 muliere
599 4039 707 4101 relicta
747 4039 884 4100 condam
917 4039 1071 4100 Iohannis
1103 4040 1300 4120 Scupendar,
1326 4054 1405 4102 tem-

147 4166 225 4229 pore
251 4147 360 4208 Jacobi
387 4146 476 4208 Bole.

255 4251 332 4313 Item
366 4250 543 4332 Gregorius
576 4251 712 4311 Woscar
754 4252 831 4311 emit
867 4271 962 4311 unam
997 4252 1122 4312 vineam
1155 4272 1172 4311 a
1207 4251 1407 4332 Margaretha

146 4357 256 4419 relicta
281 4358 419 4419 condam
445 4358 603 4434 BudIzlai,
627 4372 771 4438 tempore
796 4358 955 4418 villicatus
980 4358 1117 4419 Micusii.

255 4463 330 4524 Item
357 4463 441 4524 idem
476 4463 651 4543 Gregorius
683 4464 761 4525 emit
789 4484 885 4524 unam
919 4477 1064 4544 quartam
1098 4478 1128 4524 et
1151 4479 1297 4525 octavam
1323 4464 1408 4524 curie

147 4589 165 4629 a
192 4569 355 4650 Stephano
380 4583 489 4630 nostro
512 4569 684 4649 jobagione
710 4570 749 4630 de
767 4570 893 4646 Zuibla‚
918 4584 1062 4651 ternpore
1088 4570 1170 4631 Petri
1196 4568 1253 4630 filii
1280 4569 1409 4631 Rubini.

255 4676 331 4737 Item
358 4676 443 4737 idem
470 4676 647 4757 Gregorius
672 4677 749 4738 emit
781 4695 880 4736 unum
912 4678 1074 4737 stabulum
1099 4676 1197 4755 vulgo
1221 4676 1320 4755 stagel
1346 4695 1409 4735 una

147 4802 223 4845 cum
248 4781 373 4864 (h)oreo
397 4803 415 4844 a
440 4782 599 4864 Gregorio
623 4781 691 4844 filio
717 4783 881 4857 Iohannis,
906 4797 1050 4865 tempore
1076 4782 1186 4843 Iacobi
1212 4781 1302 4842 Bole.

1309 4888 1326 4929 2
