3142 5356
146 565 206 608 tro
300 537 305 546 ’
545 544 633 601 Anno
656 543 749 619 1496.
775 574 816 583 —
840 536 871 601 8.
899 537 1014 599 martir.

717 753 813 815 lwan.

720 860 854 922 blasius.

722 967 859 1029 iwanus.

722 1072 908 1155 Gregorius.

722 1182 845 1243 Petrus.

722 1289 878 1350 Andreas.

724 1393 890 1456 Martinus.

722 1500 806 1561 BIas.

719 1606 865 1669 Mathias.

722 1712 920 1773 Franciscus.

723 1819 879 1881 Matheus.

724 1925 910 2006 Gregorius.

723 2033 857 2094 Blasius.

721 2137 865 2200 Mathko.

333 2432 430 2505 Feria
461 2432 567 2505 tercia
595 2431 749 2522 proxima
778 2440 856 2521 post
884 2430 1083 2504 dominicam
1113 2428 1219 2503 Oculi.

685 2601 730 2680 (8.
754 2605 876 2679 martit).

256 2765 361 2827 Causa
386 2765 468 2825 inter
492 2765 664 2825 discretum
686 2764 855 2824 dominum
882 2762 1051 2824 Nicolaum
1071 2762 1283 2844 presbiterum
1310 2761 1421 2824 Simo·

149 2872 233 2955 nych
258 2871 392 2950 dictum,
416 2872 456 2932 ab
482 2890 555 2949 una,
579 2884 610 2932 et
635 2870 926 2931 Malecbsutorem
951 2873 990 2930 ab
1020 2871 1130 2947 altera,
1156 2868 1284 2930 racione
1310 2870 1421 2930 cuius-

150 2979 225 3040 dam
249 2979 353 3056 vinee,
378 2998 475 3059 quam
500 2979 566 3059 ipse
601 2979 756 3058 presbiter
777 2977 929 3038 Nicolaus
961 2979 1119 3038 asserebat
1151 2995 1253 3055 suam,
1289 2976 1419 3038 Malech

148 3104 225 3147 vero
250 3105 287 3147 ex
312 3085 446 3146 adverso
470 3084 646 3166 respondit,
671 3084 757 3165 quod
785 3085 886 3164 ipsam
911 3084 1038 3144 vineam
1064 3103 1129 3145 non
1155 3083 1268 3144 habuit
1291 3097 1420 3164 apatre

149 3191 249 3273 ipsius
275 3191 398 3252 domini
432 3190 557 3251 Nicolai
589 3211 625 3250 ex
654 3191 745 3250 nullo
778 3210 874 3250 censu
908 3189 963 3251 sed
996 3190 1117 3251 abillo
1150 3189 1240 3251 cuius
1264 3186 1325 3250 tuit
1351 3190 1420 3271 ipsa

153 3297 266 3372 vinea;
290 3296 346 3357 ubi
370 3296 525 3378 presbiter
549 3297 704 3356 Nicolaus
728 3296 789 3357 hoc
813 3297 948 3377 probare
973 3297 1106 3357 minime
1132 3295 1246 3377 potuit,
1271 3295 1346 3357 ideo
1371 3295 1420 3376 ju·

152 3403 209 3464 rati
235 3402 509 3483 adjudicaverunt,
539 3403 626 3483 quod
652 3424 688 3462 ex
721 3422 786 3483 quo
819 3404 886 3483 ipse
911 3403 1063 3464 dominus
1094 3403 1247 3464 Nicolaus
1280 3404 1420 3484 probare

152 3528 216 3569 non
242 3508 356 3589 potuit,
382 3508 454 3568 ideo
480 3508 546 3589 ipse
572 3509 694 3569 Malecz
718 3508 880 3589 possideat
901 3509 1029 3570 vineam
1054 3507 1209 3590 prefatam
1235 3528 1337 3589 usque
1363 3509 1420 3570 ad·

150 3628 282 3676 ventum
309 3614 396 3675 illius
421 3615 474 3695 qui
500 3614 560 3675 sibi
586 3614 722 3676 eandem
756 3615 881 3675 vineam
914 3616 1130 3696 assignaverat
1153 3616 1421 3696 gubernandam

152 3721 191 3782 de
216 3741 281 3802 quo
306 3720 426 3800 judicio
450 3735 555 3802 partes
579 3722 673 3782 ambe
698 3735 847 3782 contente
872 3736 955 3784 sunt.

258 3846 362 3908 Causa
388 3846 470 3908 inter
494 3846 633 3908 eundem
659 3846 870 3927 presbiterum
896 3848 1067 3908 Nicolaum
1087 3846 1264 3929 Simunych
1291 3861 1321 3908 et
1341 3867 1421 3910 uxo·

152 3972 217 4013 rem
244 3953 371 4013 Martini
398 3952 609 4037 Jakchewych
635 3954 762 4014 racione
792 3954 957 4014 cuiusdam
985 3955 1075 4032 silve,
1101 3973 1199 4034 quam
1232 3954 1299 4034 ipse
1331 3974 1421 4035 pres·

152 4059 233 4120 biter
265 4059 417 4119 Nicolaus
449 4059 573 4140 prefato
607 4061 744 4121 Martino
786 4060 900 4121 marito
933 4081 991 4121 suo
1024 4061 1231 4138 vendiderat,
1263 4061 1318 4122 ubi
1351 4063 1423 4143 ipse

153 4165 308 4246 presbiter
333 4166 485 4227 Nicolaus
517 4166 654 4246 dicebat,
686 4166 774 4248 quod
808 4167 913 4227 solum
939 4187 1038 4228 unum
1071 4168 1280 4228 viennensem
1311 4168 1421 4230 eidem

152 4272 184 4333 in
209 4272 336 4352 signum
363 4273 541 4354 empcionis
565 4273 709 4335 eiusdem
733 4273 812 4334 silve
842 4274 991 4349 dedisset,
1025 4274 1158 4355 ipsaque
1185 4292 1264 4333 uxor
1288 4274 1421 4337 Martini

153 4379 291 4457 dicebat,
315 4380 403 4459 quod
437 4401 535 4440 unum
569 4380 639 4442 flor.
665 4381 768 4441 eidem
803 4381 979 4461 presbitero
1012 4381 1147 4440 Nicolao
1171 4380 1237 4461 ipse
1263 4379 1424 4443 Martinus

153 4485 304 4561 dedisset,
329 4487 523 4567 negavitque
538 4489 640 4547 dictus
664 4489 818 4568 presbiter
840 4488 1003 4564 Nicolaus,
1021 4487 1112 4565 jurati
1139 4485 1422 4567 adjudicaverunt,

134 4600 187 4653 'ut
213 4593 279 4674 ipse
305 4594 459 4674 presbiter
484 4594 637 4654 Nicolaus
662 4595 700 4654 ad
725 4592 837 4657 seriam
863 4609 983 4655 sextam
1006 4608 1077 4674 post
1101 4593 1297 4654 dominicam
1317 4593 1423 4668 Quasi

153 4699 253 4759 modo
278 4699 317 4759 ad
343 4700 575 4760 conscienciam
601 4721 690 4760 suam
717 4719 878 4761 assumere
907 4701 1036 4760 debebit
1069 4701 1157 4781 quod
1182 4699 1323 4760 eundem
1350 4700 1424 4764 flor.

153 4805 288 4886 abipso
323 4805 461 4866 Martino
495 4806 525 4866 in
559 4821 675 4867 sortem
710 4807 852 4868 eiusdem
886 4807 963 4866 silve
990 4827 1054 4866 non
1087 4806 1226 4887 recepit;
1252 4805 1277 4865 si
1302 4805 1426 4887 jurabit

153 4912 265 4973 silvam
292 4931 382 4973 suam
407 4912 564 4974 rehabuit.
