3142 5356
154 342 216 403 310
683 320 770 379 Anno
791 330 882 398 1437.

154 546 254 616 petuo
279 530 507 615 possidendam
526 544 556 592 et
580 531 753 613 superinde
775 544 821 593 est
836 530 927 592 litera
952 530 1012 592 sub
1028 529 1184 612 pendenti
1209 530 1320 612 sigillo
1338 550 1421 592 com·

153 651 320 700 munitatis
344 651 500 700 emanata.

257 760 336 822 Item
361 759 523 842 Georgius
546 773 635 822 sutor
658 759 762 822 dictus
786 759 866 838 lsalr,
889 759 1032 821 concivis
1049 773 1168 840 noster,
1192 760 1362 842 quandam
1378 762 1420 822 vi·

155 887 249 930 neam
273 886 363 929 suam
389 865 648 928 condicionalem
672 866 704 927 in
729 865 890 928 territorio
914 865 1051 928 civitatis
1075 866 1158 928 inter
1181 867 1296 928 vineas
1321 867 1421 928 Frane

153 973 421 1035 molendinatoris
438 987 469 1034 et
486 971 654 1034 Michaelis
677 992 713 1034 ac
735 971 913 1035 Clementis
930 972 1089 1054 pistorum
1105 972 1260 1053 habitam,
1286 974 1422 1056 desuper

152 1099 169 1140 a
195 1079 247 1140 via
271 1079 435 1140 communi
459 1078 617 1160 superiori
640 1091 671 1139 et
689 1077 770 1139 infra
796 1097 897 1159 usque
922 1078 963 1138 ad
982 1077 1077 1139 aliam
1103 1079 1189 1140 viam
1213 1099 1419 1142 communem

152 1183 338 1245 inferiorem
370 1204 403 1245 se
435 1184 674 1263 extendentem,
706 1186 765 1246 sub
797 1203 894 1245 censu
923 1184 1023 1245 medii
1055 1183 1125 1247 flor.
1149 1184 1220 1246 auri
1253 1186 1419 1247 annuatim

152 1289 376 1351 communitati
401 1309 456 1351 seu
481 1289 592 1352 comiti
618 1303 727 1352 nostro
744 1310 802 1373 pro
826 1303 972 1372 tempore
990 1291 1164 1352 constituto
1191 1292 1420 1373 persolvendo,

154 1394 294 1456 Martino
319 1394 406 1457 dicto
431 1395 624 1478 Sathowych
657 1395 804 1458 vendidit
837 1409 993 1478 perpetuo
1025 1395 1256 1478 possidendam
1282 1417 1321 1459 ex
1345 1418 1418 1460 coa·

152 1519 246 1561 sensu
272 1499 452 1561 vicinorum
478 1515 508 1562 et
532 1500 704 1583 superinde
734 1514 781 1562 est
812 1501 903 1562 litera
927 1503 987 1563 sub
1020 1501 1173 1584 pendenti
1198 1503 1309 1584 sigillo
1335 1524 1418 1566 com·

152 1605 318 1668 munitatis
342 1620 499 1669 emanata.

258 1730 337 1792 ltem
371 1730 564 1793 Benedictus
596 1730 718 1812 juratus
748 1729 834 1792 filius
865 1731 1050 1810 Michaelis,
1086 1733 1252 1813 quandam
1285 1734 1417 1796 domum

152 1857 243 1899 suam
268 1851 427 1898 muratam
452 1837 549 1899 simul
581 1857 655 1899 curn
687 1837 788 1899 fundo
813 1851 844 1899 et
875 1835 1032 1899 hedificiis
1066 1839 1098 1900 in
1123 1839 1208 1901 dicta
1234 1840 1362 1903 civitate
1387 1843 1417 1903 ia

152 1943 219 2004 acie
251 1943 333 2004 inter
357 1957 388 2005 et
420 1963 518 2025 penes
550 1943 684 2005 domum
719 1943 831 2005 Briccii
863 1924 978 2022 judicis
1008 1942 1066 2005 filii
1100 1944 1265 2007 Benedicti
1300 1961 1331 2009 et
1354 1947 1418 2008 vias

150 2068 339 2110 communes
382 2049 415 2110 in
448 2048 652 2130 longitudine
685 2068 787 2130 usque
819 2047 958 2111 fundum
991 2049 1091 2111 alium
1123 2050 1270 2113 eiusdem
1305 2052 1418 2114 Briccii

152 2154 267 2236 judicis
290 2154 444 2234 habitam,
467 2156 527 2217 tria
543 2156 700 2237 quartalia
722 2156 808 2216 curie
825 2157 857 2216 in
874 2176 906 2216 se
924 2157 1155 2236 continentem,
1173 2157 1298 2219 Briccio
1316 2160 1417 2241 pisca-

151 2262 212 2323 tori
237 2260 304 2323 filio
329 2262 486 2324 lohannis
520 2281 578 2343 pro
607 2276 691 2323 certa
723 2262 934 2344 pecuniarum
966 2263 1144 2344 quantitate
1177 2264 1325 2326 vendidit
1350 2285 1417 2348 per·

151 2381 249 2449 petuo
274 2368 504 2451 possidendam
528 2388 566 2429 ex
595 2386 753 2429 consensu
785 2368 964 2430 vicinorum
998 2369 1218 2450 predictorum
1254 2385 1286 2433 et
1309 2390 1416 2454 super·

151 2473 227 2535 inde
251 2487 298 2535 est
321 2474 413 2536 litera
438 2475 497 2535 sub
521 2473 676 2556 pendenti
700 2474 808 2555 sigillo
838 2474 1077 2536 communitatis
1101 2489 1261 2537 emanata.

186 2710 268 2782 llem
297 2714 329 2781 in
359 2711 444 2783 festo
474 2709 730 2784 Purificacionls
759 2711 902 2801 gloriose
930 2733 1062 2803 semper
1089 2711 1233 2802 virginis
1262 2714 1381 2786 llarie.

658 2877 699 2940 (2.
716 2866 892 2943 februario.

258 3004 336 3066 ltem
362 3003 518 3066 medietas
542 3005 708 3067 cuiusdam
741 3006 867 3087 domus,
893 3006 995 3088 fundi,
1019 3009 1192 3090 celariique
1216 3009 1417 3076 subterranei

150 3131 186 3172 ac
211 3110 435 3172 hedificiorum
455 3109 486 3170 in
513 3110 597 3173 dicta
614 3112 741 3174 civitate
759 3113 841 3174 inter
864 3114 979 3176 domos
996 3115 1108 3176 Vrsule
1126 3115 1236 3177 relicte
1261 3115 1418 3197 Stephani

150 3232 181 3280 et
208 3219 335 3280 discreti
367 3217 426 3278 viri
459 3217 583 3279 domini
615 3219 700 3281 Petri
725 3221 848 3282 Nowak
879 3221 996 3300 habite,
1032 3222 1143 3305 porcio
1168 3222 1321 3284 videlicet
1346 3223 1417 3285 Ste-

150 3323 249 3405 phani
274 3324 349 3385 dicti
376 3323 497 3384 Malecz
528 3322 585 3384 filii
615 3324 776 3386 Valentini
807 3325 997 3409 Gobynich,
1031 3347 1127 3389 unam
1152 3341 1299 3410 quartam
1331 3331 1419 3391 curie

152 3430 182 3490 in
208 3451 240 3491 se
266 3431 445 3508 continens,
463 3430 636 3492 Valentino
655 3433 865 3495 Merkadanth
889 3432 957 3496 lilio
973 3435 1065 3496 Pauli
1081 3436 1179 3497 aliam
1204 3435 1416 3497 medietatem

151 3537 295 3598 eiusdem
321 3537 447 3613 domus,
479 3535 582 3616 fundi,
615 3539 722 3599 celarii
751 3553 781 3599 et
813 3539 1048 3620 hedificiorum,
1080 3561 1178 3603 unam
1203 3541 1418 3603 consimiliter

152 3657 298 3723 quartam
334 3643 421 3703 curie
446 3643 476 3702 in
502 3663 534 3702 se
560 3645 778 3706 continentem
809 3645 997 3727 possidenti,
1029 3667 1085 3730 per
1116 3648 1318 3729 legacionem
1345 3668 1418 3730 pre·

150 3749 225 3811 dicti
252 3750 404 3832 Stephani
431 3750 553 3811 Malecz
578 3766 623 3811 est
647 3751 889 3833 privilegialiter
913 3752 1099 3815 confirmata
1124 3769 1155 3816 et
1178 3753 1354 3836 superinde
1379 3755 1417 3815 li·

150 3869 217 3918 tera
240 3859 299 3918 sub
323 3857 477 3939 pendenti
502 3856 609 3937 sigillo
634 3859 875 3921 communitatis
899 3873 1056 3921 emanata.

256 3983 333 4044 ltem
358 3983 505 4043 Thomas
538 3981 621 4044 filius
645 3984 728 4044 Iwan
755 3983 887 4046 Obalise
922 3985 1086 4066 quandam
1109 4005 1199 4047 suam
1224 3987 1415 4068 porcionem

149 4090 307 4150 vinealem
333 4090 364 4150 in
390 4090 549 4150 territorio
567 4090 701 4150 civitatis
717 4091 800 4151 inter
817 4091 925 4151 vineas
946 4091 1123 4154 liberorum
1148 4092 1290 4154 condam
1307 4092 1412 4156 Cusse

149 4198 292 4258 mulieris
317 4211 348 4259 et
373 4197 456 4257 Petri
490 4196 603 4276 judicis
638 4199 736 4259 nostri
769 4197 917 4259 moderni
951 4196 1009 4259 filii
1034 4199 1136 4278 Pauli,
1160 4218 1217 4281 per
1241 4213 1344 4261 metas
1368 4222 1417 4263 ar-

149 4307 263 4365 borum
289 4305 321 4364 in
346 4304 436 4364 litera
454 4302 627 4385 superinde
652 4303 796 4366 confecta
814 4323 1047 4385 expressarum,
1072 4307 1131 4366 sub
1155 4325 1252 4368 censu
1276 4307 1414 4388 quadra·

147 4412 235 4493 ginta
260 4410 467 4471 denariorum
486 4409 606 4470 usualis
630 4425 758 4470 monete
776 4430 834 4492 pro
850 4424 996 4492 tempore
1017 4413 1184 4488 currentis,
1201 4427 1308 4474 nostre
1325 4433 1414 4475 com·

148 4516 295 4577 munitati
329 4516 493 4577 annuatim
526 4535 651 4597 semper
683 4516 910 4596 persolvendo,
942 4515 1065 4597 prefato
1097 4517 1192 4578 Petro
1223 4517 1321 4599 judici
1355 4539 1414 4601 pro

147 4623 247 4684 tribus
272 4622 341 4684 flor.
375 4623 442 4684 auri
477 4622 623 4683 vendidit
653 4637 808 4704 perpetuo
840 4621 1080 4703 possidendam,
1109 4637 1140 4683 et
1170 4622 1343 4705 superinde
1368 4638 1414 4686 est

148 4729 238 4790 litera
265 4731 323 4790 sub
347 4729 500 4812 pendenti
526 4727 632 4810 sigillo
657 4728 897 4791 communitatis
921 4742 1078 4792 emanata.
