<?xml version="1.0" encoding="UTF-8"?>
<!DOCTYPE html PUBLIC "-//W3C//DTD XHTML 1.0 Transitional//EN"
    "http://www.w3.org/TR/xhtml1/DTD/xhtml1-transitional.dtd">
<html xmlns="http://www.w3.org/1999/xhtml" xml:lang="en" lang="en">
 <head>
  <title>
</title>
<meta http-equiv="Content-Type" content="text/html;charset=utf-8" />
  <meta name='ocr-system' content='tesseract 3.04.00' />
  <meta name='ocr-capabilities' content='ocr_page ocr_carea ocr_par ocr_line ocrx_word'/>
</head>
<body>
  <div class='ocr_page' id='page_1' title='image "./monumentahistor17laszgoog_0100.png"; bbox 0 0 3142 5356; ppageno 0'>
   <div class='ocr_carea' id='block_1_1' title="bbox 462 456 1339 539">
    <p class='ocr_par' dir='ltr' id='par_1_1' title="bbox 462 456 1339 539">
     <span class='ocr_line' id='line_1_1' title="bbox 462 456 1339 539; baseline -0.002 -22"><span class='ocrx_word' id='word_1_1' title='bbox 462 456 668 535; x_wconf 76' lang='lat' dir='ltr'>Ann01488‚</span> <span class='ocrx_word' id='word_1_2' title='bbox 696 495 734 503; x_wconf 97' lang='lat'><em>-</em></span> <span class='ocrx_word' id='word_1_3' title='bbox 760 475 811 536; x_wconf 78' lang='lat'>19.</span> <span class='ocrx_word' id='word_1_4' title='bbox 835 461 944 517; x_wconf 69' lang='lat' dir='ltr'>martii.</span> <span class='ocrx_word' id='word_1_5' title='bbox 1302 480 1339 539; x_wconf 83' lang='lat'>53</span> 
     </span>
    </p>
   </div>
   <div class='ocr_carea' id='block_1_2' title="bbox 90 671 1336 4467">
    <p class='ocr_par' dir='ltr' id='par_1_2' title="bbox 99 671 1336 860">
     <span class='ocr_line' id='line_1_2' title="bbox 181 671 1336 750; baseline 0.001 -19"><span class='ocrx_word' id='word_1_6' title='bbox 181 671 279 732; x_wconf 82' lang='lat' dir='ltr'>Causa</span> <span class='ocrx_word' id='word_1_7' title='bbox 306 671 389 730; x_wconf 89' lang='lat' dir='ltr'>inter</span> <span class='ocrx_word' id='word_1_8' title='bbox 414 671 583 730; x_wconf 78' lang='lat' dir='ltr'>Nicolaum</span> <span class='ocrx_word' id='word_1_9' title='bbox 605 672 830 750; x_wconf 81' lang='lat' dir='ltr'>calcariparem</span> <span class='ocrx_word' id='word_1_10' title='bbox 858 687 888 730; x_wconf 91' lang='lat' dir='ltr'>et</span> <span class='ocrx_word' id='word_1_11' title='bbox 914 675 1048 731; x_wconf 86' lang='lat' dir='ltr'>alterum</span> <span class='ocrx_word' id='word_1_12' title='bbox 1078 674 1245 732; x_wconf 77' lang='lat' dir='ltr'>Nicolaum</span> <span class='ocrx_word' id='word_1_13' title='bbox 1274 673 1336 732; x_wconf 80' lang='lat' dir='ltr'>lla-</span> 
     </span>
     <span class='ocr_line' id='line_1_3' title="bbox 99 772 498 860; baseline 0.015 -26"><span class='ocrx_word' id='word_1_14' title='bbox 99 772 217 860; x_wconf 78' lang='lat' dir='ltr'>lychych,</span> <span class='ocrx_word' id='word_1_15' title='bbox 240 778 355 839; x_wconf 90' lang='lat' dir='ltr'>citacio</span> <span class='ocrx_word' id='word_1_16' title='bbox 384 780 498 858; x_wconf 82' lang='lat' dir='ltr'>prima.</span> 
     </span>
    </p>

    <p class='ocr_par' dir='ltr' id='par_1_3' title="bbox 100 882 1336 1081">
     <span class='ocr_line' id='line_1_4' title="bbox 181 882 1336 962; baseline 0.001 -17"><span class='ocrx_word' id='word_1_17' title='bbox 181 882 280 946; x_wconf 83' lang='lat' dir='ltr'><strong>Causa</strong></span> <span class='ocrx_word' id='word_1_18' title='bbox 307 884 389 945; x_wconf 90' lang='lat' dir='ltr'>inter</span> <span class='ocrx_word' id='word_1_19' title='bbox 421 884 520 946; x_wconf 87' lang='lat' dir='ltr'>Jwrse</span> <span class='ocrx_word' id='word_1_20' title='bbox 553 886 744 961; x_wconf 83' lang='lat' dir='ltr'>institorem,</span> <span class='ocrx_word' id='word_1_21' title='bbox 779 885 873 960; x_wconf 72' lang='lat' dir='ltr'>laven,</span> <span class='ocrx_word' id='word_1_22' title='bbox 900 885 1076 962; x_wconf 78' lang='lat' dir='ltr'>Georgium</span> <span class='ocrx_word' id='word_1_23' title='bbox 1111 887 1150 946; x_wconf 92' lang='lat' dir='ltr'>de</span> <span class='ocrx_word' id='word_1_24' title='bbox 1176 886 1336 947; x_wconf 89' lang='lat' dir='ltr'>Zamobor</span> 
     </span>
     <span class='ocr_line' id='line_1_5' title="bbox 100 985 1333 1081; baseline 0.007 -37"><span class='ocrx_word' id='word_1_25' title='bbox 100 997 123 1044; x_wconf 82' lang='lat' dir='ltr'>ct</span> <span class='ocrx_word' id='word_1_26' title='bbox 140 985 286 1081; x_wconf 83' lang='lat' dir='ltr'>dominam</span> <span class='ocrx_word' id='word_1_27' title='bbox 306 988 506 1050; x_wconf 88' lang='lat' dir='ltr'>Dorotheam</span> <span class='ocrx_word' id='word_1_28' title='bbox 532 990 674 1052; x_wconf 85' lang='lat' dir='ltr'>relictam</span> <span class='ocrx_word' id='word_1_29' title='bbox 692 990 829 1050; x_wconf 85' lang='lat' dir='ltr'>condam</span> <span class='ocrx_word' id='word_1_30' title='bbox 847 991 940 1050; x_wconf 84' lang='lat' dir='ltr'>Blasii</span> <span class='ocrx_word' id='word_1_31' title='bbox 962 991 1070 1072; x_wconf 81' lang='lat' dir='ltr'>Slany,</span> <span class='ocrx_word' id='word_1_32' title='bbox 1090 992 1191 1070; x_wconf 88' lang='lat' dir='ltr'>prima</span> <span class='ocrx_word' id='word_1_33' title='bbox 1210 992 1333 1054; x_wconf 87' lang='lat' dir='ltr'>citacio.</span> 
     </span>
    </p>

    <p class='ocr_par' dir='ltr' id='par_1_4' title="bbox 99 1094 1336 2348">
     <span class='ocr_line' id='line_1_6' title="bbox 179 1094 1336 1179; baseline 0.001 -22"><span class='ocrx_word' id='word_1_34' title='bbox 179 1094 277 1157; x_wconf 88' lang='lat' dir='ltr'>Causa</span> <span class='ocrx_word' id='word_1_35' title='bbox 303 1096 387 1157; x_wconf 87' lang='lat' dir='ltr'>inter</span> <span class='ocrx_word' id='word_1_36' title='bbox 412 1095 591 1157; x_wconf 86' lang='lat' dir='ltr'>Fabianum</span> <span class='ocrx_word' id='word_1_37' title='bbox 626 1095 797 1178; x_wconf 81' lang='lat' dir='ltr'>pellificem</span> <span class='ocrx_word' id='word_1_38' title='bbox 830 1111 860 1156; x_wconf 91' lang='lat' dir='ltr'>et</span> <span class='ocrx_word' id='word_1_39' title='bbox 885 1096 1063 1156; x_wconf 82' lang='lat' dir='ltr'>Fabianam</span> <span class='ocrx_word' id='word_1_40' title='bbox 1091 1096 1263 1179; x_wconf 81' lang='lat' dir='ltr'>Sypchych</span> <span class='ocrx_word' id='word_1_41' title='bbox 1289 1117 1336 1158; x_wconf 91' lang='lat' dir='ltr'>ra·</span> 
     </span>
     <span class='ocr_line' id='line_1_7' title="bbox 100 1193 1335 1284; baseline 0.01 -32"><span class='ocrx_word' id='word_1_42' title='bbox 100 1193 168 1260; x_wconf 89' lang='lat' dir='ltr'>cione</span> <span class='ocrx_word' id='word_1_43' title='bbox 187 1202 401 1283; x_wconf 89' lang='lat' dir='ltr'>quorumdam</span> <span class='ocrx_word' id='word_1_44' title='bbox 426 1221 585 1283; x_wconf 91' lang='lat' dir='ltr'>equorum</span> <span class='ocrx_word' id='word_1_45' title='bbox 609 1216 810 1284; x_wconf 88' lang='lat' dir='ltr'>receptorum</span> <span class='ocrx_word' id='word_1_46' title='bbox 836 1202 946 1283; x_wconf 91' lang='lat' dir='ltr'>aliquo</span> <span class='ocrx_word' id='word_1_47' title='bbox 964 1217 1108 1284; x_wconf 87' lang='lat' dir='ltr'>tempore</span> <span class='ocrx_word' id='word_1_48' title='bbox 1137 1223 1192 1284; x_wconf 90' lang='lat' dir='ltr'>per</span> <span class='ocrx_word' id='word_1_49' title='bbox 1216 1203 1335 1264; x_wconf 90' lang='lat' dir='ltr'>tricesi-</span> 
     </span>
     <span class='ocr_line' id='line_1_8' title="bbox 100 1299 1335 1390; baseline 0.006 -28"><span class='ocrx_word' id='word_1_50' title='bbox 100 1318 213 1387; x_wconf 86' lang='lat' dir='ltr'>matores,</span> <span class='ocrx_word' id='word_1_51' title='bbox 235 1308 330 1388; x_wconf 82' lang='lat' dir='ltr'>jurati</span> <span class='ocrx_word' id='word_1_52' title='bbox 359 1308 623 1388; x_wconf 84' lang='lat' dir='ltr'>adjudicaverunt</span> <span class='ocrx_word' id='word_1_53' title='bbox 655 1310 709 1370; x_wconf 90' lang='lat' dir='ltr'>tali</span> <span class='ocrx_word' id='word_1_54' title='bbox 728 1310 827 1370; x_wconf 92' lang='lat' dir='ltr'>modo</span> <span class='ocrx_word' id='word_1_55' title='bbox 852 1309 1027 1370; x_wconf 88' lang='lat' dir='ltr'>secundum</span> <span class='ocrx_word' id='word_1_56' title='bbox 1047 1307 1217 1370; x_wconf 70' lang='lat' dir='ltr'>sessionem</span> <span class='ocrx_word' id='word_1_57' title='bbox 1237 1299 1335 1390; x_wconf 89' lang='lat' dir='ltr'>ipsius</span> 
     </span>
     <span class='ocr_line' id='line_1_9' title="bbox 101 1404 1333 1499; baseline 0.01 -35"><span class='ocrx_word' id='word_1_58' title='bbox 101 1404 202 1474; x_wconf 87' lang='lat' dir='ltr'>Fabiani</span> <span class='ocrx_word' id='word_1_59' title='bbox 219 1414 399 1499; x_wconf 81' lang='lat' dir='ltr'>Sypclrych‚</span> <span class='ocrx_word' id='word_1_60' title='bbox 424 1414 511 1496; x_wconf 95' lang='lat' dir='ltr'>quod</span> <span class='ocrx_word' id='word_1_61' title='bbox 530 1415 616 1476; x_wconf 90' lang='lat' dir='ltr'>idern</span> <span class='ocrx_word' id='word_1_62' title='bbox 640 1415 801 1476; x_wconf 84' lang='lat' dir='ltr'>Fabianus</span> <span class='ocrx_word' id='word_1_63' title='bbox 819 1415 988 1498; x_wconf 85' lang='lat' dir='ltr'>Sypchych</span> <span class='ocrx_word' id='word_1_64' title='bbox 1007 1416 1169 1476; x_wconf 80' lang='lat' dir='ltr'>debuisset</span> <span class='ocrx_word' id='word_1_65' title='bbox 1194 1416 1333 1476; x_wconf 90' lang='lat' dir='ltr'>eundem</span> 
     </span>
     <span class='ocr_line' id='line_1_10' title="bbox 101 1521 1335 1604; baseline 0.004 -25"><span class='ocrx_word' id='word_1_66' title='bbox 101 1528 232 1595; x_wconf 74' lang='lat' dir='ltr'>expectare</span> <span class='ocrx_word' id='word_1_67' title='bbox 256 1521 343 1603; x_wconf 89' lang='lat' dir='ltr'>apud</span> <span class='ocrx_word' id='word_1_68' title='bbox 368 1536 510 1583; x_wconf 84' lang='lat' dir='ltr'>sanctam</span> <span class='ocrx_word' id='word_1_69' title='bbox 536 1522 675 1583; x_wconf 87' lang='lat' dir='ltr'>Crucem</span> <span class='ocrx_word' id='word_1_70' title='bbox 709 1542 764 1604; x_wconf 90' lang='lat' dir='ltr'>per</span> <span class='ocrx_word' id='word_1_71' title='bbox 796 1523 883 1604; x_wconf 90' lang='lat' dir='ltr'>ipsos</span> <span class='ocrx_word' id='word_1_72' title='bbox 907 1523 989 1583; x_wconf 90' lang='lat' dir='ltr'>duos</span> <span class='ocrx_word' id='word_1_73' title='bbox 1020 1523 1128 1584; x_wconf 89' lang='lat' dir='ltr'>locum</span> <span class='ocrx_word' id='word_1_74' title='bbox 1153 1523 1335 1604; x_wconf 90' lang='lat' dir='ltr'>deputatos,</span> 
     </span>
     <span class='ocr_line' id='line_1_11' title="bbox 103 1614 1332 1710; baseline 0.013 -36"><span class='ocrx_word' id='word_1_75' title='bbox 103 1614 164 1683; x_wconf 89' lang='lat' dir='ltr'>iden</span> <span class='ocrx_word' id='word_1_76' title='bbox 184 1627 342 1689; x_wconf 84' lang='lat' dir='ltr'>Fabianus</span> <span class='ocrx_word' id='word_1_77' title='bbox 365 1626 496 1709; x_wconf 83' lang='lat' dir='ltr'>pellifex</span> <span class='ocrx_word' id='word_1_78' title='bbox 514 1629 602 1689; x_wconf 88' lang='lat' dir='ltr'>venit</span> <span class='ocrx_word' id='word_1_79' title='bbox 626 1629 665 1689; x_wconf 91' lang='lat' dir='ltr'>ad</span> <span class='ocrx_word' id='word_1_80' title='bbox 684 1629 862 1709; x_wconf 89' lang='lat' dir='ltr'>predictum</span> <span class='ocrx_word' id='word_1_81' title='bbox 888 1630 995 1689; x_wconf 85' lang='lat' dir='ltr'>locum</span> <span class='ocrx_word' id='word_1_82' title='bbox 1023 1629 1127 1710; x_wconf 90' lang='lat' dir='ltr'>ipsum</span> <span class='ocrx_word' id='word_1_83' title='bbox 1154 1629 1332 1690; x_wconf 90' lang='lat' dir='ltr'>Fabianum</span> 
     </span>
     <span class='ocr_line' id='line_1_12' title="bbox 99 1721 1327 1816; baseline 0.007 -27"><span class='ocrx_word' id='word_1_84' title='bbox 99 1721 231 1814; x_wconf 78' lang='lat' dir='ltr'>Sypchych</span> <span class='ocrx_word' id='word_1_85' title='bbox 245 1733 367 1795; x_wconf 87' lang='lat' dir='ltr'>ibidem</span> <span class='ocrx_word' id='word_1_86' title='bbox 385 1754 451 1795; x_wconf 90' lang='lat' dir='ltr'>non</span> <span class='ocrx_word' id='word_1_87' title='bbox 465 1735 597 1811; x_wconf 78' lang='lat' dir='ltr'>invenit,</span> <span class='ocrx_word' id='word_1_88' title='bbox 615 1749 731 1796; x_wconf 83' lang='lat' dir='ltr'>cotunc</span> <span class='ocrx_word' id='word_1_89' title='bbox 746 1736 944 1796; x_wconf 88' lang='lat' dir='ltr'>devenerunt</span> <span class='ocrx_word' id='word_1_90' title='bbox 962 1737 1206 1796; x_wconf 87' lang='lat' dir='ltr'>tricesimatores</span> <span class='ocrx_word' id='word_1_91' title='bbox 1225 1756 1327 1816; x_wconf 89' lang='lat' dir='ltr'>equos</span> 
     </span>
     <span class='ocr_line' id='line_1_13' title="bbox 99 1840 1327 1922; baseline 0.012 -35"><span class='ocrx_word' id='word_1_92' title='bbox 99 1847 268 1916; x_wconf 82' lang='lat' dir='ltr'>receperunt3</span> <span class='ocrx_word' id='word_1_93' title='bbox 293 1840 486 1922; x_wconf 88' lang='lat' dir='ltr'>quiquidem</span> <span class='ocrx_word' id='word_1_94' title='bbox 504 1842 578 1922; x_wconf 90' lang='lat' dir='ltr'>equi</span> <span class='ocrx_word' id='word_1_95' title='bbox 604 1857 678 1902; x_wconf 90' lang='lat' dir='ltr'>sunt</span> <span class='ocrx_word' id='word_1_96' title='bbox 702 1842 816 1921; x_wconf 87' lang='lat' dir='ltr'>perditi</span> <span class='ocrx_word' id='word_1_97' title='bbox 842 1862 897 1917; x_wconf 86' lang='lat' dir='ltr'>per</span> <span class='ocrx_word' id='word_1_98' title='bbox 915 1843 1173 1904; x_wconf 87' lang='lat' dir='ltr'>absentacionem</span> <span class='ocrx_word' id='word_1_99' title='bbox 1192 1842 1327 1903; x_wconf 90' lang='lat' dir='ltr'>Fabiani</span> 
     </span>
     <span class='ocr_line' id='line_1_14' title="bbox 100 1931 1332 2029; baseline 0.005 -27"><span class='ocrx_word' id='word_1_100' title='bbox 100 1931 250 2026; x_wconf 78' lang='lat' dir='ltr'>Sypchych3</span> <span class='ocrx_word' id='word_1_101' title='bbox 275 1966 371 2028; x_wconf 91' lang='lat' dir='ltr'>super</span> <span class='ocrx_word' id='word_1_102' title='bbox 388 1966 455 2028; x_wconf 93' lang='lat' dir='ltr'>quo</span> <span class='ocrx_word' id='word_1_103' title='bbox 480 1947 642 2008; x_wconf 85' lang='lat' dir='ltr'>Fabianus</span> <span class='ocrx_word' id='word_1_104' title='bbox 660 1944 788 2028; x_wconf 85' lang='lat' dir='ltr'>pellifex</span> <span class='ocrx_word' id='word_1_105' title='bbox 807 1948 902 2009; x_wconf 91' lang='lat' dir='ltr'>debet</span> <span class='ocrx_word' id='word_1_106' title='bbox 927 1947 1144 2027; x_wconf 89' lang='lat' dir='ltr'>juramentum</span> <span class='ocrx_word' id='word_1_107' title='bbox 1170 1947 1332 2029; x_wconf 86' lang='lat' dir='ltr'>deponere</span> 
     </span>
     <span class='ocr_line' id='line_1_15' title="bbox 100 2037 1330 2135; baseline 0.004 -27"><span class='ocrx_word' id='word_1_108' title='bbox 100 2037 123 2099; x_wconf 91' lang='lat' dir='ltr'>in</span> <span class='ocrx_word' id='word_1_109' title='bbox 140 2065 178 2111; x_wconf 84' lang='lat' dir='ltr'>ara</span> <span class='ocrx_word' id='word_1_110' title='bbox 206 2067 313 2114; x_wconf 88' lang='lat' dir='ltr'>sancte</span> <span class='ocrx_word' id='word_1_111' title='bbox 346 2048 460 2117; x_wconf 86' lang='lat' dir='ltr'>Crucis</span> <span class='ocrx_word' id='word_1_112' title='bbox 494 2052 571 2114; x_wconf 86' lang='lat' dir='ltr'>feria</span> <span class='ocrx_word' id='word_1_113' title='bbox 607 2069 694 2114; x_wconf 86' lang='lat' dir='ltr'>sexta</span> <span class='ocrx_word' id='word_1_114' title='bbox 728 2055 874 2135; x_wconf 89' lang='lat' dir='ltr'>proxima</span> <span class='ocrx_word' id='word_1_115' title='bbox 908 2069 978 2134; x_wconf 88' lang='lat' dir='ltr'>post</span> <span class='ocrx_word' id='word_1_116' title='bbox 1008 2054 1204 2114; x_wconf 88' lang='lat' dir='ltr'>dominicam</span> <span class='ocrx_word' id='word_1_117' title='bbox 1231 2054 1330 2126; x_wconf 86' lang='lat' dir='ltr'>Quasi</span> 
     </span>
     <span class='ocr_line' id='line_1_16' title="bbox 99 2152 1327 2242; baseline 0.004 -27"><span class='ocrx_word' id='word_1_118' title='bbox 99 2152 169 2215; x_wconf 75' lang='lat' dir='ltr'>modo</span> <span class='ocrx_word' id='word_1_119' title='bbox 185 2160 282 2238; x_wconf 87' lang='lat' dir='ltr'>geniti</span> <span class='ocrx_word' id='word_1_120' title='bbox 309 2160 459 2240; x_wconf 88' lang='lat' dir='ltr'>quitquid</span> <span class='ocrx_word' id='word_1_121' title='bbox 485 2159 600 2222; x_wconf 89' lang='lat' dir='ltr'>exinde</span> <span class='ocrx_word' id='word_1_122' title='bbox 624 2160 802 2242; x_wconf 92' lang='lat' dir='ltr'>dampnum</span> <span class='ocrx_word' id='word_1_123' title='bbox 832 2181 942 2241; x_wconf 88' lang='lat' dir='ltr'>passus</span> <span class='ocrx_word' id='word_1_124' title='bbox 968 2176 1033 2235; x_wconf 86' lang='lat' dir='ltr'>est;</span> <span class='ocrx_word' id='word_1_125' title='bbox 1061 2161 1222 2220; x_wconf 89' lang='lat' dir='ltr'>Fabianus</span> <span class='ocrx_word' id='word_1_126' title='bbox 1248 2160 1327 2242; x_wconf 78' lang='lat' dir='ltr'>Syp-</span> 
     </span>
     <span class='ocr_line' id='line_1_17' title="bbox 99 2251 1224 2348; baseline 0.005 -27"><span class='ocrx_word' id='word_1_127' title='bbox 99 2251 170 2337; x_wconf 70' lang='lat' dir='ltr'>chich</span> <span class='ocrx_word' id='word_1_128' title='bbox 190 2265 226 2326; x_wconf 92' lang='lat' dir='ltr'>de</span> <span class='ocrx_word' id='word_1_129' title='bbox 251 2265 497 2344; x_wconf 84' lang='lat' dir='ltr'>adjudicacione</span> <span class='ocrx_word' id='word_1_130' title='bbox 522 2287 586 2328; x_wconf 94' lang='lat' dir='ltr'>non</span> <span class='ocrx_word' id='word_1_131' title='bbox 613 2281 783 2329; x_wconf 88' lang='lat' dir='ltr'>contentus</span> <span class='ocrx_word' id='word_1_132' title='bbox 807 2268 846 2327; x_wconf 87' lang='lat' dir='ltr'>ad</span> <span class='ocrx_word' id='word_1_133' title='bbox 872 2268 1016 2327; x_wconf 86' lang='lat' dir='ltr'>seniores</span> <span class='ocrx_word' id='word_1_134' title='bbox 1040 2267 1224 2348; x_wconf 89' lang='lat' dir='ltr'>appellavit.</span> 
     </span>
    </p>

    <p class='ocr_par' dir='ltr' id='par_1_5' title="bbox 98 2369 1329 3073">
     <span class='ocr_line' id='line_1_18' title="bbox 174 2369 1329 2454; baseline -0.001 -21"><span class='ocrx_word' id='word_1_135' title='bbox 174 2369 272 2433; x_wconf 90' lang='lat' dir='ltr'>Causa</span> <span class='ocrx_word' id='word_1_136' title='bbox 299 2373 381 2432; x_wconf 90' lang='lat' dir='ltr'>inter</span> <span class='ocrx_word' id='word_1_137' title='bbox 414 2371 592 2454; x_wconf 84' lang='lat' dir='ltr'>Georgium</span> <span class='ocrx_word' id='word_1_138' title='bbox 625 2388 766 2434; x_wconf 86' lang='lat' dir='ltr'>sutorem</span> <span class='ocrx_word' id='word_1_139' title='bbox 799 2388 831 2434; x_wconf 79' lang='lat' dir='ltr'>ct</span> <span class='ocrx_word' id='word_1_140' title='bbox 862 2374 1025 2434; x_wconf 88' lang='lat' dir='ltr'>Andream</span> <span class='ocrx_word' id='word_1_141' title='bbox 1059 2373 1256 2454; x_wconf 89' lang='lat' dir='ltr'>bursiparem</span> <span class='ocrx_word' id='word_1_142' title='bbox 1282 2392 1329 2432; x_wconf 89' lang='lat' dir='ltr'>ra-</span> 
     </span>
     <span class='ocr_line' id='line_1_19' title="bbox 99 2463 1329 2566; baseline 0.014 -45"><span class='ocrx_word' id='word_1_143' title='bbox 99 2463 164 2534; x_wconf 80' lang='lat' dir='ltr'>ciana</span> <span class='ocrx_word' id='word_1_144' title='bbox 182 2479 404 2558; x_wconf 89' lang='lat' dir='ltr'>percussionis,</span> <span class='ocrx_word' id='word_1_145' title='bbox 430 2480 518 2560; x_wconf 94' lang='lat' dir='ltr'>quod</span> <span class='ocrx_word' id='word_1_146' title='bbox 550 2480 636 2541; x_wconf 92' lang='lat' dir='ltr'>idem</span> <span class='ocrx_word' id='word_1_147' title='bbox 669 2480 815 2540; x_wconf 85' lang='lat' dir='ltr'>Andreas</span> <span class='ocrx_word' id='word_1_148' title='bbox 850 2480 1202 2566; x_wconf 22' lang='lat' dir='ltr'>bursiparlpredictum</span> <span class='ocrx_word' id='word_1_149' title='bbox 1229 2478 1329 2540; x_wconf 89' lang='lat' dir='ltr'>Geor·</span> 
     </span>
     <span class='ocr_line' id='line_1_20' title="bbox 98 2569 1327 2667; baseline -0.001 -20"><span class='ocrx_word' id='word_1_150' title='bbox 98 2569 161 2647; x_wconf 79' lang='lat' dir='ltr'>glum</span> <span class='ocrx_word' id='word_1_151' title='bbox 179 2603 229 2664; x_wconf 92' lang='lat' dir='ltr'>per</span> <span class='ocrx_word' id='word_1_152' title='bbox 253 2583 368 2646; x_wconf 82' lang='lat' dir='ltr'>faciem</span> <span class='ocrx_word' id='word_1_153' title='bbox 394 2605 469 2646; x_wconf 90' lang='lat' dir='ltr'>cum</span> <span class='ocrx_word' id='word_1_154' title='bbox 494 2606 604 2667; x_wconf 88' lang='lat' dir='ltr'>pugno</span> <span class='ocrx_word' id='word_1_155' title='bbox 630 2587 796 2667; x_wconf 87' lang='lat' dir='ltr'>percussit,</span> <span class='ocrx_word' id='word_1_156' title='bbox 819 2587 904 2647; x_wconf 89' lang='lat' dir='ltr'>idem</span> <span class='ocrx_word' id='word_1_157' title='bbox 932 2586 1077 2646; x_wconf 76' lang='lat' dir='ltr'>Andreas</span> <span class='ocrx_word' id='word_1_158' title='bbox 1100 2586 1246 2666; x_wconf 86' lang='lat' dir='ltr'>bursipar</span> <span class='ocrx_word' id='word_1_159' title='bbox 1263 2605 1327 2646; x_wconf 93' lang='lat' dir='ltr'>non</span> 
     </span>
     <span class='ocr_line' id='line_1_21' title="bbox 99 2688 1327 2773; baseline 0.006 -28"><span class='ocrx_word' id='word_1_160' title='bbox 99 2688 312 2770; x_wconf 72' lang='lat' dir='ltr'>negavi13jurati</span> <span class='ocrx_word' id='word_1_161' title='bbox 331 2692 388 2753; x_wconf 90' lang='lat' dir='ltr'>tali</span> <span class='ocrx_word' id='word_1_162' title='bbox 405 2692 505 2753; x_wconf 91' lang='lat' dir='ltr'>modo</span> <span class='ocrx_word' id='word_1_163' title='bbox 530 2693 806 2772; x_wconf 88' lang='lat' dir='ltr'>adjudicaverunt,</span> <span class='ocrx_word' id='word_1_164' title='bbox 831 2693 906 2773; x_wconf 90' lang='lat' dir='ltr'>quia</span> <span class='ocrx_word' id='word_1_165' title='bbox 924 2693 1070 2753; x_wconf 86' lang='lat' dir='ltr'>Andreas</span> <span class='ocrx_word' id='word_1_166' title='bbox 1095 2692 1250 2772; x_wconf 85' lang='lat' dir='ltr'>bursipar‚</span> <span class='ocrx_word' id='word_1_167' title='bbox 1269 2710 1327 2771; x_wconf 95' lang='lat' dir='ltr'>pro</span> 
     </span>
     <span class='ocr_line' id='line_1_22' title="bbox 98 2793 1327 2881; baseline 0.002 -25"><span class='ocrx_word' id='word_1_168' title='bbox 98 2793 304 2881; x_wconf 71' lang='lat' dir='ltr'>tutleternpore</span> <span class='ocrx_word' id='word_1_169' title='bbox 339 2797 461 2878; x_wconf 85' lang='lat' dir='ltr'>juratus</span> <span class='ocrx_word' id='word_1_170' title='bbox 493 2800 625 2880; x_wconf 90' lang='lat' dir='ltr'>quando</span> <span class='ocrx_word' id='word_1_171' title='bbox 657 2800 812 2881; x_wconf 90' lang='lat' dir='ltr'>percussit</span> <span class='ocrx_word' id='word_1_172' title='bbox 845 2799 949 2880; x_wconf 90' lang='lat' dir='ltr'>ipsum</span> <span class='ocrx_word' id='word_1_173' title='bbox 975 2797 1152 2878; x_wconf 88' lang='lat' dir='ltr'>Georgium</span> <span class='ocrx_word' id='word_1_174' title='bbox 1185 2811 1327 2858; x_wconf 88' lang='lat' dir='ltr'>sutorem</span> 
     </span>
     <span class='ocr_line' id='line_1_23' title="bbox 99 2897 1327 2987; baseline 0.005 -29"><span class='ocrx_word' id='word_1_175' title='bbox 99 2897 225 2964; x_wconf 79' lang='lat' dir='ltr'>convictus</span> <span class='ocrx_word' id='word_1_176' title='bbox 250 2918 297 2966; x_wconf 89' lang='lat' dir='ltr'>est</span> <span class='ocrx_word' id='word_1_177' title='bbox 323 2905 355 2964; x_wconf 92' lang='lat' dir='ltr'>in</span> <span class='ocrx_word' id='word_1_178' title='bbox 380 2905 494 2986; x_wconf 90' lang='lat' dir='ltr'>viginti</span> <span class='ocrx_word' id='word_1_179' title='bbox 520 2907 628 2987; x_wconf 87' lang='lat' dir='ltr'>pensis</span> <span class='ocrx_word' id='word_1_180' title='bbox 652 2906 857 2966; x_wconf 90' lang='lat' dir='ltr'>denariorum</span> <span class='ocrx_word' id='word_1_181' title='bbox 888 2905 946 2986; x_wconf 91' lang='lat' dir='ltr'>ipsi</span> <span class='ocrx_word' id='word_1_182' title='bbox 974 2903 1116 2985; x_wconf 91' lang='lat' dir='ltr'>Georgio</span> <span class='ocrx_word' id='word_1_183' title='bbox 1141 2904 1255 2985; x_wconf 78' lang='lat' dir='ltr'>jurato,</span> <span class='ocrx_word' id='word_1_184' title='bbox 1280 2902 1327 2983; x_wconf 83' lang='lat' dir='ltr'>ju·</span> 
     </span>
     <span class='ocr_line' id='line_1_24' title="bbox 99 2999 582 3073; baseline 0.039 -19"><span class='ocrx_word' id='word_1_185' title='bbox 99 2999 151 3061; x_wconf 82' lang='lat' dir='ltr'>tatis</span> <span class='ocrx_word' id='word_1_186' title='bbox 168 3026 234 3071; x_wconf 82' lang='lat' dir='ltr'>vero</span> <span class='ocrx_word' id='word_1_187' title='bbox 259 3009 407 3072; x_wconf 90' lang='lat' dir='ltr'>ducentis</span> <span class='ocrx_word' id='word_1_188' title='bbox 433 3011 582 3073; x_wconf 87' lang='lat' dir='ltr'>denariis.</span> 
     </span>
    </p>

    <p class='ocr_par' dir='ltr' id='par_1_6' title="bbox 96 3113 1325 3729">
     <span class='ocr_line' id='line_1_25' title="bbox 174 3113 1325 3179; baseline 0 -4"><span class='ocrx_word' id='word_1_189' title='bbox 174 3113 272 3177; x_wconf 86' lang='lat' dir='ltr'>Causa</span> <span class='ocrx_word' id='word_1_190' title='bbox 297 3116 380 3178; x_wconf 89' lang='lat' dir='ltr'>inter</span> <span class='ocrx_word' id='word_1_191' title='bbox 412 3118 587 3179; x_wconf 84' lang='lat' dir='ltr'>Martinam</span> <span class='ocrx_word' id='word_1_192' title='bbox 622 3117 781 3178; x_wconf 89' lang='lat' dir='ltr'>literatum</span> <span class='ocrx_word' id='word_1_193' title='bbox 816 3117 853 3176; x_wconf 92' lang='lat' dir='ltr'>de</span> <span class='ocrx_word' id='word_1_194' title='bbox 888 3117 1032 3177; x_wconf 90' lang='lat' dir='ltr'>Abbacia</span> <span class='ocrx_word' id='word_1_195' title='bbox 1064 3129 1094 3176; x_wconf 91' lang='lat' dir='ltr'>et</span> <span class='ocrx_word' id='word_1_196' title='bbox 1118 3115 1325 3176; x_wconf 89' lang='lat' dir='ltr'>Valentinum</span> 
     </span>
     <span class='ocr_line' id='line_1_26' title="bbox 99 3203 1325 3302; baseline 0.004 -24"><span class='ocrx_word' id='word_1_197' title='bbox 99 3203 295 3283; x_wconf 74' lang='lat' dir='ltr'>lathemchak</span> <span class='ocrx_word' id='word_1_198' title='bbox 320 3223 451 3284; x_wconf 89' lang='lat' dir='ltr'>racione</span> <span class='ocrx_word' id='word_1_199' title='bbox 476 3224 643 3285; x_wconf 89' lang='lat' dir='ltr'>cuiusdam</span> <span class='ocrx_word' id='word_1_200' title='bbox 665 3224 846 3284; x_wconf 90' lang='lat' dir='ltr'>medietatis</span> <span class='ocrx_word' id='word_1_201' title='bbox 860 3224 986 3299; x_wconf 88' lang='lat' dir='ltr'>domus,</span> <span class='ocrx_word' id='word_1_202' title='bbox 1005 3222 1096 3299; x_wconf 83' lang='lat' dir='ltr'>jurati</span> <span class='ocrx_word' id='word_1_203' title='bbox 1122 3221 1325 3302; x_wconf 85' lang='lat' dir='ltr'>adjudicave-</span> 
     </span>
     <span class='ocr_line' id='line_1_27' title="bbox 100 3328 1325 3411; baseline 0.003 -25"><span class='ocrx_word' id='word_1_204' title='bbox 100 3328 151 3381; x_wconf 76' lang='lat' dir='ltr'>llsst</span> <span class='ocrx_word' id='word_1_205' title='bbox 167 3328 214 3389; x_wconf 90' lang='lat' dir='ltr'>tali</span> <span class='ocrx_word' id='word_1_206' title='bbox 238 3329 349 3408; x_wconf 88' lang='lat' dir='ltr'>modo,</span> <span class='ocrx_word' id='word_1_207' title='bbox 374 3330 462 3410; x_wconf 92' lang='lat' dir='ltr'>quod</span> <span class='ocrx_word' id='word_1_208' title='bbox 487 3329 573 3411; x_wconf 78' lang='lat' dir='ltr'>juxta</span> <span class='ocrx_word' id='word_1_209' title='bbox 598 3331 874 3411; x_wconf 88' lang='lat' dir='ltr'>composicionem</span> <span class='ocrx_word' id='word_1_210' title='bbox 899 3332 1075 3411; x_wconf 90' lang='lat' dir='ltr'>proborum</span> <span class='ocrx_word' id='word_1_211' title='bbox 1101 3330 1242 3390; x_wconf 89' lang='lat' dir='ltr'>virorum</span> <span class='ocrx_word' id='word_1_212' title='bbox 1268 3345 1325 3408; x_wconf 88' lang='lat' dir='ltr'>est,</span> 
     </span>
     <span class='ocr_line' id='line_1_28' title="bbox 97 3416 1323 3517; baseline 0.005 -27"><span class='ocrx_word' id='word_1_213' title='bbox 97 3416 164 3490; x_wconf 75' lang='lat' dir='ltr'>debet</span> <span class='ocrx_word' id='word_1_214' title='bbox 176 3434 327 3497; x_wconf 88' lang='lat' dir='ltr'>Martinus</span> <span class='ocrx_word' id='word_1_215' title='bbox 343 3435 487 3497; x_wconf 89' lang='lat' dir='ltr'>literatus</span> <span class='ocrx_word' id='word_1_216' title='bbox 511 3457 618 3498; x_wconf 88' lang='lat' dir='ltr'>coram</span> <span class='ocrx_word' id='word_1_217' title='bbox 638 3437 744 3516; x_wconf 82' lang='lat' dir='ltr'>judice</span> <span class='ocrx_word' id='word_1_218' title='bbox 762 3434 932 3497; x_wconf 82' lang='lat' dir='ltr'>fassionem</span> <span class='ocrx_word' id='word_1_219' title='bbox 952 3435 1065 3514; x_wconf 87' lang='lat' dir='ltr'>facere,</span> <span class='ocrx_word' id='word_1_220' title='bbox 1084 3435 1171 3515; x_wconf 91' lang='lat' dir='ltr'>quod</span> <span class='ocrx_word' id='word_1_221' title='bbox 1189 3436 1239 3517; x_wconf 82' lang='lat' dir='ltr'>(si)</span> <span class='ocrx_word' id='word_1_222' title='bbox 1258 3437 1323 3516; x_wconf 90' lang='lat' dir='ltr'>ipse</span> 
     </span>
     <span class='ocr_line' id='line_1_29' title="bbox 98 3521 1323 3620; baseline 0.017 -38"><span class='ocrx_word' id='word_1_223' title='bbox 98 3521 234 3603; x_wconf 82' lang='lat' dir='ltr'>lusionem</span> <span class='ocrx_word' id='word_1_224' title='bbox 258 3541 383 3620; x_wconf 81' lang='lat' dir='ltr'>fecerit,</span> <span class='ocrx_word' id='word_1_225' title='bbox 407 3557 521 3604; x_wconf 90' lang='lat' dir='ltr'>extunc</span> <span class='ocrx_word' id='word_1_226' title='bbox 539 3545 728 3605; x_wconf 88' lang='lat' dir='ltr'>Valentinus</span> <span class='ocrx_word' id='word_1_227' title='bbox 742 3542 978 3603; x_wconf 85' lang='lat' dir='ltr'>Kwthenschak</span> <span class='ocrx_word' id='word_1_228' title='bbox 996 3543 1091 3603; x_wconf 90' lang='lat' dir='ltr'>debet</span> <span class='ocrx_word' id='word_1_229' title='bbox 1107 3542 1167 3602; x_wconf 91' lang='lat' dir='ltr'>sibi</span> <span class='ocrx_word' id='word_1_230' title='bbox 1191 3543 1323 3603; x_wconf 90' lang='lat' dir='ltr'>residui·</span> 
     </span>
     <span class='ocr_line' id='line_1_30' title="bbox 96 3643 1195 3729; baseline 0.002 -21"><span class='ocrx_word' id='word_1_231' title='bbox 96 3643 164 3702; x_wconf 66' lang='lat' dir='ltr'>Vltm</span> <span class='ocrx_word' id='word_1_232' title='bbox 184 3649 388 3727; x_wconf 87' lang='lat' dir='ltr'>pecuniarum</span> <span class='ocrx_word' id='word_1_233' title='bbox 411 3649 535 3710; x_wconf 87' lang='lat' dir='ltr'>solvere</span> <span class='ocrx_word' id='word_1_234' title='bbox 560 3651 737 3711; x_wconf 90' lang='lat' dir='ltr'>secundum</span> <span class='ocrx_word' id='word_1_235' title='bbox 763 3648 1015 3710; x_wconf 89' lang='lat' dir='ltr'>convencionem</span> <span class='ocrx_word' id='word_1_236' title='bbox 1043 3649 1195 3729; x_wconf 89' lang='lat' dir='ltr'>ipsorum.</span> 
     </span>
    </p>

    <p class='ocr_par' dir='ltr' id='par_1_7' title="bbox 96 3751 1322 4055">
     <span class='ocr_line' id='line_1_31' title="bbox 173 3751 1319 3841; baseline 0.003 -29"><span class='ocrx_word' id='word_1_237' title='bbox 173 3751 270 3817; x_wconf 88' lang='lat' dir='ltr'>Causa</span> <span class='ocrx_word' id='word_1_238' title='bbox 296 3757 378 3816; x_wconf 79' lang='lat' dir='ltr'>inter</span> <span class='ocrx_word' id='word_1_239' title='bbox 403 3755 582 3837; x_wconf 86' lang='lat' dir='ltr'>Georgium</span> <span class='ocrx_word' id='word_1_240' title='bbox 609 3756 827 3841; x_wconf 85' lang='lat' dir='ltr'>Wythkouich</span> <span class='ocrx_word' id='word_1_241' title='bbox 858 3770 888 3815; x_wconf 91' lang='lat' dir='ltr'>et</span> <span class='ocrx_word' id='word_1_242' title='bbox 914 3755 1119 3815; x_wconf 87' lang='lat' dir='ltr'>Dominicum</span> <span class='ocrx_word' id='word_1_243' title='bbox 1145 3755 1319 3837; x_wconf 85' lang='lat' dir='ltr'>Perowych</span> 
     </span>
     <span class='ocr_line' id='line_1_32' title="bbox 96 3852 1322 3945; baseline 0.016 -41"><span class='ocrx_word' id='word_1_244' title='bbox 96 3852 191 3922; x_wconf 84' lang='lat' dir='ltr'>racione</span> <span class='ocrx_word' id='word_1_245' title='bbox 213 3864 430 3945; x_wconf 89' lang='lat' dir='ltr'>quorumdam</span> <span class='ocrx_word' id='word_1_246' title='bbox 448 3866 621 3942; x_wconf 84' lang='lat' dir='ltr'>canalium,</span> <span class='ocrx_word' id='word_1_247' title='bbox 636 3866 727 3945; x_wconf 82' lang='lat' dir='ltr'>jurati</span> <span class='ocrx_word' id='word_1_248' title='bbox 746 3864 1010 3944; x_wconf 77' lang='lat' dir='ltr'>adjudicaverunt</span> <span class='ocrx_word' id='word_1_249' title='bbox 1028 3864 1081 3923; x_wconf 89' lang='lat' dir='ltr'>tali</span> <span class='ocrx_word' id='word_1_250' title='bbox 1108 3864 1216 3938; x_wconf 71' lang='lat' dir='ltr'>modo,</span> <span class='ocrx_word' id='word_1_251' title='bbox 1235 3865 1322 3944; x_wconf 91' lang='lat' dir='ltr'>quod</span> 
     </span>
     <span class='ocr_line' id='line_1_33' title="bbox 97 3950 1316 4055; baseline 0.012 -39"><span class='ocrx_word' id='word_1_252' title='bbox 97 3950 223 4046; x_wconf 84' lang='lat' dir='ltr'>Georgius</span> <span class='ocrx_word' id='word_1_253' title='bbox 239 3970 461 4055; x_wconf 81' lang='lat' dir='ltr'>Wythltouich</span> <span class='ocrx_word' id='word_1_254' title='bbox 487 3971 584 4033; x_wconf 91' lang='lat' dir='ltr'>debet</span> <span class='ocrx_word' id='word_1_255' title='bbox 601 3972 707 4033; x_wconf 90' lang='lat' dir='ltr'>literas</span> <span class='ocrx_word' id='word_1_256' title='bbox 735 3971 912 4052; x_wconf 89' lang='lat' dir='ltr'>producere</span> <span class='ocrx_word' id='word_1_257' title='bbox 939 3971 979 4030; x_wconf 90' lang='lat' dir='ltr'>ad</span> <span class='ocrx_word' id='word_1_258' title='bbox 997 3971 1137 4051; x_wconf 85' lang='lat' dir='ltr'>primum</span> <span class='ocrx_word' id='word_1_259' title='bbox 1163 3970 1316 4050; x_wconf 89' lang='lat' dir='ltr'>judicium</span> 
     </span>
    </p>

    <p class='ocr_par' dir='ltr' id='par_1_8' title="bbox 90 4072 1321 4467">
     <span class='ocr_line' id='line_1_34' title="bbox 170 4072 1321 4159; baseline 0.001 -22"><span class='ocrx_word' id='word_1_260' title='bbox 170 4072 267 4138; x_wconf 89' lang='lat' dir='ltr'>Causa</span> <span class='ocrx_word' id='word_1_261' title='bbox 301 4077 383 4138; x_wconf 91' lang='lat' dir='ltr'>inter</span> <span class='ocrx_word' id='word_1_262' title='bbox 407 4075 600 4159; x_wconf 89' lang='lat' dir='ltr'>Gregorium</span> <span class='ocrx_word' id='word_1_263' title='bbox 632 4076 866 4159; x_wconf 89' lang='lat' dir='ltr'>Wienochy(n)</span> <span class='ocrx_word' id='word_1_264' title='bbox 893 4091 923 4136; x_wconf 93' lang='lat' dir='ltr'>et</span> <span class='ocrx_word' id='word_1_265' title='bbox 956 4075 1057 4136; x_wconf 85' lang='lat' dir='ltr'>lilium</span> <span class='ocrx_word' id='word_1_266' title='bbox 1083 4076 1160 4136; x_wconf 88' lang='lat' dir='ltr'>Bere</span> <span class='ocrx_word' id='word_1_267' title='bbox 1194 4077 1321 4138; x_wconf 88' lang='lat' dir='ltr'>racione</span> 
     </span>
     <span class='ocr_line' id='line_1_35' title="bbox 94 4169 1319 4266; baseline 0.017 -43"><span class='ocrx_word' id='word_1_268' title='bbox 94 4169 223 4244; x_wconf 86' lang='lat' dir='ltr'>cuiusdam</span> <span class='ocrx_word' id='word_1_269' title='bbox 241 4183 332 4244; x_wconf 82' lang='lat' dir='ltr'>fundi</span> <span class='ocrx_word' id='word_1_270' title='bbox 358 4183 457 4265; x_wconf 89' lang='lat' dir='ltr'>ipsius</span> <span class='ocrx_word' id='word_1_271' title='bbox 475 4182 622 4266; x_wconf 88' lang='lat' dir='ltr'>Gregorii</span> <span class='ocrx_word' id='word_1_272' title='bbox 650 4184 689 4245; x_wconf 89' lang='lat' dir='ltr'>de</span> <span class='ocrx_word' id='word_1_273' title='bbox 710 4184 888 4244; x_wconf 89' lang='lat' dir='ltr'>Wienonin</span> <span class='ocrx_word' id='word_1_274' title='bbox 911 4186 977 4264; x_wconf 91' lang='lat' dir='ltr'>ipse</span> <span class='ocrx_word' id='word_1_275' title='bbox 992 4184 1100 4244; x_wconf 90' lang='lat' dir='ltr'>literas</span> <span class='ocrx_word' id='word_1_276' title='bbox 1124 4184 1319 4263; x_wconf 90' lang='lat' dir='ltr'>presentavit</span> 
     </span>
     <span class='ocr_line' id='line_1_36' title="bbox 92 4269 1319 4376; baseline 0.005 -30"><span class='ocrx_word' id='word_1_277' title='bbox 92 4269 159 4346; x_wconf 73' lang='lat' dir='ltr'>lutati</span> <span class='ocrx_word' id='word_1_278' title='bbox 180 4289 452 4369; x_wconf 76' lang='lat' dir='ltr'>adjudicaverunt,</span> <span class='ocrx_word' id='word_1_279' title='bbox 477 4293 565 4372; x_wconf 92' lang='lat' dir='ltr'>quod</span> <span class='ocrx_word' id='word_1_280' title='bbox 599 4293 682 4353; x_wconf 90' lang='lat' dir='ltr'>idem</span> <span class='ocrx_word' id='word_1_281' title='bbox 717 4291 801 4352; x_wconf 90' lang='lat' dir='ltr'>filius</span> <span class='ocrx_word' id='word_1_282' title='bbox 826 4292 929 4376; x_wconf 85' lang='lat' dir='ltr'>Beryn</span> <span class='ocrx_word' id='word_1_283' title='bbox 964 4312 1028 4352; x_wconf 93' lang='lat' dir='ltr'>non</span> <span class='ocrx_word' id='word_1_284' title='bbox 1054 4291 1148 4351; x_wconf 86' lang='lat' dir='ltr'>habet</span> <span class='ocrx_word' id='word_1_285' title='bbox 1173 4291 1319 4373; x_wconf 84' lang='lat' dir='ltr'>(partem)</span> 
     </span>
     <span class='ocr_line' id='line_1_37' title="bbox 90 4379 478 4467; baseline 0.057 -29"><span class='ocrx_word' id='word_1_286' title='bbox 90 4379 199 4467; x_wconf 84' lang='lat' dir='ltr'>aliquam</span> <span class='ocrx_word' id='word_1_287' title='bbox 223 4397 256 4458; x_wconf 91' lang='lat' dir='ltr'>in</span> <span class='ocrx_word' id='word_1_288' title='bbox 280 4397 339 4459; x_wconf 94' lang='lat' dir='ltr'>illo</span> <span class='ocrx_word' id='word_1_289' title='bbox 364 4395 478 4460; x_wconf 87' lang='lat' dir='ltr'>fundo.</span> 
     </span>
    </p>
   </div>
   <div class='ocr_carea' id='block_1_3' title="bbox 320 4563 1061 4656">
    <p class='ocr_par' dir='ltr' id='par_1_9' title="bbox 320 4563 1061 4656">
     <span class='ocr_line' id='line_1_38' title="bbox 320 4563 1061 4656; baseline 0.001 -20"><span class='ocrx_word' id='word_1_290' title='bbox 320 4563 415 4638; x_wconf 80' lang='lat' dir='ltr'>Faria</span> <span class='ocrx_word' id='word_1_291' title='bbox 446 4575 570 4656; x_wconf 86' lang='lat' dir='ltr'>quarta</span> <span class='ocrx_word' id='word_1_292' title='bbox 597 4578 674 4637; x_wconf 87' lang='lat' dir='ltr'>ante</span> <span class='ocrx_word' id='word_1_293' title='bbox 704 4566 902 4638; x_wconf 87' lang='lat' dir='ltr'>dominicam</span> <span class='ocrx_word' id='word_1_294' title='bbox 932 4565 1061 4656; x_wconf 85' lang='lat' dir='ltr'>Judica.</span> 
     </span>
    </p>
   </div>
   <div class='ocr_carea' id='block_1_4' title="bbox 580 4724 792 4801">
    <p class='ocr_par' dir='ltr' id='par_1_10' title="bbox 580 4724 792 4801">
     <span class='ocr_line' id='line_1_39' title="bbox 580 4724 792 4801; baseline 0.014 -24"><span class='ocrx_word' id='word_1_295' title='bbox 580 4734 644 4801; x_wconf 81' lang='lat'><em>(19.</em></span> <span class='ocrx_word' id='word_1_296' title='bbox 670 4724 792 4780; x_wconf 81' lang='lat' dir='ltr'>nrarlit&#39;).</span> 
     </span>
    </p>
   </div>
   <div class='ocr_carea' id='block_1_5' title="bbox 72 4838 1322 5037">
    <p class='ocr_par' dir='ltr' id='par_1_11' title="bbox 72 4838 1322 5037">
     <span class='ocr_line' id='line_1_40' title="bbox 166 4838 1316 4923; baseline 0.003 -22"><span class='ocrx_word' id='word_1_297' title='bbox 166 4838 299 4903; x_wconf 85' lang='lat' dir='ltr'>Causam</span> <span class='ocrx_word' id='word_1_298' title='bbox 326 4843 408 4903; x_wconf 90' lang='lat' dir='ltr'>inter</span> <span class='ocrx_word' id='word_1_299' title='bbox 434 4841 639 4906; x_wconf 88' lang='lat' dir='ltr'>Valentinum</span> <span class='ocrx_word' id='word_1_300' title='bbox 673 4844 830 4903; x_wconf 88' lang='lat' dir='ltr'>seniorem</span> <span class='ocrx_word' id='word_1_301' title='bbox 866 4843 1004 4920; x_wconf 79' lang='lat' dir='ltr'>judicem</span> <span class='ocrx_word' id='word_1_302' title='bbox 1028 4860 1057 4904; x_wconf 91' lang='lat' dir='ltr'>et</span> <span class='ocrx_word' id='word_1_303' title='bbox 1084 4844 1316 4923; x_wconf 82' lang='lat' dir='ltr'>Margaretham</span> 
     </span>
     <span class='ocr_line' id='line_1_41' title="bbox 72 4938 1322 5037; baseline 0.01 -35"><span class='ocrx_word' id='word_1_304' title='bbox 72 4938 199 5008; x_wconf 87' lang='lat' dir='ltr'>relictam</span> <span class='ocrx_word' id='word_1_305' title='bbox 222 4961 405 5014; x_wconf 81' lang='lat' dir='ltr'>consortem</span> <span class='ocrx_word' id='word_1_306' title='bbox 430 4948 568 5019; x_wconf 76' lang='lat' dir='ltr'>condam</span> <span class='ocrx_word' id='word_1_307' title='bbox 600 4949 712 5021; x_wconf 83' lang='lat' dir='ltr'>lacobi</span> <span class='ocrx_word' id='word_1_308' title='bbox 745 4951 874 5018; x_wconf 86' lang='lat' dir='ltr'>sartoris</span> <span class='ocrx_word' id='word_1_309' title='bbox 906 4949 1033 5014; x_wconf 89' lang='lat' dir='ltr'>racione</span> <span class='ocrx_word' id='word_1_310' title='bbox 1059 4949 1227 5014; x_wconf 88' lang='lat' dir='ltr'>cuiusdam</span> <span class='ocrx_word' id='word_1_311' title='bbox 1252 4969 1322 5037; x_wconf 85' lang='lat' dir='ltr'>per.</span> 
     </span>
    </p>
   </div>
   <div class='ocr_carea' id='block_1_6' title="bbox 0 0 1576 5356">
    <p class='ocr_par' dir='ltr' id='par_1_12' title="bbox 0 0 1576 5356">
     <span class='ocr_line' id='line_1_42' title="bbox 0 0 1576 5356; baseline 0 2"><span class='ocrx_word' id='word_1_312' title='bbox 0 0 1576 5356; x_wconf 95' lang='lat' dir='ltr'> </span> 
     </span>
    </p>
   </div>
  </div>
 </body>
</html>
