3156 5364
414 1327 542 1428 (Auno
569 1327 725 1416 Domini
752 1325 1134 1428 uoccnxxxvffl.)

153 1634 241 1712 item
270 1657 364 1711 anno
393 1633 538 1709 Domini
568 1633 755 1709 millesimo
785 1634 1043 1709 tercentesimo
1073 1633 1325 1732 octoagesimo
1355 1655 1414 1708 oc·

152 1769 249 1853 tavo,
268 1768 433 1859 tempore
454 1759 585 1834 domini
615 1757 716 1833 Luka
736 1757 907 1854 Boni(0)li
926 1755 985 1832 filii
1002 1757 1126 1858 Jacobi
1153 1757 1417 1856 subsequencia

641 1882 921 1957 subscribuntur.

259 2093 337 2156 Item
362 2093 537 2174 quemdam
561 2091 697 2155 fundum
723 2112 796 2154 cum
822 2092 973 2154 domibus
1002 2092 1134 2153 muratis
1156 2112 1255 2174 penes
1279 2090 1415 2153 fundum

155 2199 291 2282 Myklini
316 2197 373 2261 filii
399 2199 565 2275 Johannts,
589 2198 726 2260 condam
752 2198 878 2277 judicis,
903 2213 932 2259 et
956 2199 1024 2259 vias
1048 2218 1237 2259 communes
1261 2197 1417 2275 habitum,

154 2307 263 2367 Marco
299 2303 366 2367 filio
397 2302 516 2388 Mykch
550 2303 606 2367 filii
633 2304 774 2366 Lorandi
810 2304 895 2366 iuxta
930 2304 1044 2366 seriem
1076 2323 1209 2366 suorum
1240 2304 1415 2365 literalium

154 2411 438 2473 instrumentorum
464 2409 719 2490 adjudicavimus
744 2423 899 2491 perpetuo
924 2410 1166 2491 possidendum.

258 2516 336 2578 ltem
361 2515 499 2578 eundem
525 2513 662 2577 fundum
688 2517 766 2577 emit
797 2515 883 2576 idem
907 2513 1075 2599 Myklinus
1106 2516 1243 2577 condam
1269 2516 1363 2597 judex
1399 2537 1416 2577 a

153 2621 266 2686 Marco
289 2623 485 2705 supradicto,
510 2637 655 2705 tempore
679 2622 813 2706 predicti
839 2622 963 2684 domini
990 2624 1089 2685 Luka.

258 2730 336 2792 Item
362 2729 446 2791 lwan
471 2730 548 2790 emit
572 2743 603 2791 et
626 2729 756 2791 Cburna
782 2749 862 2791 uxor
885 2749 941 2790 sua
967 2749 1067 2791 unum
1092 2727 1228 2791 fundum
1253 2750 1270 2790 a
1296 2730 1415 2791 Pecore

154 2834 220 2897 filio
246 2834 410 2914 Johaoois,
434 2849 579 2917 tempore
603 2834 761 2908 iudicatus
785 2835 860 2896 dicti
886 2835 983 2899 Luce.

260 2941 339 3004 Item
365 2941 501 3004 Cosmas
524 2940 685 3003 aurifaber
709 2941 871 3023 quandam
904 2961 994 3003 suam
1021 2943 1146 3003 vineam
1173 2942 1310 3004 Nicolao
1334 2943 1417 3004 auri·
1469 2982 1472 2987 -

155 3046 245 3110 fabro
269 3067 327 3130 pro
344 3049 409 3108 suis
432 3048 574 3109 serviciis
591 3047 853 3110 testamentaliter
874 3047 1081 3126 condonavit,
1098 3063 1243 3130 tempore
1261 3047 1419 3129 judicatus

156 3155 290 3238 predicti
315 3154 439 3216 domini
465 3155 563 3216 Luce.

262 3261 339 3324 Item
364 3261 518 3322 Nicolaus
534 3261 736 3322 Teutonicus
761 3280 939 3343 meosepar‚
957 3260 1117 3323 habitator
1139 3275 1245 3323 nostre
1271 3261 1418 3339 civitatis,

156 3368 277 3450 Agiche
302 3366 367 3430 filie
386 3367 541 3429 Johannis
565 3367 704 3428 consorti
722 3386 778 3429 sue
795 3367 827 3428 in
851 3367 960 3429 dotem
984 3381 1112 3428 centum
1131 3366 1271 3429 florenos
1294 3388 1330 3428 ac
1349 3368 1418 3428 uni-

156 3493 243 3536 versa
268 3475 456 3537 vestimenta
480 3488 545 3535 tam
570 3488 715 3553 tempore
748 3473 935 3555 nupciarum
960 3493 1068 3534 secum
1091 3473 1130 3533 ad
1156 3473 1223 3554 ipsa
1247 3473 1416 3555 portanda,

154 3600 250 3663 quam
275 3580 377 3642 eciam
392 3599 448 3662 per
464 3581 565 3661 ipsam
590 3579 650 3639 sibi
668 3598 752 3639 saraa
777 3592 809 3640 et
825 3591 991 3660 preparata
1016 3578 1121 3640 eidem
1147 3578 1361 3640 condonasset
1385 3592 1417 3641 et

154 3686 300 3769 legasset.

260 3792 338 3855 item
357 3792 510 3854 Nicolaus
534 3790 619 3854 filius
636 3792 718 3852 Petri
744 3791 821 3853 dicti
846 3791 990 3853 Ztrelech
1009 3792 1049 3852 ab
1075 3810 1148 3866 una,
1173 3805 1262 3872 parte
1286 3810 1362 3852 vero
1379 3811 1415 3851 ex

154 3898 253 3961 altera
279 3898 411 3979 provida
438 3897 570 3959 domina
589 3898 688 3958 Elena
712 3913 835 3976 vocata,
860 3917 940 3959 uxor
956 3917 1023 3974 sua,
1041 3916 1126 3957 unus
1149 3897 1238 3958 alteri
1258 3897 1418 3978 quinqua-

152 4005 241 4086 ginta
266 4003 337 4066 flor.
361 4003 430 4065 auri
456 4004 632 4086 deputavit,
656 4003 711 4065 sed
745 4004 811 4084 ipse
836 4004 991 4065 Nicolaus
1022 4003 1162 4064 sedecim
1189 4002 1257 4065 flor.
1284 4004 1323 4065 de
1349 4023 1417 4086 pre-

154 4110 248 4173 dictis
272 4108 342 4172 flor.
367 4109 490 4172 habuit.

262 4215 339 4278 Item
364 4216 497 4297 Zagatis
515 4214 660 4277 Gallicus
684 4216 763 4278 emit
787 4235 886 4277 unum
905 4214 1041 4277 fundum
1067 4237 1084 4276 a
1110 4217 1203 4278 Petro
1229 4217 1315 4278 dicto
1332 4214 1418 4292 Mus,

154 4335 299 4403 tempore
324 4320 482 4401 judicatus
506 4321 638 4403 predicti
666 4321 761 4383 Luce.

261 4427 337 4511 ltem
357 4428 529 4510 Matbeyka
547 4428 663 4489 mulier
685 4428 793 4489 relicta
812 4427 977 4489 Jakethich
994 4428 1106 4489 habuit
1131 4429 1161 4489 in
1188 4429 1413 4489 concambium

154 4534 328 4616 quemdam
352 4533 489 4596 fundum
513 4554 585 4594 cum
604 4534 750 4594 Jobanne
774 4531 841 4593 filio
859 4535 969 4594 Jacobi
988 4534 1062 4595 dicti
1087 4535 1164 4595 Bole
1190 4554 1261 4594 curn
1287 4534 1410 4595 addita·

155 4653 264 4703 mento
295 4640 423 4721 triginta
456 4658 646 4718 marcarum,
678 4659 775 4720 quem
804 4637 940 4700 fundum
975 4641 1041 4720 ipsa
1075 4639 1245 4722 Matbeyka
1270 4639 1415 4720 Dragech

156 4745 272 4808 marito
295 4766 354 4808 suo
378 4748 421 4808 ob
447 4747 572 4808 virilem
597 4765 739 4807 amorem
765 4745 961 4807 condonavit
989 4746 1043 4807 tali
1070 4746 1179 4824 mode,
1205 4746 1293 4827 quod
1312 4747 1417 4828 ipsum
