3142 5356
685 361 771 414 Anne
795 370 885 434 1434.
1355 356 1412 415 261

261 568 338 630 ltem
372 569 473 630 eciam
508 566 724 629 communitas
756 566 918 646 quandam
951 568 1084 627 domurn
1117 581 1148 628 et
1171 565 1306 627 fundum
1340 566 1417 627 libe-

151 694 263 737 rorum
290 675 428 735 condam
455 694 510 735 seu
535 691 758 735 successorum
782 673 920 734 condam
945 673 1120 735 Zernchich
1150 674 1180 734 in
1206 673 1331 733 civitate
1349 691 1418 754 pre-

156 781 243 842 dicta
268 781 351 842 inter
375 781 509 842 domum
535 793 566 842 et
598 777 735 840 fundum
767 780 851 842 Petri
876 778 1027 861 lutifiguli
1060 794 1090 841 et
1115 778 1262 861 Gregorii
1287 777 1344 841 lilii
1368 778 1417 839 sui

153 886 308 965 habitam,
333 906 430 948 unam
447 901 592 968 quartam
611 886 697 947 curie
713 886 745 946 in
768 906 801 947 se
818 886 1018 965 retinentem,
1040 906 1134 968 super
1151 885 1414 947 communitatem

153 1013 213 1077 pro
239 1014 303 1055 non
328 994 494 1055 solucione
517 993 684 1054 daciorum
707 1012 803 1075 super
827 993 1091 1054 communitatem
1116 991 1312 1068 devolutam,
1341 1010 1416 1052 ven·

153 1100 237 1162 didit
255 1101 379 1162 Briccio
396 1099 494 1180 judici
519 1119 577 1181 pro
595 1097 818 1180 persolutione
836 1100 1002 1161 daciorum
1020 1099 1236 1181 predictorum
1261 1109 1417 1180 perpetuo

154 1207 392 1290 possidendam.

260 1314 338 1376 Item
363 1314 579 1375 communitas
603 1313 734 1375 totalem
760 1313 946 1395 porcionem
980 1313 1096 1375 domus
1124 1325 1246 1374 murate
1271 1325 1302 1374 et
1325 1309 1416 1373 fundi

153 1420 186 1481 in
213 1421 296 1481 dicta
323 1420 451 1482 civitate
476 1423 559 1481 inter
576 1419 691 1480 domos
714 1419 862 1481 similiter
879 1435 1018 1480 muratas
1043 1432 1074 1481 et
1090 1417 1208 1481 fundos
1232 1419 1360 1480 Andree
1377 1418 1416 1479 de

153 1526 315 1588 Zwinaria
339 1540 370 1588 et
394 1526 549 1588 lobannis
574 1525 745 1604 Aztalnok,
777 1527 816 1587 ab
842 1546 903 1587 una
932 1540 1031 1608 parte,
1063 1528 1103 1588 ab
1128 1526 1225 1587 altera
1250 1545 1326 1587 vero
1351 1530 1415 1586 An-

149 1632 254 1694 thonii
293 1646 324 1694 et
348 1633 434 1694 Luce
466 1633 506 1693 de
532 1633 678 1715 Rakarya
711 1632 817 1694 habite
850 1646 881 1695 et
912 1633 1085 1710 existentis,
1110 1633 1295 1714 porcionem
1329 1631 1415 1693 vide-

150 1739 227 1800 licet
251 1739 381 1801 Thorne
406 1739 446 1800 de
471 1740 617 1822 Rakarya
643 1753 674 1801 et
704 1740 866 1801 sociorum
891 1759 1035 1817 suorum,
1069 1758 1165 1800 unam
1190 1739 1339 1800 videlicet
1362 1739 1422 1800 oc·'

152 1860 260 1908 tavam
286 1847 371 1908 curie
397 1847 429 1907 in
454 1866 487 1908 se
520 1847 722 1923 retinentem,
755 1846 903 1908 similiter
927 1866 985 1928 pro
1010 1846 1108 1907 daciis
1140 1860 1171 1908 et
1194 1846 1265 1907 aliis
1289 1845 1415 1923 debitis,

151 1954 410 2035 opportunisque
446 1953 587 2016 serviciis
620 1953 734 2014 nostris
765 1953 994 2014 communibus
1024 1972 1120 2034 super
1150 1951 1414 2014 communitatem

151 2060 351 2138 devolutam,
374 2060 499 2122 Briccio
524 2060 621 2140 judici
647 2060 793 2121 vendidit
818 2074 972 2143 perpetuo
998 2060 1234 2142 possidendam.

259 2168 337 2229 ltem
362 2169 577 2230 communitas
602 2168 763 2249 quandam
788 2167 922 2229 domum
944 2181 1100 2229 muratam
1126 2181 1156 2229 et
1179 2164 1315 2231 fundum
1340 2185 1414 2227 con·

151 2273 227 2335 dam
255 2274 350 2335 Blasii
377 2275 501 2357 Zydow
526 2275 556 2336 in
586 2275 714 2337 civitate
748 2275 890 2357 predicta
916 2275 996 2335 inter
1021 2274 1136 2336 domos
1167 2273 1315 2336 similiter
1344 2292 1414 2335 mu·

149 2396 234 2441 ratas
258 2395 289 2442 et
312 2379 431 2442 fundos
456 2380 605 2462 Gregorii
631 2381 670 2441 de
695 2381 856 2443 Vrnowch
881 2394 911 2443 et
937 2381 1068 2442 Fabiani
1094 2379 1260 2463 presbiteri
1285 2398 1320 2442 ac
1345 2379 1413 2442 Ste-

150 2486 248 2568 phani
276 2487 350 2548 dicti
376 2486 570 2570 Pythachich
596 2488 748 2566 habitam,
770 2488 909 2550 mediam
928 2489 1047 2549 curiam
1075 2488 1158 2549 inse
1183 2487 1413 2564 continentem,

151 2593 290 2675 provido
308 2594 376 2655 viro
394 2594 570 2656 Benedicto
587 2596 698 2656 sartori
716 2594 783 2656 filio
800 2595 940 2673 Andree‚
958 2608 1067 2656 nostro
1086 2594 1221 2672 concivi,
1238 2613 1296 2676 pro
1313 2595 1414 2655 tribus

150 2698 221 2760 flor.
247 2700 314 2760 auri
339 2720 398 2782 pro
423 2700 522 2762 dariis
547 2715 577 2761 et
601 2701 672 2762 aliis
696 2702 810 2763 debitis
838 2701 979 2763 serviciis
1004 2700 1243 2762 communitatis
1267 2699 1413 2761 vendidit

149 2818 306 2888 perpetuo
335 2806 573 2888 possidendam.

257 2911 332 2972 ltem
369 2914 584 2975 communitas
616 2914 820 2975 medietatem
853 2913 1019 2974 cuiusdam
1045 2913 1171 2990 domus,
1196 2911 1298 2992 fundi,
1330 2911 1411 2973 cela·

156 3017 260 3099 riique
285 3019 481 3080 subterranei
520 3041 555 3081 ac
580 3019 803 3082 hedificiorum
828 3023 860 3081 in
885 3021 967 3082 dicta
996 3021 1122 3081 civitate
1144 3020 1226 3082 inter
1250 3019 1413 3101 quandam

150 3123 297 3186 semitam
324 3145 531 3187 communem
557 3147 592 3189 ac
618 3127 699 3189 inter
724 3127 869 3204 domum,
897 3124 1033 3189 fundum
1059 3141 1089 3188 et
1112 3124 1259 3187 hedificia
1284 3124 1413 3188 Thome

153 3230 285 3292 cultoris
309 3230 416 3292 habite
449 3248 480 3293 et
512 3234 686 3311 existentis,
720 3234 908 3314 porcionem
933 3233 1082 3295 videlicet
1117 3232 1250 3315 provide
1275 3232 1412 3294 condam

151 3336 331 3418 Elyzabeth
364 3339 472 3399 relicte
506 3355 536 3400 et
568 3339 696 3401 Andree
728 3338 784 3401 filii
818 3340 972 3401 Johannis
1002 3339 1099 3417 Wllt,
1135 3358 1232 3400 unam
1264 3338 1414 3401 videlicet

149 3458 296 3524 quartam
322 3445 408 3505 curie
434 3446 465 3504 in
490 3466 523 3506 se
549 3447 750 3523 retinentem,
775 3466 870 3528 snper
898 3446 1163 3507 communitatem
1188 3464 1246 3526 pro
1271 3464 1337 3506 non
1362 3465 1412 3507 so·

148 3550 278 3612 lucione
315 3551 480 3613 daciorum
518 3553 723 3631 devolutam,
760 3553 933 3616 Scolastice
971 3552 1078 3614 relicte
1115 3551 1252 3613 condam
1285 3552 1412 3614 Nicolai

149 3657 279 3740 Loczky
304 3677 361 3738 pro
387 3658 513 3719 duobus
538 3658 607 3721 flor.
633 3660 701 3720 auri
727 3659 873 3720 vendidit
902 3673 1058 3741 perpetuo
1084 3657 1324 3740 possidendam.

258 3763 334 3825 ltem
360 3767 574 3827 communitas
599 3767 804 3829 medietatem
824 3767 990 3828 cuiusdam
1012 3764 1104 3827 fundi
1122 3767 1154 3826 in
1178 3765 1261 3826 dicta
1285 3765 1412 3827 civitate

150 3871 233 3931 inter
266 3870 381 3931 domos
414 3885 444 3933 et
476 3871 593 3933 fundos
618 3873 773 3934 Anthonii
808 3873 1000 3934 Jerihowich
1032 3887 1062 3934 et
1086 3872 1211 3933 Nicolai
1245 3870 1412 3933 Petrenich

149 3974 263 4054 habiti,
287 3979 474 4058 porcionem
501 3980 651 4041 videlicet
675 3981 759 4040 Rose
793 3981 946 4057 mulieris,
971 3999 1066 4040 unam
1092 3978 1242 4040 videlicet
1265 3993 1411 4060 quartam

149 4082 248 4159 curie,
272 4102 334 4164 que
360 4085 492 4165 quidem
519 4086 602 4146 Rosa
636 4085 700 4147 filia
730 4087 815 4147 Luce
851 4084 931 4147 labri
957 4084 1024 4147 lore
1056 4084 1293 4167 perhibebatur,
1317 4104 1413 4167 super

149 4189 414 4251 communitatem
433 4210 491 4272 pro
517 4211 580 4252 non
606 4194 772 4252 solucione
791 4192 954 4253 daciorum
981 4192 1166 4253 devolutam
1184 4205 1215 4252 et
1238 4191 1411 4271 redactam,

148 4296 289 4358 Martino
313 4298 417 4378 jurato
435 4296 501 4359 filio
528 4299 656 4360 Thome
680 4319 737 4380 pro
756 4300 883 4361 duobus
907 4299 976 4361 flor.
994 4300 1062 4359 anri
1086 4297 1231 4359 vendidit
1255 4312 1411 4380 perpetuo

149 4403 387 4486 possidendam.

255 4509 331 4570 ltem
368 4514 582 4571 communitas
619 4512 780 4592 quendam
826 4511 961 4572 fundum
1003 4512 1177 4573 liberorum
1216 4511 1333 4573 Mathei
1370 4511 1410 4573 de

149 4616 308 4678 Grathsan
335 4619 366 4678 in
384 4619 511 4680 civitate
536 4619 676 4699 predicta
703 4619 784 4679 inter
801 4619 915 4678 domos
940 4634 969 4679 et
994 4617 1111 4680 fundos
1136 4619 1278 4679 virorum
1304 4618 1409 4700 provi·

151 4722 267 4784 dorum
293 4722 378 4785 Galli
411 4725 450 4785 de
476 4726 685 4786 Wlltomerch
720 4740 750 4786 et
774 4726 893 4786 Cosme
921 4727 1063 4807 aucupis,
1096 4727 1135 4786 ab
1160 4745 1222 4786 una
1247 4737 1345 4806 parte,
1370 4725 1409 4786 ab

150 4830 248 4891 altera
274 4849 350 4892 vero
374 4831 550 4892 liberorum
576 4833 713 4893 condam
736 4833 863 4893 Andree
889 4848 918 4893 et
936 4833 1096 4892 Valentini
1122 4832 1161 4893 de
1186 4832 1409 4911 Wlkomerch,
