3142 5356
164 483 224 545 140
585 465 670 521 Anno
694 474 784 537 1502.
809 495 850 505 —
868 472 903 538 5.
920 462 1004 537 julii.

162 678 291 740 cuidam
318 676 419 738 Paulo
443 694 563 756 genero
590 673 742 755 Gregorii
768 673 902 751 Pethlxo‚
934 673 985 734 cui
1018 672 1159 734 mediam
1183 686 1306 754 partem
1330 669 1434 733 fassus

161 799 219 862 est,
244 783 351 846 media
375 798 481 845 autem
507 802 579 865 pars
604 795 675 863 post
700 781 833 863 aliquod
858 794 987 863 tempus
1011 781 1117 843 eidem
1143 779 1204 842 fuit
1227 780 1358 842 vendita
1376 779 1433 841 sed

162 891 308 952 nondum
342 888 422 952 fassa
454 904 517 966 est,
550 888 680 951 tandem
715 886 854 969 prelatus
887 887 1050 949 lohannes
1086 887 1229 949 literatus
1260 885 1433 948 intendens

161 995 317 1081 prefatam
342 997 475 1058 domum
506 1014 693 1077 recuperare
726 995 771 1056 uti
796 994 898 1073 heres,
923 993 1050 1055 domini
1074 994 1166 1076 jurati
1192 992 1432 1071 adjudicarunt,

162 1104 250 1187 quod
282 1103 424 1185 prelatus
456 1102 581 1183 iuvenis
612 1102 728 1163 debeat
752 1102 888 1163 eandem
923 1101 1057 1163 domum
1091 1121 1164 1163 cum
1197 1102 1264 1183 ipse
1289 1099 1432 1162 voluerit

159 1212 295 1288 intrare,
327 1210 443 1272 debeat
474 1228 594 1290 ponere
627 1208 738 1270 decern
769 1207 838 1270 flor.
872 1209 917 1269 uti
951 1209 1039 1290 prius
1071 1207 1132 1270 fuit
1163 1208 1353 1284 existimata,
1387 1206 1429 1268 ita

158 1331 279 1395 tamen,
311 1315 399 1397 quod
424 1313 548 1397 prelato
577 1315 662 1375 Luce
688 1313 804 1376 debeat
836 1315 984 1376 exolvere
1008 1314 1079 1376 flor.
1115 1314 1207 1391 duos,
1233 1332 1315 1394 quos
1347 1330 1430 1373 uxor

158 1422 273 1506 prelati
305 1421 442 1484 condam
468 1421 558 1482 Pauli
591 1421 856 1483 testamentaliter
889 1421 948 1482 sibi
981 1421 1118 1502 legavit3
1154 1419 1243 1482 aliud
1267 1433 1376 1481 sutem
1402 1418 1428 1479 si

158 1529 282 1611 aliquid
308 1529 393 1590 idem
419 1528 522 1590 Lucas
556 1528 740 1609 exposuerit
773 1548 831 1609 pro
861 1527 990 1610 prelatis
1021 1528 1167 1610 pecuniis
1190 1527 1296 1588 eidem
1327 1527 1430 1588 eciam

159 1649 344 1697 executores
369 1635 507 1696 debeant
524 1634 599 1696 dare
617 1634 702 1715 juxta
720 1635 808 1716 quod
829 1635 960 1696 debebit
980 1636 1140 1717 accipere;
1160 1633 1301 1717 prefatus
1326 1634 1431 1695 Lucas

158 1762 223 1803 non
250 1755 419 1804 contentus
442 1741 497 1802 sed
531 1741 705 1822 appellavit
729 1742 769 1802 ad
802 1743 943 1803 seniores
969 1741 1099 1823 judices.
1125 1742 1275 1804 Seniores
1306 1741 1431 1822 judices

159 1847 314 1931 prefatam
341 1868 469 1909 causam
494 1847 775 1910 confirmaverunt.

265 1954 390 2016 Eodem
416 1955 467 2015 die
492 1975 585 2016 causa
619 1955 701 2017 inter
726 1955 920 2036 Gregorium
955 1957 1093 2036 juratum
1119 1970 1149 2018 et
1173 1956 1337 2017 Thomam
1364 1956 1429 2017 Jal-

159 2061 249 2123 chich
275 2063 404 2123 racione
429 2076 460 2123 et
484 2076 630 2143 pretextu
656 2061 821 2123 cuiusdam
848 2064 1062 2144 percussionis
1087 2062 1199 2124 famuli
1224 2063 1284 2140 sui,
1301 2062 1429 2125 domini

157 2167 251 2248 jurati
277 2168 512 2248 adjudicarunt,
549 2169 636 2250 quod
664 2167 810 2249 ‘prelatus
842 2169 988 2230 Thomas
1013 2169 1155 2230 Jalchich
1189 2169 1336 2251 potencia
1363 2189 1429 2230 me·

157 2275 265 2336 diante
290 2274 425 2335 domum
452 2274 600 2355 Gregorii
627 2274 720 2353 jurati
756 2277 895 2354 intravit,
929 2276 1039 2356 ibique
1064 2275 1222 2337 famulum
1248 2290 1320 2336 ante
1345 2276 1429 2338 cela·

157 2381 240 2442 rium
258 2400 352 2441 suurn
371 2382 525 2462 percussit
539 2395 570 2443 et
586 2381 715 2442 tandem
734 2383 773 2442 ad
788 2399 902 2443 terram
921 2381 1066 2463 projecit,
1084 2382 1157 2443 ideo
1176 2383 1260 2442 idem
1280 2381 1429 2443 Thomas

157 2502 204 2550 est
229 2489 395 2550 convictus
419 2502 449 2548 et
474 2487 675 2567 adjudicatus
693 2489 724 2548 in
750 2489 918 2570 potencia;
939 2488 1063 2570 prelato
1082 2503 1187 2550 autern
1214 2487 1338 2550 famulo
1356 2509 1428 2568 suo,

156 2614 254 2676 quem
280 2594 319 2655 ad
344 2607 460 2655 terram
486 2595 655 2675 prostravit
680 2608 710 2655 et
728 2595 859 2656 tandem
884 2596 1040 2676 percussit
1057 2597 1163 2657 eidem
1189 2609 1235 2658 est
1259 2597 1428 2658 convictus

154 2701 187 2762 in
212 2702 365 2782 homagio
389 2702 475 2764 vivo

263 2807 387 2868 Eodem
414 2807 465 2867 die
490 2826 583 2867 causa
617 2807 698 2867 inter
723 2808 931 2868 Dominicum
964 2809 1176 2889 presbiterum
1210 2823 1240 2870 et
1264 2808 1425 2890 quosdam

155 2913 331 2974 Alemauos
356 2913 483 2973 racione
509 2913 600 2973 cuius
617 2914 843 2994 percussionis,
873 2915 998 2975 domini
1016 2914 1108 2994 jurati
1134 2915 1370 2994 adjudicarunt,
1388 2938 1427 2977 ex

154 3038 221 3099 quo
246 3015 387 3100 prefatus
413 3019 604 3079 Dominicus
622 3021 777 3100 presbiter
795 3021 950 3101 percussit
974 3037 1005 3082 et
1029 3022 1211 3083 vulneravit
1233 3023 1336 3085 tribus
1353 3044 1425 3104 per·

154 3126 366 3204 cussionibus,
391 3126 476 3186 idem
502 3126 653 3186 dominus
678 3128 833 3207 presbiter
856 3129 1021 3189 convictus
1038 3144 1084 3190 est
1109 3149 1166 3210 pro
1191 3130 1336 3210 qualibet
1352 3151 1425 3212 per·

154 3232 300 3292 cussione
327 3232 357 3291 in
383 3233 528 3313 quinque
553 3233 659 3313 pensis
676 3234 901 3309 denariorum3
926 3236 1055 3297 tandem
1082 3236 1214 3316 quidam
1240 3236 1322 3298 alius
1346 3239 1424 3300 Ale-

156 3358 270 3399 manus
294 3339 349 3418 qui
375 3339 405 3397 in
432 3339 531 3399 domo
557 3340 672 3398 sedens
697 3341 727 3399 in
761 3361 838 3421 pace
865 3357 895 3403 et
920 3342 1017 3402 nichil
1044 3341 1172 3420 faciens,
1198 3343 1284 3404 idem
1309 3343 1425 3406 Domi-

156 3446 246 3506 nicus
271 3445 436 3526 presbiter,
462 3466 499 3505 ex
532 3465 597 3526 quo
630 3447 768 3507 eundem
802 3449 977 3529 appellavit
1000 3469 1067 3510 esse
1100 3448 1274 3530 predonem
1301 3465 1332 3511 et
1356 3471 1423 3514 non

156 3553 260 3632 potuit
285 3552 422 3612 eundem
455 3551 627 3628 testificari,
660 3552 763 3613 eidem
797 3556 897 3614 eciam
931 3570 976 3615 est
1001 3556 1166 3616 convictus
1199 3556 1230 3616 in
1256 3557 1331 3617 vivo
1364 3557 1423 3620 ho-

153 3659 280 3738 magio;
304 3658 436 3718 adversa
462 3679 532 3739 pars
558 3679 622 3719 non
640 3673 789 3720 contenta
819 3661 858 3720 de
883 3661 1004 3738 judicio
1030 3663 1206 3736 juratorum
1231 3662 1287 3724 sed
1308 3666 1423 3744 appel-

152 3764 228 3824 lavit
252 3764 291 3824 ad
316 3765 457 3824 seniores
482 3764 613 3843 judices.

260 3871 383 3932 Eodem
410 3872 461 3932 die
486 3892 579 3932 causa
598 3873 679 3932 inter
705 3873 839 3933 Paulum
859 3874 992 3934 l‘echich
1019 3889 1049 3933 et
1067 3889 1251 3935 executores
1276 3876 1419 3940 condam

152 3976 261 4036 Jacobi
288 3977 461 4038 Bekethich
488 3979 614 4038 racione
648 3979 757 4037 decem
780 3979 860 4056 flor,
886 4000 967 4060 quos
992 3981 1111 4041 Paulus
1145 3981 1280 4042 Pechich
1315 4002 1420 4066 usque

149 4098 298 4144 octavum
317 4086 402 4145 diem
421 4087 644 4147 executoribus
661 4087 775 4147 debeat
793 4088 967 4164 exsolvere,
993 4089 1016 4148 si
1036 4104 1142 4150 autern
1161 4090 1284 4170 aliquid
1302 4107 1416 4155 contra

153 4191 285 4251 eosdem
304 4192 422 4251 Paulus
446 4194 657 4270 attentaverit,
673 4194 732 4254 hoc
758 4194 854 4253 iidem
875 4196 1067 4275 respondere
1094 4197 1259 4257 habebunt
1283 4196 1421 4276 judicia·

151 4297 242 4372 liter;
268 4296 408 4378 prefatus
427 4299 543 4358 Paulus
558 4320 621 4359 non
636 4315 806 4361 contentus
820 4301 875 4361 sed
888 4302 1061 4382 appellavit
1074 4303 1113 4362 ad
1128 4304 1271 4364 seniores
1283 4303 1419 4384 judices.

256 4528 352 4606 Faria
382 4529 486 4608 tercia
516 4541 672 4626 proxima
700 4548 777 4627 post
806 4540 927 4610 lestum
957 4539 1171 4612 visitationis
1200 4542 1317 4614 llarie.

703 4705 745 4766 (5.
763 4695 860 4768 julir).

255 4829 418 4891 lohannes
441 4831 548 4892 senior
572 4829 667 4911 judex
700 4833 805 4914 primo
831 4834 943 4894 citatus
974 4834 1014 4894 ad
1040 4834 1229 4896 instanciam
1263 4834 1417 4921 Gregorii

147 4937 278 4999 sartoris
301 4940 379 5018 (non
406 4938 607 5019 comparuit).
