<?xml version="1.0" encoding="UTF-8"?>
<!DOCTYPE html PUBLIC "-//W3C//DTD XHTML 1.0 Transitional//EN"
    "http://www.w3.org/TR/xhtml1/DTD/xhtml1-transitional.dtd">
<html xmlns="http://www.w3.org/1999/xhtml" xml:lang="en" lang="en">
 <head>
  <title>
</title>
<meta http-equiv="Content-Type" content="text/html;charset=utf-8" />
  <meta name='ocr-system' content='tesseract 3.04.00' />
  <meta name='ocr-capabilities' content='ocr_page ocr_carea ocr_par ocr_line ocrx_word'/>
</head>
<body>
  <div class='ocr_page' id='page_1' title='image "./monumentahistor17laszgoog_0302.png"; bbox 0 0 3142 5356; ppageno 0'>
   <div class='ocr_carea' id='block_1_1' title="bbox 174 501 1444 2710">
    <p class='ocr_par' dir='ltr' id='par_1_1' title="bbox 192 501 1441 900">
     <span class='ocr_line' id='line_1_1' title="bbox 730 501 880 561; baseline 0.02 -3"><span class='ocrx_word' id='word_1_1' title='bbox 730 501 880 561; x_wconf 79' lang='lat' dir='ltr'>Addendo.</span> 
     </span>
     <span class='ocr_line' id='line_1_2' title="bbox 199 700 1441 794; baseline 0.008 -31"><span class='ocrx_word' id='word_1_2' title='bbox 199 700 352 790; x_wconf 83' lang='lat' dir='ltr'>Gregorius</span> <span class='ocrx_word' id='word_1_3' title='bbox 374 733 440 775; x_wconf 89' lang='lat' dir='ltr'>uon</span> <span class='ocrx_word' id='word_1_4' title='bbox 465 713 628 793; x_wconf 88' lang='lat' dir='ltr'>juraverit,</span> <span class='ocrx_word' id='word_1_5' title='bbox 646 713 814 775; x_wconf 90' lang='lat' dir='ltr'>convictus</span> <span class='ocrx_word' id='word_1_6' title='bbox 835 726 882 774; x_wconf 90' lang='lat' dir='ltr'>est</span> <span class='ocrx_word' id='word_1_7' title='bbox 906 714 939 774; x_wconf 92' lang='lat' dir='ltr'>iu</span> <span class='ocrx_word' id='word_1_8' title='bbox 957 713 1025 792; x_wconf 91' lang='lat' dir='ltr'>illo,</span> <span class='ocrx_word' id='word_1_9' title='bbox 1049 731 1146 794; x_wconf 90' lang='lat' dir='ltr'>super</span> <span class='ocrx_word' id='word_1_10' title='bbox 1163 731 1229 794; x_wconf 90' lang='lat' dir='ltr'>quo</span> <span class='ocrx_word' id='word_1_11' title='bbox 1254 712 1341 774; x_wconf 92' lang='lat' dir='ltr'>idem</span> <span class='ocrx_word' id='word_1_12' title='bbox 1360 713 1441 774; x_wconf 93' lang='lat' dir='ltr'>Lau-</span> 
     </span>
     <span class='ocr_line' id='line_1_3' title="bbox 192 817 594 900; baseline 0.04 -33"><span class='ocrx_word' id='word_1_13' title='bbox 192 817 304 881; x_wconf 88' lang='lat' dir='ltr'>rencius</span> <span class='ocrx_word' id='word_1_14' title='bbox 325 821 429 900; x_wconf 73' lang='lat' dir='ltr'>iurare</span> <span class='ocrx_word' id='word_1_15' title='bbox 454 820 594 883; x_wconf 85' lang='lat' dir='ltr'>debebit.</span> 
     </span>
    </p>

    <p class='ocr_par' dir='ltr' id='par_1_2' title="bbox 174 924 1444 1842">
     <span class='ocr_line' id='line_1_4' title="bbox 286 924 1443 1009; baseline -0.001 -20"><span class='ocrx_word' id='word_1_16' title='bbox 286 926 385 989; x_wconf 83' lang='lat' dir='ltr'><strong>Causa</strong></span> <span class='ocrx_word' id='word_1_17' title='bbox 411 929 494 989; x_wconf 91' lang='lat' dir='ltr'>inter</span> <span class='ocrx_word' id='word_1_18' title='bbox 526 927 677 1009; x_wconf 86' lang='lat' dir='ltr'>Magdam</span> <span class='ocrx_word' id='word_1_19' title='bbox 710 926 906 988; x_wconf 89' lang='lat' dir='ltr'>servitricem</span> <span class='ocrx_word' id='word_1_20' title='bbox 941 924 1073 1008; x_wconf 83' lang='lat' dir='ltr'><strong>Georgii</strong></span> <span class='ocrx_word' id='word_1_21' title='bbox 1107 925 1297 1008; x_wconf 82' lang='lat' dir='ltr'>carpentarii</span> <span class='ocrx_word' id='word_1_22' title='bbox 1329 939 1360 988; x_wconf 92' lang='lat' dir='ltr'>et</span> <span class='ocrx_word' id='word_1_23' title='bbox 1384 926 1443 988; x_wconf 91' lang='lat' dir='ltr'>Mi·</span> 
     </span>
     <span class='ocr_line' id='line_1_5' title="bbox 183 1021 1444 1117; baseline 0.01 -36"><span class='ocrx_word' id='word_1_24' title='bbox 183 1021 319 1094; x_wconf 87' lang='lat' dir='ltr'>chaelem</span> <span class='ocrx_word' id='word_1_25' title='bbox 343 1053 454 1117; x_wconf 90' lang='lat' dir='ltr'>sporar</span> <span class='ocrx_word' id='word_1_26' title='bbox 480 1035 608 1095; x_wconf 81' lang='lat' dir='ltr'>racione</span> <span class='ocrx_word' id='word_1_27' title='bbox 634 1033 801 1094; x_wconf 90' lang='lat' dir='ltr'>cuiusdam</span> <span class='ocrx_word' id='word_1_28' title='bbox 820 1033 1036 1114; x_wconf 84' lang='lat' dir='ltr'>percussionis</span> <span class='ocrx_word' id='word_1_29' title='bbox 1061 1047 1091 1095; x_wconf 90' lang='lat' dir='ltr'>et</span> <span class='ocrx_word' id='word_1_30' title='bbox 1108 1032 1370 1114; x_wconf 89' lang='lat' dir='ltr'>vituperacionis,</span> <span class='ocrx_word' id='word_1_31' title='bbox 1388 1032 1444 1094; x_wconf 95' lang='lat' dir='ltr'>ubi</span> 
     </span>
     <span class='ocr_line' id='line_1_6' title="bbox 178 1125 1444 1222; baseline 0.005 -27"><span class='ocrx_word' id='word_1_32' title='bbox 178 1125 273 1205; x_wconf 80' lang='lat' dir='ltr'>iurati</span> <span class='ocrx_word' id='word_1_33' title='bbox 303 1141 579 1222; x_wconf 90' lang='lat' dir='ltr'>adjudicaverunt,</span> <span class='ocrx_word' id='word_1_34' title='bbox 613 1140 701 1222; x_wconf 89' lang='lat' dir='ltr'>quod</span> <span class='ocrx_word' id='word_1_35' title='bbox 736 1159 773 1201; x_wconf 84' lang='lat' dir='ltr'>ex</span> <span class='ocrx_word' id='word_1_36' title='bbox 807 1159 872 1221; x_wconf 93' lang='lat' dir='ltr'>quo</span> <span class='ocrx_word' id='word_1_37' title='bbox 904 1138 1027 1221; x_wconf 90' lang='lat' dir='ltr'>prefata</span> <span class='ocrx_word' id='word_1_38' title='bbox 1062 1139 1179 1221; x_wconf 87' lang='lat' dir='ltr'>Magda</span> <span class='ocrx_word' id='word_1_39' title='bbox 1202 1158 1336 1201; x_wconf 87' lang='lat' dir='ltr'>uxorem</span> <span class='ocrx_word' id='word_1_40' title='bbox 1368 1138 1444 1201; x_wconf 91' lang='lat' dir='ltr'>dicti</span> 
     </span>
     <span class='ocr_line' id='line_1_7' title="bbox 176 1233 1443 1329; baseline 0.009 -34"><span class='ocrx_word' id='word_1_41' title='bbox 176 1233 343 1308; x_wconf 80' lang='lat' dir='ltr'>Michaelis</span> <span class='ocrx_word' id='word_1_42' title='bbox 366 1262 463 1329; x_wconf 92' lang='lat' dir='ltr'>prout</span> <span class='ocrx_word' id='word_1_43' title='bbox 488 1247 574 1308; x_wconf 91' lang='lat' dir='ltr'>idem</span> <span class='ocrx_word' id='word_1_44' title='bbox 601 1245 738 1308; x_wconf 86' lang='lat' dir='ltr'>Michael</span> <span class='ocrx_word' id='word_1_45' title='bbox 763 1245 884 1324; x_wconf 87' lang='lat' dir='ltr'>asserit,</span> <span class='ocrx_word' id='word_1_46' title='bbox 909 1246 1113 1327; x_wconf 85' lang='lat' dir='ltr'>vituperavit,</span> <span class='ocrx_word' id='word_1_47' title='bbox 1138 1261 1169 1309; x_wconf 88' lang='lat' dir='ltr'>et</span> <span class='ocrx_word' id='word_1_48' title='bbox 1193 1265 1251 1328; x_wconf 94' lang='lat' dir='ltr'>pro</span> <span class='ocrx_word' id='word_1_49' title='bbox 1276 1245 1443 1327; x_wconf 79' lang='lat' dir='ltr'>vituperiis</span> 
     </span>
     <span class='ocr_line' id='line_1_8' title="bbox 175 1338 1441 1435; baseline 0.011 -35"><span class='ocrx_word' id='word_1_50' title='bbox 175 1338 359 1416; x_wconf 87' lang='lat' dir='ltr'>huiusmodi</span> <span class='ocrx_word' id='word_1_51' title='bbox 378 1354 497 1415; x_wconf 92' lang='lat' dir='ltr'>dictam</span> <span class='ocrx_word' id='word_1_52' title='bbox 522 1353 672 1415; x_wconf 90' lang='lat' dir='ltr'>ancillam</span> <span class='ocrx_word' id='word_1_53' title='bbox 691 1353 856 1435; x_wconf 86' lang='lat' dir='ltr'>percussit,</span> <span class='ocrx_word' id='word_1_54' title='bbox 882 1353 955 1415; x_wconf 90' lang='lat' dir='ltr'>ideo</span> <span class='ocrx_word' id='word_1_55' title='bbox 981 1353 1066 1414; x_wconf 90' lang='lat' dir='ltr'>idem</span> <span class='ocrx_word' id='word_1_56' title='bbox 1091 1354 1208 1415; x_wconf 89' lang='lat' dir='ltr'>ancilla</span> <span class='ocrx_word' id='word_1_57' title='bbox 1233 1352 1337 1434; x_wconf 87' lang='lat' dir='ltr'>jurare</span> <span class='ocrx_word' id='word_1_58' title='bbox 1362 1352 1441 1415; x_wconf 86' lang='lat' dir='ltr'>feria</span> 
     </span>
     <span class='ocr_line' id='line_1_9' title="bbox 174 1459 1441 1542; baseline 0.013 -37"><span class='ocrx_word' id='word_1_59' title='bbox 174 1465 266 1518; x_wconf 85' lang='lat' dir='ltr'>sexta</span> <span class='ocrx_word' id='word_1_60' title='bbox 289 1474 356 1542; x_wconf 91' lang='lat' dir='ltr'>post</span> <span class='ocrx_word' id='word_1_61' title='bbox 391 1461 588 1522; x_wconf 91' lang='lat' dir='ltr'>dominicam</span> <span class='ocrx_word' id='word_1_62' title='bbox 623 1459 723 1533; x_wconf 88' lang='lat' dir='ltr'>Quasi</span> <span class='ocrx_word' id='word_1_63' title='bbox 756 1460 855 1521; x_wconf 92' lang='lat' dir='ltr'>modo</span> <span class='ocrx_word' id='word_1_64' title='bbox 887 1460 986 1540; x_wconf 89' lang='lat' dir='ltr'>geniti</span> <span class='ocrx_word' id='word_1_65' title='bbox 1021 1460 1161 1539; x_wconf 89' lang='lat' dir='ltr'>debebit,</span> <span class='ocrx_word' id='word_1_66' title='bbox 1194 1459 1282 1541; x_wconf 96' lang='lat' dir='ltr'>quod</span> <span class='ocrx_word' id='word_1_67' title='bbox 1308 1478 1441 1521; x_wconf 87' lang='lat' dir='ltr'>uxorem</span> 
     </span>
     <span class='ocr_line' id='line_1_10' title="bbox 175 1551 1443 1648; baseline 0.003 -26"><span class='ocrx_word' id='word_1_68' title='bbox 175 1551 257 1622; x_wconf 79' lang='lat' dir='ltr'>dicti</span> <span class='ocrx_word' id='word_1_69' title='bbox 280 1566 443 1628; x_wconf 85' lang='lat' dir='ltr'>Michaelis</span> <span class='ocrx_word' id='word_1_70' title='bbox 474 1585 539 1627; x_wconf 88' lang='lat' dir='ltr'>uon</span> <span class='ocrx_word' id='word_1_71' title='bbox 572 1566 784 1647; x_wconf 88' lang='lat' dir='ltr'>vituperavit;</span> <span class='ocrx_word' id='word_1_72' title='bbox 816 1566 964 1647; x_wconf 90' lang='lat' dir='ltr'>deposito</span> <span class='ocrx_word' id='word_1_73' title='bbox 996 1567 1104 1648; x_wconf 90' lang='lat' dir='ltr'>itaque</span> <span class='ocrx_word' id='word_1_74' title='bbox 1137 1566 1323 1628; x_wconf 90' lang='lat' dir='ltr'>huiusmodi</span> <span class='ocrx_word' id='word_1_75' title='bbox 1359 1565 1443 1647; x_wconf 89' lang='lat' dir='ltr'>jura·</span> 
     </span>
     <span class='ocr_line' id='line_1_11' title="bbox 176 1673 1443 1756; baseline 0.006 -29"><span class='ocrx_word' id='word_1_76' title='bbox 176 1677 287 1732; x_wconf 82' lang='lat' dir='ltr'>mento</span> <span class='ocrx_word' id='word_1_77' title='bbox 319 1673 404 1735; x_wconf 91' lang='lat' dir='ltr'>idem</span> <span class='ocrx_word' id='word_1_78' title='bbox 443 1673 581 1734; x_wconf 87' lang='lat' dir='ltr'>Michael</span> <span class='ocrx_word' id='word_1_79' title='bbox 616 1692 727 1754; x_wconf 90' lang='lat' dir='ltr'>sporar</span> <span class='ocrx_word' id='word_1_80' title='bbox 763 1673 929 1734; x_wconf 89' lang='lat' dir='ltr'>convictus</span> <span class='ocrx_word' id='word_1_81' title='bbox 965 1686 1012 1734; x_wconf 92' lang='lat' dir='ltr'>est</span> <span class='ocrx_word' id='word_1_82' title='bbox 1047 1673 1079 1733; x_wconf 92' lang='lat' dir='ltr'>in</span> <span class='ocrx_word' id='word_1_83' title='bbox 1108 1692 1191 1756; x_wconf 87' lang='lat' dir='ltr'>pena</span> <span class='ocrx_word' id='word_1_84' title='bbox 1228 1673 1443 1754; x_wconf 87' lang='lat' dir='ltr'>percussionis</span> 
     </span>
     <span class='ocr_line' id='line_1_12' title="bbox 179 1762 373 1842; baseline 0.036 -8"><span class='ocrx_word' id='word_1_85' title='bbox 179 1762 373 1842; x_wconf 80' lang='lat' dir='ltr'>huiusmodi.</span> 
     </span>
    </p>

    <p class='ocr_par' dir='ltr' id='par_1_3' title="bbox 283 1991 1114 2074">
     <span class='ocr_line' id='line_1_13' title="bbox 283 1991 1114 2074; baseline 0 -20"><span class='ocrx_word' id='word_1_86' title='bbox 283 1991 356 2054; x_wconf 90' lang='lat' dir='ltr'>ltem</span> <span class='ocrx_word' id='word_1_87' title='bbox 383 1992 508 2054; x_wconf 90' lang='lat' dir='ltr'>Blasius</span> <span class='ocrx_word' id='word_1_88' title='bbox 532 1994 658 2054; x_wconf 91' lang='lat' dir='ltr'>kramar</span> <span class='ocrx_word' id='word_1_89' title='bbox 682 2012 781 2074; x_wconf 89' lang='lat' dir='ltr'>penes</span> <span class='ocrx_word' id='word_1_90' title='bbox 806 2006 931 2073; x_wconf 90' lang='lat' dir='ltr'>portam</span> <span class='ocrx_word' id='word_1_91' title='bbox 957 1992 1114 2055; x_wconf 89' lang='lat' dir='ltr'>habitans.</span> 
     </span>
    </p>

    <p class='ocr_par' dir='ltr' id='par_1_4' title="bbox 285 2097 1044 2181">
     <span class='ocr_line' id='line_1_14' title="bbox 285 2097 1044 2181; baseline 0.005 -22"><span class='ocrx_word' id='word_1_92' title='bbox 285 2098 360 2162; x_wconf 87' lang='lat' dir='ltr'>ltcm</span> <span class='ocrx_word' id='word_1_93' title='bbox 386 2099 568 2181; x_wconf 89' lang='lat' dir='ltr'>Stephanus</span> <span class='ocrx_word' id='word_1_94' title='bbox 593 2098 734 2181; x_wconf 90' lang='lat' dir='ltr'>frenipar</span> <span class='ocrx_word' id='word_1_95' title='bbox 758 2118 830 2160; x_wconf 89' lang='lat' dir='ltr'>curn</span> <span class='ocrx_word' id='word_1_96' title='bbox 857 2097 951 2160; x_wconf 89' lang='lat' dir='ltr'>fratre</span> <span class='ocrx_word' id='word_1_97' title='bbox 976 2119 1044 2163; x_wconf 91' lang='lat' dir='ltr'>su0.</span> 
     </span>
    </p>

    <p class='ocr_par' dir='ltr' id='par_1_5' title="bbox 285 2205 1110 2288">
     <span class='ocr_line' id='line_1_15' title="bbox 285 2205 1110 2288; baseline 0.002 -21"><span class='ocrx_word' id='word_1_98' title='bbox 285 2205 359 2268; x_wconf 89' lang='lat' dir='ltr'>ltem</span> <span class='ocrx_word' id='word_1_99' title='bbox 385 2206 577 2267; x_wconf 88' lang='lat' dir='ltr'>Valentinus</span> <span class='ocrx_word' id='word_1_100' title='bbox 601 2205 742 2288; x_wconf 87' lang='lat' dir='ltr'>frenipar</span> <span class='ocrx_word' id='word_1_101' title='bbox 767 2225 839 2266; x_wconf 92' lang='lat' dir='ltr'>cum</span> <span class='ocrx_word' id='word_1_102' title='bbox 865 2205 1015 2267; x_wconf 84' lang='lat' dir='ltr'>familiari</span> <span class='ocrx_word' id='word_1_103' title='bbox 1041 2226 1110 2269; x_wconf 90' lang='lat' dir='ltr'>su0.</span> 
     </span>
    </p>

    <p class='ocr_par' dir='ltr' id='par_1_6' title="bbox 282 2310 1009 2393">
     <span class='ocr_line' id='line_1_16' title="bbox 282 2310 1009 2393; baseline 0.003 -21"><span class='ocrx_word' id='word_1_104' title='bbox 282 2310 356 2373; x_wconf 89' lang='lat' dir='ltr'>ltem</span> <span class='ocrx_word' id='word_1_105' title='bbox 383 2311 532 2373; x_wconf 89' lang='lat' dir='ltr'>Matheus</span> <span class='ocrx_word' id='word_1_106' title='bbox 557 2311 697 2393; x_wconf 90' lang='lat' dir='ltr'>frenipar</span> <span class='ocrx_word' id='word_1_107' title='bbox 721 2332 793 2374; x_wconf 92' lang='lat' dir='ltr'>cum</span> <span class='ocrx_word' id='word_1_108' title='bbox 820 2311 915 2373; x_wconf 90' lang='lat' dir='ltr'>fratre</span> <span class='ocrx_word' id='word_1_109' title='bbox 939 2332 1009 2374; x_wconf 91' lang='lat' dir='ltr'>suo.</span> 
     </span>
    </p>

    <p class='ocr_par' dir='ltr' id='par_1_7' title="bbox 281 2417 1069 2481">
     <span class='ocr_line' id='line_1_17' title="bbox 281 2417 1069 2481; baseline 0.003 -2"><span class='ocrx_word' id='word_1_110' title='bbox 281 2417 357 2479; x_wconf 89' lang='lat' dir='ltr'>Item</span> <span class='ocrx_word' id='word_1_111' title='bbox 383 2418 547 2479; x_wconf 90' lang='lat' dir='ltr'>lohannes</span> <span class='ocrx_word' id='word_1_112' title='bbox 572 2418 705 2479; x_wconf 92' lang='lat' dir='ltr'>lonchar</span> <span class='ocrx_word' id='word_1_113' title='bbox 729 2439 801 2479; x_wconf 92' lang='lat' dir='ltr'>cum</span> <span class='ocrx_word' id='word_1_114' title='bbox 825 2417 975 2480; x_wconf 86' lang='lat' dir='ltr'>familiari</span> <span class='ocrx_word' id='word_1_115' title='bbox 999 2437 1069 2481; x_wconf 89' lang='lat' dir='ltr'>suu.</span> 
     </span>
    </p>

    <p class='ocr_par' dir='ltr' id='par_1_8' title="bbox 283 2523 1442 2607">
     <span class='ocr_line' id='line_1_18' title="bbox 283 2523 1442 2607; baseline 0.003 -23"><span class='ocrx_word' id='word_1_116' title='bbox 283 2523 358 2586; x_wconf 89' lang='lat' dir='ltr'>ltem</span> <span class='ocrx_word' id='word_1_117' title='bbox 384 2525 567 2606; x_wconf 87' lang='lat' dir='ltr'>Stephanus</span> <span class='ocrx_word' id='word_1_118' title='bbox 591 2523 761 2604; x_wconf 79' lang='lat' dir='ltr'>aurifaber,</span> <span class='ocrx_word' id='word_1_119' title='bbox 788 2525 969 2607; x_wconf 90' lang='lat' dir='ltr'>Stephanus</span> <span class='ocrx_word' id='word_1_120' title='bbox 987 2539 1018 2587; x_wconf 92' lang='lat' dir='ltr'>et</span> <span class='ocrx_word' id='word_1_121' title='bbox 1036 2527 1146 2587; x_wconf 84' lang='lat' dir='ltr'>Petrus</span> <span class='ocrx_word' id='word_1_122' title='bbox 1164 2524 1339 2587; x_wconf 84' lang='lat' dir='ltr'>familiares</span> <span class='ocrx_word' id='word_1_123' title='bbox 1363 2527 1442 2589; x_wconf 90' lang='lat' dir='ltr'>eius.</span> 
     </span>
    </p>

    <p class='ocr_par' dir='ltr' id='par_1_9' title="bbox 283 2630 867 2710">
     <span class='ocr_line' id='line_1_19' title="bbox 283 2630 867 2710; baseline 0.005 -19"><span class='ocrx_word' id='word_1_124' title='bbox 283 2630 358 2694; x_wconf 90' lang='lat' dir='ltr'>ltem</span> <span class='ocrx_word' id='word_1_125' title='bbox 386 2631 511 2693; x_wconf 86' lang='lat' dir='ltr'>Blasius</span> <span class='ocrx_word' id='word_1_126' title='bbox 535 2634 671 2710; x_wconf 75' lang='lat' dir='ltr'>hamar,</span> <span class='ocrx_word' id='word_1_127' title='bbox 700 2634 867 2695; x_wconf 84' lang='lat' dir='ltr'>Almanus.</span> 
     </span>
    </p>
   </div>
   <div class='ocr_carea' id='block_1_2' title="bbox 779 2825 835 2892">
    <p class='ocr_par' dir='ltr' id='par_1_10' title="bbox 779 2825 835 2892">
     <span class='ocr_line' id='line_1_20' title="bbox 779 2825 835 2892; baseline 0.018 -1"><span class='ocrx_word' id='word_1_128' title='bbox 779 2825 835 2892; x_wconf 74' lang='lat'>12.</span> 
     </span>
    </p>
   </div>
   <div class='ocr_carea' id='block_1_3' title="bbox 141 2949 1441 4422">
    <p class='ocr_par' dir='ltr' id='par_1_11' title="bbox 283 2949 888 3031">
     <span class='ocr_line' id='line_1_21' title="bbox 283 2949 888 3031; baseline 0.002 -21"><span class='ocrx_word' id='word_1_129' title='bbox 283 2949 359 3012; x_wconf 89' lang='lat' dir='ltr'>Item</span> <span class='ocrx_word' id='word_1_130' title='bbox 384 2968 449 3031; x_wconf 90' lang='lat' dir='ltr'>que</span> <span class='ocrx_word' id='word_1_131' title='bbox 473 2949 617 3011; x_wconf 88' lang='lat' dir='ltr'>laboravi</span> <span class='ocrx_word' id='word_1_132' title='bbox 643 2951 888 3012; x_wconf 88' lang='lat' dir='ltr'>communitati:</span> 
     </span>
    </p>

    <p class='ocr_par' dir='ltr' id='par_1_12' title="bbox 283 3056 941 3138">
     <span class='ocr_line' id='line_1_22' title="bbox 283 3056 941 3138; baseline 0.008 -22"><span class='ocrx_word' id='word_1_133' title='bbox 283 3056 388 3118; x_wconf 91' lang='lat' dir='ltr'>Primo</span> <span class='ocrx_word' id='word_1_134' title='bbox 414 3076 512 3118; x_wconf 90' lang='lat' dir='ltr'>unam</span> <span class='ocrx_word' id='word_1_135' title='bbox 536 3056 705 3119; x_wconf 89' lang='lat' dir='ltr'>cathenam</span> <span class='ocrx_word' id='word_1_136' title='bbox 728 3058 815 3138; x_wconf 86' lang='lat' dir='ltr'>wigo</span> <span class='ocrx_word' id='word_1_137' title='bbox 840 3058 941 3122; x_wconf 91' lang='lat' dir='ltr'>lancz.</span> 
     </span>
    </p>

    <p class='ocr_par' dir='ltr' id='par_1_13' title="bbox 284 3163 1122 3248">
     <span class='ocr_line' id='line_1_23' title="bbox 284 3163 1122 3248; baseline 0.006 -24"><span class='ocrx_word' id='word_1_138' title='bbox 284 3163 357 3225; x_wconf 90' lang='lat' dir='ltr'>ltem</span> <span class='ocrx_word' id='word_1_139' title='bbox 383 3182 484 3224; x_wconf 91' lang='lat' dir='ltr'>unum</span> <span class='ocrx_word' id='word_1_140' title='bbox 510 3165 596 3245; x_wconf 87' lang='lat' dir='ltr'>wlgo</span> <span class='ocrx_word' id='word_1_141' title='bbox 620 3165 711 3245; x_wconf 90' lang='lat' dir='ltr'>goler</span> <span class='ocrx_word' id='word_1_142' title='bbox 736 3164 776 3225; x_wconf 89' lang='lat' dir='ltr'>ad</span> <span class='ocrx_word' id='word_1_143' title='bbox 801 3165 885 3226; x_wconf 88' lang='lat' dir='ltr'>colla</span> <span class='ocrx_word' id='word_1_144' title='bbox 910 3166 1122 3248; x_wconf 90' lang='lat' dir='ltr'>captivorum.</span> 
     </span>
    </p>

    <p class='ocr_par' dir='ltr' id='par_1_14' title="bbox 284 3268 1162 3355">
     <span class='ocr_line' id='line_1_24' title="bbox 284 3268 1162 3355; baseline 0.008 -26"><span class='ocrx_word' id='word_1_145' title='bbox 284 3268 356 3332; x_wconf 89' lang='lat' dir='ltr'>ltem</span> <span class='ocrx_word' id='word_1_146' title='bbox 383 3289 482 3331; x_wconf 90' lang='lat' dir='ltr'>unam</span> <span class='ocrx_word' id='word_1_147' title='bbox 507 3290 609 3331; x_wconf 90' lang='lat' dir='ltr'>seram</span> <span class='ocrx_word' id='word_1_148' title='bbox 635 3291 785 3350; x_wconf 88' lang='lat' dir='ltr'>magnam</span> <span class='ocrx_word' id='word_1_149' title='bbox 809 3271 848 3332; x_wconf 93' lang='lat' dir='ltr'>ad</span> <span class='ocrx_word' id='word_1_150' title='bbox 874 3273 1000 3334; x_wconf 91' lang='lat' dir='ltr'>Novam</span> <span class='ocrx_word' id='word_1_151' title='bbox 1025 3287 1162 3355; x_wconf 91' lang='lat' dir='ltr'>portam.</span> 
     </span>
    </p>

    <p class='ocr_par' dir='ltr' id='par_1_15' title="bbox 282 3375 793 3458">
     <span class='ocr_line' id='line_1_25' title="bbox 282 3375 793 3458; baseline 0.006 -22"><span class='ocrx_word' id='word_1_152' title='bbox 282 3375 356 3438; x_wconf 90' lang='lat' dir='ltr'>ltem</span> <span class='ocrx_word' id='word_1_153' title='bbox 382 3396 574 3458; x_wconf 91' lang='lat' dir='ltr'>campanam</span> <span class='ocrx_word' id='word_1_154' title='bbox 600 3377 793 3439; x_wconf 85' lang='lat' dir='ltr'>refformavi.</span> 
     </span>
    </p>

    <p class='ocr_par' dir='ltr' id='par_1_16' title="bbox 283 3481 1055 3550">
     <span class='ocr_line' id='line_1_26' title="bbox 283 3481 1055 3550; baseline 0.012 -9"><span class='ocrx_word' id='word_1_155' title='bbox 283 3481 358 3545; x_wconf 90' lang='lat' dir='ltr'>ltem</span> <span class='ocrx_word' id='word_1_156' title='bbox 384 3502 481 3544; x_wconf 88' lang='lat' dir='ltr'>unam</span> <span class='ocrx_word' id='word_1_157' title='bbox 508 3484 689 3544; x_wconf 90' lang='lat' dir='ltr'>clausuram</span> <span class='ocrx_word' id='word_1_158' title='bbox 714 3484 753 3545; x_wconf 91' lang='lat' dir='ltr'>ad</span> <span class='ocrx_word' id='word_1_159' title='bbox 779 3485 887 3546; x_wconf 89' lang='lat' dir='ltr'>valvas</span> <span class='ocrx_word' id='word_1_160' title='bbox 912 3486 1055 3550; x_wconf 87' lang='lat' dir='ltr'>ecclesie.</span> 
     </span>
    </p>

    <p class='ocr_par' dir='ltr' id='par_1_17' title="bbox 283 3587 1124 3671">
     <span class='ocr_line' id='line_1_27' title="bbox 283 3587 1124 3671; baseline 0.008 -24"><span class='ocrx_word' id='word_1_161' title='bbox 283 3587 356 3650; x_wconf 90' lang='lat' dir='ltr'>ltem</span> <span class='ocrx_word' id='word_1_162' title='bbox 381 3589 443 3651; x_wconf 89' lang='lat' dir='ltr'>tria</span> <span class='ocrx_word' id='word_1_163' title='bbox 468 3589 587 3650; x_wconf 86' lang='lat' dir='ltr'>lamina</span> <span class='ocrx_word' id='word_1_164' title='bbox 613 3589 756 3671; x_wconf 91' lang='lat' dir='ltr'>disposui</span> <span class='ocrx_word' id='word_1_165' title='bbox 782 3591 821 3651; x_wconf 89' lang='lat' dir='ltr'>ad</span> <span class='ocrx_word' id='word_1_166' title='bbox 846 3592 958 3653; x_wconf 87' lang='lat' dir='ltr'>stallos</span> <span class='ocrx_word' id='word_1_167' title='bbox 982 3593 1124 3655; x_wconf 88' lang='lat' dir='ltr'>ecclesie.</span> 
     </span>
    </p>

    <p class='ocr_par' dir='ltr' id='par_1_18' title="bbox 283 3694 1170 3780">
     <span class='ocr_line' id='line_1_28' title="bbox 283 3694 1170 3780; baseline 0.005 -24"><span class='ocrx_word' id='word_1_168' title='bbox 283 3694 356 3757; x_wconf 87' lang='lat' dir='ltr'>ltem</span> <span class='ocrx_word' id='word_1_169' title='bbox 382 3715 480 3757; x_wconf 89' lang='lat' dir='ltr'>unam</span> <span class='ocrx_word' id='word_1_170' title='bbox 506 3696 695 3777; x_wconf 87' lang='lat' dir='ltr'>compedem</span> <span class='ocrx_word' id='word_1_171' title='bbox 723 3696 858 3758; x_wconf 89' lang='lat' dir='ltr'>ferream</span> <span class='ocrx_word' id='word_1_172' title='bbox 883 3699 968 3778; x_wconf 85' lang='lat' dir='ltr'>wigo</span> <span class='ocrx_word' id='word_1_173' title='bbox 992 3699 1170 3780; x_wconf 87' lang='lat' dir='ltr'>springher.</span> 
     </span>
    </p>

    <p class='ocr_par' dir='ltr' id='par_1_19' title="bbox 283 3801 1063 3886">
     <span class='ocr_line' id='line_1_29' title="bbox 283 3801 1063 3886; baseline 0.006 -24"><span class='ocrx_word' id='word_1_174' title='bbox 283 3801 358 3864; x_wconf 90' lang='lat' dir='ltr'>ltem</span> <span class='ocrx_word' id='word_1_175' title='bbox 384 3822 482 3863; x_wconf 92' lang='lat' dir='ltr'>unam</span> <span class='ocrx_word' id='word_1_176' title='bbox 507 3802 674 3864; x_wconf 90' lang='lat' dir='ltr'>cathenam</span> <span class='ocrx_word' id='word_1_177' title='bbox 700 3804 739 3864; x_wconf 92' lang='lat' dir='ltr'>ad</span> <span class='ocrx_word' id='word_1_178' title='bbox 766 3805 894 3865; x_wconf 84' lang='lat' dir='ltr'>Portam</span> <span class='ocrx_word' id='word_1_179' title='bbox 921 3824 1063 3886; x_wconf 90' lang='lat' dir='ltr'>parvam.</span> 
     </span>
    </p>

    <p class='ocr_par' dir='ltr' id='par_1_20' title="bbox 148 3908 1440 4097">
     <span class='ocr_line' id='line_1_30' title="bbox 283 3908 1440 3996; baseline 0.004 -26"><span class='ocrx_word' id='word_1_180' title='bbox 283 3909 326 3970; x_wconf 85' lang='lat' dir='ltr'>Ex</span> <span class='ocrx_word' id='word_1_181' title='bbox 351 3909 505 3971; x_wconf 91' lang='lat' dir='ltr'>omnibus</span> <span class='ocrx_word' id='word_1_182' title='bbox 536 3908 598 3970; x_wconf 92' lang='lat' dir='ltr'>hiis</span> <span class='ocrx_word' id='word_1_183' title='bbox 629 3909 795 3972; x_wconf 90' lang='lat' dir='ltr'>laboribus</span> <span class='ocrx_word' id='word_1_184' title='bbox 827 3929 892 3971; x_wconf 92' lang='lat' dir='ltr'>non</span> <span class='ocrx_word' id='word_1_185' title='bbox 926 3913 1033 3994; x_wconf 89' lang='lat' dir='ltr'>accepi</span> <span class='ocrx_word' id='word_1_186' title='bbox 1059 3912 1131 3994; x_wconf 88' lang='lat' dir='ltr'>plus</span> <span class='ocrx_word' id='word_1_187' title='bbox 1164 3914 1308 3996; x_wconf 91' lang='lat' dir='ltr'>precium</span> <span class='ocrx_word' id='word_1_188' title='bbox 1341 3934 1440 3996; x_wconf 89' lang='lat' dir='ltr'>quam</span> 
     </span>
     <span class='ocr_line' id='line_1_31' title="bbox 148 3986 545 4097; baseline 0.02 -28"><span class='ocrx_word' id='word_1_189' title='bbox 148 3986 359 4097; x_wconf 63' lang='lat' dir='ltr'>QQtuaginta</span> <span class='ocrx_word' id='word_1_190' title='bbox 385 4016 545 4077; x_wconf 87' lang='lat' dir='ltr'>denarios.</span> 
     </span>
    </p>

    <p class='ocr_par' dir='ltr' id='par_1_21' title="bbox 141 4121 1441 4291">
     <span class='ocr_line' id='line_1_32' title="bbox 282 4121 1441 4210; baseline 0.007 -27"><span class='ocrx_word' id='word_1_191' title='bbox 282 4122 358 4184; x_wconf 89' lang='lat' dir='ltr'>ltem</span> <span class='ocrx_word' id='word_1_192' title='bbox 384 4122 527 4204; x_wconf 89' lang='lat' dir='ltr'>disposui</span> <span class='ocrx_word' id='word_1_193' title='bbox 553 4121 635 4184; x_wconf 91' lang='lat' dir='ltr'>duos</span> <span class='ocrx_word' id='word_1_194' title='bbox 659 4124 765 4186; x_wconf 88' lang='lat' dir='ltr'>claves</span> <span class='ocrx_word' id='word_1_195' title='bbox 785 4126 824 4186; x_wconf 92' lang='lat' dir='ltr'>ad</span> <span class='ocrx_word' id='word_1_196' title='bbox 843 4128 996 4188; x_wconf 89' lang='lat' dir='ltr'>scrinium</span> <span class='ocrx_word' id='word_1_197' title='bbox 1021 4128 1053 4188; x_wconf 91' lang='lat' dir='ltr'>in</span> <span class='ocrx_word' id='word_1_198' title='bbox 1078 4128 1211 4191; x_wconf 87' lang='lat' dir='ltr'>ecclesia</span> <span class='ocrx_word' id='word_1_199' title='bbox 1229 4129 1260 4189; x_wconf 91' lang='lat' dir='ltr'>in</span> <span class='ocrx_word' id='word_1_200' title='bbox 1286 4148 1350 4210; x_wconf 93' lang='lat' dir='ltr'>quo</span> <span class='ocrx_word' id='word_1_201' title='bbox 1368 4149 1441 4191; x_wconf 91' lang='lat' dir='ltr'>can·</span> 
     </span>
     <span class='ocr_line' id='line_1_33' title="bbox 141 4196 510 4291; baseline 0.014 -6"><span class='ocrx_word' id='word_1_202' title='bbox 141 4196 249 4287; x_wconf 57' lang='lat' dir='ltr'>qen</span> <span class='ocrx_word' id='word_1_203' title='bbox 272 4243 510 4291; x_wconf 86' lang='lat' dir='ltr'>conservantur.</span> 
     </span>
    </p>

    <p class='ocr_par' dir='ltr' id='par_1_22' title="bbox 494 4336 1129 4422">
     <span class='ocr_line' id='line_1_34' title="bbox 494 4336 1129 4422; baseline 0.011 -25"><span class='ocrx_word' id='word_1_204' title='bbox 494 4336 628 4398; x_wconf 91' lang='lat' dir='ltr'>Summa</span> <span class='ocrx_word' id='word_1_205' title='bbox 653 4339 756 4399; x_wconf 90' lang='lat' dir='ltr'>tocius</span> <span class='ocrx_word' id='word_1_206' title='bbox 781 4336 856 4401; x_wconf 89' lang='lat' dir='ltr'>facit</span> <span class='ocrx_word' id='word_1_207' title='bbox 879 4339 948 4402; x_wconf 86' lang='lat' dir='ltr'>flor.</span> <span class='ocrx_word' id='word_1_208' title='bbox 974 4341 1129 4422; x_wconf 88' lang='lat' dir='ltr'>quinque.</span> 
     </span>
    </p>
   </div>
   <div class='ocr_carea' id='block_1_4' title="bbox 282 4532 1439 4847">
    <p class='ocr_par' dir='ltr' id='par_1_23' title="bbox 282 4532 1439 4847">
     <span class='ocr_line' id='line_1_35' title="bbox 779 4532 833 4599; baseline 0.037 -2"><span class='ocrx_word' id='word_1_209' title='bbox 779 4532 833 4599; x_wconf 75' lang='lat'>13.</span> 
     </span>
     <span class='ocr_line' id='line_1_36' title="bbox 283 4656 1439 4739; baseline 0.005 -22"><span class='ocrx_word' id='word_1_210' title='bbox 283 4656 399 4718; x_wconf 80' lang='lat' dir='ltr'>Testes</span> <span class='ocrx_word' id='word_1_211' title='bbox 423 4657 572 4739; x_wconf 89' lang='lat' dir='ltr'>producti</span> <span class='ocrx_word' id='word_1_212' title='bbox 598 4673 708 4719; x_wconf 87' lang='lat' dir='ltr'>contra</span> <span class='ocrx_word' id='word_1_213' title='bbox 727 4660 845 4720; x_wconf 88' lang='lat' dir='ltr'>Lucam</span> <span class='ocrx_word' id='word_1_214' title='bbox 873 4659 1057 4739; x_wconf 88' lang='lat' dir='ltr'>pellificem,</span> <span class='ocrx_word' id='word_1_215' title='bbox 1081 4660 1174 4739; x_wconf 85' lang='lat' dir='ltr'>jurati</span> <span class='ocrx_word' id='word_1_216' title='bbox 1194 4675 1224 4722; x_wconf 90' lang='lat' dir='ltr'>et</span> <span class='ocrx_word' id='word_1_217' title='bbox 1248 4664 1439 4725; x_wconf 87' lang='lat' dir='ltr'>examinati:</span> 
     </span>
     <span class='ocr_line' id='line_1_37' title="bbox 282 4762 1439 4847; baseline 0.006 -24"><span class='ocrx_word' id='word_1_218' title='bbox 282 4762 447 4825; x_wconf 86' lang='lat' dir='ltr'>Dorothea</span> <span class='ocrx_word' id='word_1_219' title='bbox 472 4762 553 4825; x_wconf 90' lang='lat' dir='ltr'>fassa</span> <span class='ocrx_word' id='word_1_220' title='bbox 579 4780 635 4842; x_wconf 91' lang='lat' dir='ltr'>est,</span> <span class='ocrx_word' id='word_1_221' title='bbox 670 4766 757 4846; x_wconf 91' lang='lat' dir='ltr'>quod</span> <span class='ocrx_word' id='word_1_222' title='bbox 789 4765 949 4847; x_wconf 91' lang='lat' dir='ltr'>prefatum</span> <span class='ocrx_word' id='word_1_223' title='bbox 976 4767 1095 4828; x_wconf 89' lang='lat' dir='ltr'>Lucam</span> <span class='ocrx_word' id='word_1_224' title='bbox 1128 4767 1259 4830; x_wconf 90' lang='lat' dir='ltr'>vidisset</span> <span class='ocrx_word' id='word_1_225' title='bbox 1283 4768 1360 4830; x_wconf 89' lang='lat' dir='ltr'>feria</span> <span class='ocrx_word' id='word_1_226' title='bbox 1392 4790 1439 4830; x_wconf 93' lang='lat' dir='ltr'>se·</span> 
     </span>
    </p>
   </div>
   <div class='ocr_carea' id='block_1_5' title="bbox 173 4867 1441 5061">
    <p class='ocr_par' dir='ltr' id='par_1_24' title="bbox 173 4867 1441 5061">
     <span class='ocr_line' id='line_1_38' title="bbox 173 4867 1441 4959; baseline 0.011 -34"><span class='ocrx_word' id='word_1_227' title='bbox 173 4867 281 4929; x_wconf 66' lang='lat' dir='ltr'>tanda</span> <span class='ocrx_word' id='word_1_228' title='bbox 305 4882 379 4930; x_wconf 90' lang='lat' dir='ltr'>ante</span> <span class='ocrx_word' id='word_1_229' title='bbox 405 4868 520 4932; x_wconf 88' lang='lat' dir='ltr'>festum</span> <span class='ocrx_word' id='word_1_230' title='bbox 546 4872 638 4934; x_wconf 89' lang='lat' dir='ltr'>beate</span> <span class='ocrx_word' id='word_1_231' title='bbox 664 4872 810 4934; x_wconf 77' lang='lat' dir='ltr'>Elisabet</span> <span class='ocrx_word' id='word_1_232' title='bbox 835 4873 867 4933; x_wconf 92' lang='lat' dir='ltr'>in</span> <span class='ocrx_word' id='word_1_233' title='bbox 892 4872 1001 4934; x_wconf 90' lang='lat' dir='ltr'>medio</span> <span class='ocrx_word' id='word_1_234' title='bbox 1019 4872 1070 4933; x_wconf 92' lang='lat' dir='ltr'>die</span> <span class='ocrx_word' id='word_1_235' title='bbox 1092 4874 1213 4935; x_wconf 90' lang='lat' dir='ltr'>dictum</span> <span class='ocrx_word' id='word_1_236' title='bbox 1239 4876 1358 4936; x_wconf 90' lang='lat' dir='ltr'>Lucam</span> <span class='ocrx_word' id='word_1_237' title='bbox 1384 4896 1441 4959; x_wconf 89' lang='lat' dir='ltr'>per</span> 
     </span>
     <span class='ocr_line' id='line_1_39' title="bbox 175 4974 947 5061; baseline 0.014 -30"><span class='ocrx_word' id='word_1_238' title='bbox 175 4974 315 5038; x_wconf 75' lang='lat' dir='ltr'>mediam</span> <span class='ocrx_word' id='word_1_239' title='bbox 341 4976 470 5039; x_wconf 88' lang='lat' dir='ltr'>vineam</span> <span class='ocrx_word' id='word_1_240' title='bbox 494 4979 685 5061; x_wconf 90' lang='lat' dir='ltr'>pertransire</span> <span class='ocrx_word' id='word_1_241' title='bbox 711 4980 742 5039; x_wconf 94' lang='lat' dir='ltr'>in</span> <span class='ocrx_word' id='word_1_242' title='bbox 768 4980 947 5043; x_wconf 79' lang='lat' dir='ltr'>vakowcz.</span> 
     </span>
    </p>
   </div>
   <div class='ocr_carea' id='block_1_6' title="bbox 0 0 1576 5356">
    <p class='ocr_par' dir='ltr' id='par_1_25' title="bbox 0 0 1576 5356">
     <span class='ocr_line' id='line_1_40' title="bbox 0 0 1576 5356; baseline 0 0"><span class='ocrx_word' id='word_1_243' title='bbox 0 0 1576 5356; x_wconf 95' lang='lat' dir='ltr'> </span> 
     </span>
    </p>
   </div>
  </div>
 </body>
</html>
