3142 5356
204 546 263 624 148
592 545 679 603 Anno
709 555 801 621 1504.
824 576 868 586 —
888 555 922 618 9.
946 543 1073 616 augusti.

199 761 231 822 in
255 759 345 821 altari
370 773 478 820 sancte
502 755 616 819 Crucis
639 754 822 836 deponere;
846 773 942 836 super
965 773 1032 835 quo
1055 752 1159 814 dictus
1183 752 1373 814 Valentinus
1397 771 1466 814 non

199 878 369 929 contentus
393 864 449 926 sed
478 862 654 946 appellavit
685 861 724 923 ad
757 861 900 924 seniores
931 860 1064 942 judices,
1095 859 1290 921 addiderunt
1321 859 1468 922 seniores

198 972 319 1055 judices
344 970 433 1052 quod
458 984 594 1050 uterque
619 968 762 1050 ipsorum
787 982 855 1029 tum
888 967 1021 1029 maritus
1047 980 1114 1027 tum
1139 966 1240 1028 eciam
1265 966 1384 1028 mulier
1409 966 1467 1029 de·

198 1079 320 1141 bebunt
344 1078 376 1138 in
402 1096 455 1139 ara
479 1090 588 1137 sancte
613 1074 727 1137 Crucis
751 1073 867 1154 jurare.

304 1182 408 1246 Causa
442 1184 524 1247 inter
554 1180 653 1245 filiam
687 1179 821 1260 Georgii
853 1179 961 1259 magni
993 1180 1033 1252 de
1059 1179 1235 1263 walanya
1268 1194 1299 1243 et
1330 1200 1468 1243 uxorem

198 1290 324 1353 Nicolai
344 1290 384 1351 de
403 1289 516 1351 eadem
535 1289 663 1349 racione
684 1287 849 1348 cuiusdam
870 1282 1122 1363 informacionis,
1139 1286 1228 1367 quod
1254 1286 1387 1348 deberet
1400 1285 1468 1347 filia

198 1397 273 1459 dicti
300 1394 433 1477 Georgii
458 1416 475 1456 a
499 1394 569 1455 viro
594 1393 742 1455 recedere
767 1407 798 1454 ct
821 1393 949 1455 racione
974 1392 1169 1473 quibusdam
1193 1394 1289 1454 rebus
1306 1392 1345 1454 de
1363 1392 1468 1455 domo

197 1523 253 1565 sua
278 1522 334 1586 pcr
358 1503 476 1564 dictam
503 1520 635 1563 uxorem
661 1499 785 1561 Nicolai
817 1499 1000 1582 exportatis,
1033 1499 1156 1561 domini
1182 1498 1276 1579 jurati
1300 1498 1470 1581 adjudica·

197 1625 282 1689 runt,
307 1609 395 1692 quod
420 1605 541 1691 prefata
567 1607 683 1668 mulier
713 1607 753 1668 ad
778 1604 890 1668 leriam
908 1619 1029 1668 sextam
1054 1606 1086 1667 in
1111 1606 1203 1667 altari
1227 1620 1334 1670 sancte
1351 1605 1471 1669 Crucis

198 1717 329 1779 debebit
352 1715 568 1797 juramentum
594 1713 758 1796 deponere
786 1713 840 1791 ita,
874 1712 962 1794 quod
988 1713 1070 1774 dicta
1096 1713 1211 1774 mulier
1236 1733 1341 1795 neque
1365 1713 1469 1776 filiam

197 1822 273 1885 dicti
288 1820 421 1904 Georgii
440 1820 638 1899 informavit,
655 1820 711 1882 sed
730 1839 835 1902 neque
853 1820 957 1881 nullas
974 1839 1023 1881 res
1040 1819 1079 1880 de
1097 1820 1196 1881 domo
1209 1840 1265 1882 sua
1279 1821 1470 1903 exportavit.

260 2022 355 2097 Ferit
383 2033 480 2097 sexta
506 2022 661 2114 proxima
690 2035 767 2112 post
793 2024 915 2096 festum
944 2024 1035 2095 beati
1064 2024 1154 2096 Petri
1185 2024 1227 2096 ad
1256 2023 1412 2098 Vincula.

720 2175 764 2257 (2.
796 2178 936 2253 augaslt').

305 2299 411 2363 Causa
436 2300 517 2362 inter
549 2300 800 2383 Myslrowiczam
825 2314 855 2362 et
879 2300 1050 2361 Nicolaum
1069 2299 1172 2362 filium
1198 2299 1466 2384 Konthescbyak,

198 2407 312 2471 citacio
336 2407 450 2489 prima,
474 2425 540 2467 non
565 2407 757 2488 comparuit.

304 2512 383 2576 Item
409 2514 512 2575 Lucas
534 2528 623 2575 sutor
640 2513 679 2574 ad
701 2512 890 2574 instanciam
909 2512 1029 2574 Mathei
1046 2511 1195 2595 pellificis
1218 2514 1324 2596 primo
1348 2516 1469 2579 citatus

198 2639 263 2682 non
288 2620 479 2702 comparuit.

305 2725 384 2787 Item
410 2726 512 2787 Lucas
536 2738 625 2786 sutor
650 2725 690 2786 de
714 2725 870 2786 suburbio
894 2725 934 2786 ad
965 2725 1152 2789 instanciam
1179 2727 1336 2789 lobannis
1358 2729 1470 2792 clerici

198 2831 304 2914 primo
329 2832 444 2893 citatus
467 2851 532 2892 non
558 2832 747 2913 comparuit.

305 2937 382 2999 ltem
406 2938 559 3000 Nicolaus
584 2938 833 3023 Kontbeschyalr
857 2938 898 2999 ad
923 2938 1113 3001 instanciam
1139 2940 1355 3024 procuratoris
1381 2941 1470 3027 Mys·

199 3043 342 3126 ltowicze
365 3044 507 3105 secundo
533 3044 647 3106 citatus
671 3063 735 3105 non
761 3045 951 3126 comparuit.

244 3242 339 3317 Ferit
368 3252 465 3318 sexta
491 3243 644 3334 proxima
674 3253 752 3317 ante
780 3246 904 3317 festam
933 3248 1022 3318 beati
1051 3247 1426 3322 laurenciimartirls.

720 3402 765 3475 (9.
789 3400 935 3479 auguste).

307 3519 413 3583 Causa
438 3520 519 3581 inter
544 3519 680 3582 Elenam
713 3541 845 3583 uxorem
882 3521 1014 3603 Georgii
1046 3520 1215 3602 carnificis,
1240 3537 1275 3601 ut
1304 3523 1471 3604 actricem,

200 3640 231 3689 et
256 3626 466 3687 Katharinam
499 3645 631 3688 uxorem
661 3627 809 3709 Gregorii
843 3628 1024 3711 Thlralych,
1057 3631 1102 3690 uti
1128 3643 1306 3710 attractam,
1338 3630 1471 3693 racione

200 3733 367 3795 cuiusdam
401 3732 542 3793 diffamia
574 3734 712 3814 qualiter
744 3735 827 3795 dicta
860 3736 963 3797 Elena
996 3735 1118 3816 prefate
1151 3736 1325 3798 Karberine
1358 3756 1469 3798 coram

200 3840 334 3901 testibus
359 3840 437 3900 inibi
462 3839 642 3902 constitutis
674 3841 814 3919 dixisset,
847 3857 942 3923 prout
974 3842 1131 3904 testificati
1160 3858 1251 3905 sunt:
1277 3863 1375 3925 quare
1407 3845 1470 3907 rni-

200 3945 285 4005 naris
311 3945 401 4023 mihi,
426 3945 585 4025 numquid
608 3959 639 4007 et
664 3966 714 4007 me
741 3947 782 4008 ita
807 3948 854 4007 vis
876 3948 1088 4030 impocionari
1112 3949 1205 4010 sicuti
1229 3951 1333 4015 virum
1358 3970 1470 4013 meum

202 4051 322 4112 Lucam
356 4052 598 4132 impocionasti;
635 4053 765 4114 tandem
806 4074 843 4114 ex
876 4055 1010 4114 adverso
1043 4055 1127 4115 dicta
1161 4055 1336 4119 Katherina
1369 4057 1470 4119 dixit:

201 4157 345 4218 mentiris
369 4171 414 4235 tu,
440 4176 513 4217 nam
541 4172 575 4218 tu
600 4159 667 4219 sola
694 4159 724 4218 in
755 4159 853 4220 domo
878 4173 931 4219 tua
950 4160 1054 4221 dixisti
1078 4161 1168 4238 mihi,
1194 4161 1290 4243 prout
1313 4162 1394 4224 dixit
1409 4166 1470 4227 tibi

201 4262 380 4337 ananich;
404 4262 535 4324 tandem
553 4262 645 4343 jurati
663 4263 888 4343 adjudicarunt
911 4287 1008 4346 penes
1024 4281 1120 4328 testes
1138 4267 1356 4350 infrascriptos
1373 4287 1472 4352 prout

201 4369 342 4452 jurantes
374 4367 446 4429 lassi
478 4383 561 4446 sunt,
594 4370 731 4450 qualiter
763 4368 883 4451 prelata
914 4373 1088 4451 Karberina
1120 4375 1221 4436 tercio
1253 4395 1286 4436 se
1319 4375 1350 4436 in
1376 4377 1495 4439 altari·

200 4490 307 4536 sancte
332 4474 447 4536 Crucis
470 4475 508 4535 ad
527 4476 842 4556 quintumdecimum
861 4478 947 4539 diem
966 4478 1005 4539 de
1030 4477 1114 4540 fama
1129 4482 1311 4562 supradicta
1336 4482 1471 4546 debebit

200 4600 233 4641 se
257 4600 444 4662 expurgare,
468 4581 516 4641 vir
540 4582 641 4642 eciam
659 4603 735 4643 suus
759 4584 857 4645 tercio
883 4605 915 4644 se
933 4585 1047 4647 eodem
1073 4586 1125 4647 die
1150 4588 1281 4649 debebit
1295 4586 1411 4667 jurare,
1430 4590 1469 4650 ex

200 4692 266 4767 qu'o
287 4699 382 4747 testes
406 4685 596 4770 infrascripti
615 4687 688 4750 lassi
705 4704 789 4768 sunt,
815 4691 902 4771 quod
921 4706 1092 4773 postquam
1110 4715 1141 4755 m
1166 4695 1266 4756 domo
1283 4694 1359 4755 dicti
1385 4693 1468 4758 Gre'-

199 4792 281 4873 gorii
307 4792 398 4866 bibit,
430 4794 470 4854 ab
495 4794 607 4856 eadem
641 4795 718 4857 hora
744 4797 826 4878 cepit
852 4796 1016 4876 infirmari,
1052 4814 1083 4862 et
1113 4801 1159 4862 sic
1182 4800 1466 4885 expurgabuntur;

201 4897 321 4980 prelata
353 4918 430 4960 xero
464 4899 563 4960 Elena
596 4919 768 4983 expurgata
801 4918 848 4964 est
873 4924 928 4985 per
959 4917 1054 4966 testes
1080 4903 1315 4988 infrascriptos;
1347 4906 1387 4967 de
1421 4907 1470 4988 ju·

198 5004 285 5065 dicio
307 5003 486 5084 juratorum
512 5022 617 5088 partes
640 5010 734 5069 ambe
759 5024 908 5071 contente
932 5028 1016 5072 sunt.
