3142 5356
298 1223 427 1321 (Anno
454 1217 611 1306 Domini
638 1215 952 1306 dccccxxxvi
979 1220 1020 1306 et
1046 1215 1414 1315 MGGGGXXXVH.)

221 1559 257 1634 ln
286 1558 430 1632 nomine
460 1555 615 1631 Domini.
648 1554 772 1629 Amen.
802 1554 907 1629 Anno
940 1552 1151 1629 Natiuitatis
1180 1553 1344 1629 eiusdem
1375 1554 1488 1629 mille·

221 1684 312 1757 simo
341 1678 696 1780 quadringentesimo
729 1679 914 1754 tricesimo
952 1685 1072 1770 sexto,
1100 1685 1266 1776 tempore
1302 1675 1483 1774 judicatus

221 1805 286 1880 viri
315 1803 454 1904 providi
484 1811 522 1878 et
559 1802 810 1902 circumspecti
848 1801 947 1877 Petri
977 1800 1138 1876 moderni
1162 1799 1292 1898 judicis
1332 1801 1487 1876 civitatis

222 1927 384 2027 predicte
428 1925 488 2000 filii
516 1925 628 2017 Pauli,
664 1949 815 2025 presens
852 1926 1006 2001 heterna
1041 1933 1099 1999 est
1136 1924 1346 2024 conscripta
1383 1947 1489 2024 super

221 2050 487 2149 registracione
525 2058 563 2124 et
604 2049 888 2148 consignacione
925 2057 1104 2123 certamm
1142 2048 1325 2123 literarum
1364 2048 1488 2123 civium

222 2189 261 2250 et
288 2174 529 2249 habitatorum
559 2173 715 2248 civitatis
753 2179 947 2272 prenotate
984 2195 1093 2271 super
1129 2172 1426 2271 possessionibus
1454 2173 1486 2247 in

222 2299 301 2397 ipsa
330 2298 476 2372 civitate
511 2304 550 2371 et
578 2296 655 2371 eius
679 2297 865 2372 territorio
893 2295 1035 2387 habitis,
1063 2295 1154 2370 feria
1173 2295 1298 2394 quinta
1326 2296 1487 2395 proxima

539 2429 625 2518 post
653 2428 819 2496 octavam
849 2418 966 2495 Pasce
995 2417 1150 2494 Domini.

751 2635 816 2712 (19.
839 2633 967 2706 aprilis).

328 2753 404 2816 Item
423 2753 638 2815 communitas
654 2767 719 2817 tota
736 2755 884 2817 vendidit
901 2755 1064 2837 quandam
1083 2755 1216 2817 domurn
1231 2755 1362 2817 Andree
1381 2756 1487 2838 Fugli·

222 2861 295 2924 nich
314 2875 343 2922 et
360 2880 416 2922 sue
433 2860 590 2920 consortis
616 2861 648 2920 in
666 2860 770 2943 platea
794 2861 1046 2924 Theuthonicali
1064 2862 1146 2924 inter
1162 2861 1284 2944 plateas
1300 2881 1490 2925 communes

223 2981 253 3030 et
278 2967 360 3028 inter
385 2966 518 3026 domum
544 2965 702 3027 Francisci
727 2964 896 3050 freniparis
925 2968 1079 3047 habitam,
1103 2987 1201 3029 unam
1226 2983 1373 3050 quartam
1401 2969 1432 3030 in
1456 2989 1489 3030 se

222 3075 406 3150 habentem,
438 3072 543 3132 eidem
579 3072 747 3135 Francisco
779 3072 931 3157 lrenipari
964 3093 1022 3156 pro
1053 3074 1206 3135 tredecim
1231 3072 1302 3135 flor.
1327 3076 1397 3136 auri
1421 3095 1490 3158 per·

222 3193 320 3263 petuo
345 3178 584 3260 possidendam,
608 3198 645 3239 ex
663 3198 713 3257 eo,
738 3180 814 3260 quia
839 3181 1020 3262 apluribus
1044 3180 1208 3242 retroactis
1231 3182 1433 3263 temporibus
1450 3182 1488 3242 de

222 3287 334 3349 eadem
353 3286 451 3347 domo
469 3306 533 3347 non
552 3285 681 3348 fuerunt
698 3287 803 3348 soluta
826 3288 915 3350 dacia
941 3304 1005 3350 tarn
1024 3287 1148 3349 domini
1165 3288 1265 3349 nostri
1290 3289 1374 3370 regis
1391 3308 1487 3370 quam

225 3408 349 3455 nostras
372 3407 459 3454 taxas
483 3412 672 3455 communes
697 3407 727 3455 et
751 3394 813 3455 alia
838 3395 944 3456 debita
963 3408 993 3455 et
1017 3407 1198 3475 opportuna
1223 3408 1331 3456 nostra
1355 3395 1487 3456 servicia

222 3500 418 3562 communia.

327 3606 404 3667 Item
431 3605 647 3666 communitas
670 3619 735 3666 tota
761 3607 862 3666 eciam
895 3626 952 3688 pro
977 3626 1041 3667 non
1068 3606 1235 3668 solucione
1260 3605 1428 3668 daciarum
1454 3623 1485 3669 et

223 3727 367 3775 taxarum
392 3725 455 3773 tam
490 3711 613 3772 domini
647 3712 746 3772 nostri
778 3712 861 3792 regis
893 3710 1016 3793 (quam)
1041 3725 1222 3773 nostrorum
1248 3714 1484 3791 communium,

222 3818 384 3900 quandam
402 3819 536 3878 domum
554 3832 584 3879 et
608 3815 745 3878 fundum
771 3818 865 3878 unius
881 3831 993 3898 quarte
1012 3818 1097 3879 curie
1120 3837 1183 3899 que
1209 3818 1407 3903 Mirkowych
1433 3820 1486 3880 lo·

223 3924 337 3985 hannis
371 3925 409 3985 de
435 3925 636 4006 Topolowcz
668 3922 847 4005 prefuerat,
872 3925 1010 3984 Martino
1041 3922 1145 4004 jurato
1167 3921 1235 3985 filio
1269 3923 1398 3986 Thome
1428 3945 1486 4007 pro

221 4031 480 4113 persolucionem
506 4031 648 4113 ipsorum
667 4030 832 4091 daciorum
858 4029 1003 4090 vendidit
1019 4044 1174 4112 perpetuo
1198 4029 1440 4112 possidendam.

275 4235 355 4306 item
386 4233 468 4305 feria
498 4242 596 4305 sexta
625 4235 779 4322 proxima
818 4232 896 4322 pust
923 4233 1046 4303 testum
1080 4231 1314 4321 Appartcionis
1344 4233 1433 4305 beati

654 4349 825 4428 Michaelis
859 4357 1062 4446 archangeli.

756 4527 815 4588 (11.
840 4514 934 4578 maii).

330 4636 407 4697 ltem
433 4637 524 4698 litera
541 4634 782 4697 communitatis
805 4636 864 4695 sub
884 4634 1036 4716 pendenti
1054 4632 1166 4715 sigillo
1183 4633 1425 4696 communitatis
1440 4649 1486 4695 est

222 4758 371 4807 emanata
396 4758 427 4806 et
451 4741 595 4805 conlecta
612 4761 649 4803 ac
673 4741 811 4823 sigillata
831 4760 926 4824 super
944 4739 1082 4824 quadam
1107 4753 1190 4802 terra
1215 4737 1329 4801 arabili
1353 4738 1387 4801 in
1405 4738 1484 4801 Tra·
