3156 5364
154 697 223 746 ante
249 681 366 745 festum
393 683 600 744 Ascensionis
626 682 768 743 Domini.
795 686 890 742 Anno
910 681 1041 742 Domini
1059 682 1234 742 millesimo
1259 681 1417 762 quingen·

154 791 267 851 tesimo
292 805 417 853 octavo.

258 896 356 970 Quod
382 896 458 976 quia
492 892 633 976 prefatus
663 894 817 955 Nicolaus
851 893 1054 955 Soldinarich
1088 914 1144 975 pet
1175 895 1362 956 mandatum
1389 909 1419 956 et

154 1003 413 1064 commissionem
440 1002 572 1082 regiam,
597 1000 797 1062 honorabilis
820 1001 970 1080 magister
993 1001 1149 1062 Nicolaus
1173 1001 1424 1087 archidiaconus

154 1109 336 1170 dubicensis
371 1123 402 1170 et
441 1108 615 1169 canonicus
650 1107 784 1168 ecclesie
823 1108 1038 1188 zagrabiensis
1078 1109 1207 1170 racione
1243 1109 1419 1171 invasionis

154 1216 286 1278 domurn
312 1216 456 1277 eiusdem
483 1216 585 1276 noctis
609 1215 641 1275 in
667 1214 812 1291 silencio,
835 1213 1070 1295 confractisque
1096 1216 1181 1276 cistis
1206 1235 1255 1277 res
1279 1231 1310 1277 et
1334 1217 1418 1277 bona

155 1323 296 1384 eiusdem
320 1342 378 1404 pro
403 1322 549 1383 ducentis
581 1335 612 1383 et
644 1322 720 1383 citra
753 1320 822 1382 flor.
848 1320 1024 1402 dampnum
1059 1320 1144 1399 fecit,
1169 1337 1200 1384 et
1225 1323 1299 1404 quia
1332 1323 1418 1404 regia

156 1430 305 1490 Maiestas
328 1429 422 1489 nobis
440 1427 614 1489 mandabat
637 1428 703 1488 suis
720 1428 752 1487 in
776 1427 877 1488 literis
901 1427 1083 1509 prescriptis
1101 1442 1134 1490 ut
1151 1429 1190 1489 de
1217 1426 1339 1512 prefato
1363 1429 1420 1490 Ni·

153 1536 244 1597 colao
263 1534 468 1596 Soldinarich
493 1534 578 1615 juxta
605 1534 742 1614 allegata
760 1549 791 1594 et
808 1534 939 1614 probata
962 1549 1083 1595 rectum
1103 1533 1258 1612 judicium
1277 1550 1307 1596 et
1331 1534 1419 1615 justi·

153 1642 234 1702 ciam
251 1655 348 1722 atque
365 1640 589 1703 omnimodam
608 1639 862 1703 satisfaccionem
877 1638 1065 1702 faceremus.
1076 1641 1143 1702 Nos
1158 1641 1243 1702 enim
1267 1641 1419 1703 mandato

152 1749 240 1830 regio
255 1763 352 1831 prout
374 1762 522 1809 tenemur
535 1748 700 1829 paruimus
720 1762 752 1809 et
764 1766 863 1830 penes
880 1748 1146 1810 consuetudinem
1160 1748 1296 1810 civitatis
1313 1762 1420 1809 nostre

152 1859 189 1917 ab
207 1855 343 1936 antiquo
361 1856 562 1916 observatam
589 1855 710 1917 dictum
729 1855 899 1915 Nicolaum
918 1853 1141 1936 Soldynarych
1158 1855 1287 1915 racione
1312 1854 1419 1935 previa

152 1962 254 2023 tribus
286 1961 410 2022 vicibus
441 1961 571 2043 publice
603 1960 643 2021 ad
676 1960 833 2040 judicium
866 1961 1064 2039 vocavimus,
1100 1961 1230 2043 insuper
1254 1960 1293 2021 ad
1320 1959 1420 2020 dictas

152 2082 213 2129 tres
237 2070 430 2129 vocaciones
453 2081 484 2129 et
516 2066 619 2128 dictus
651 2067 804 2128 Nicolaus
836 2086 901 2128 non
926 2086 1129 2147 comparens,
1161 2066 1216 2128 sed
1242 2087 1278 2128 ex
1310 2085 1420 2147 super-

153 2172 353 2235 habundanti
386 2174 490 2235 eidem
525 2186 671 2255 quartam
705 2172 816 2234 feriam
858 2187 979 2235 sextam
1012 2172 1197 2235 immediate
1230 2185 1418 2253 sequentem

151 2280 326 2341 terminum
351 2280 391 2340 ad
423 2279 677 2362 comparendum
709 2279 831 2360 judicio
849 2279 1007 2358 dedimus,
1038 2279 1078 2340 ad
1102 2278 1333 2361 quemquidem
1358 2292 1419 2340 ter-

152 2387 278 2448 minum
304 2406 363 2447 nec
387 2406 444 2469 per
468 2406 500 2447 se
526 2406 583 2446 nec
607 2406 664 2468 per
697 2400 937 2468 procuratorem
973 2386 1116 2447 eiusdem
1151 2385 1341 2467 comparuit,
1364 2383 1419 2445 sed

152 2493 226 2574 quia
251 2490 306 2555 fur
330 2493 361 2553 in
387 2494 536 2554 absencia
561 2513 617 2554 sua
643 2493 733 2554 nullo
766 2493 865 2554 modo
889 2492 1024 2573 judicari
1059 2507 1172 2575 potest,
1198 2492 1272 2554 ideo
1298 2490 1420 2573 pretato

154 2598 290 2660 domino
314 2598 451 2660 Nicolao
477 2613 531 2661 aut
555 2599 817 2681 procuratoribus
848 2599 914 2659 suis
938 2600 1064 2660 nullum
1089 2599 1245 2680 judicium
1270 2597 1365 2660 finale
1390 2612 1421 2662 et

154 2703 410 2768 satisfaccionem
437 2706 625 2788 impendere
650 2706 824 2788 potuimus.

261 2812 387 2874 Eodem
412 2813 464 2874 die
482 2832 575 2874 causa
593 2813 676 2873 inter
700 2812 854 2873 discretos
872 2811 1066 2893 Gregorium
1091 2828 1122 2874 et
1140 2812 1320 2874 iohannem
1335 2832 1420 2893 pres·

154 2919 275 2980 biteros
299 2917 382 2980 filios
406 2919 544 2981 condam
570 2918 863 3004 Bosyakowchiche
893 2933 923 2979 et
946 2939 1101 2999 generum
1128 2918 1308 2980 Johannem
1334 2932 1421 2980 suto·

153 3046 232 3103 tem,
256 3046 456 3106 uxoremque
481 3026 625 3087 eiusdem
650 3047 686 3087 ac
712 3026 867 3087 Mathiam
900 3026 1049 3086 vitricum
1079 3026 1267 3087 corumdem
1292 3026 1420 3087 racione

152 3148 182 3195 et
215 3147 362 3216 pretextu
387 3133 601 3214 quarumdam
634 3132 810 3209 literarum,
843 3145 938 3214 prout
974 3132 1077 3193 dictus
1117 3132 1253 3193 Mathias
1291 3132 1422 3193 vitricus

154 3259 269 3302 eorum
295 3259 353 3321 per
378 3240 463 3320 ipsos
488 3239 664 3300 levaturum
690 3239 769 3299 dixit
796 3251 827 3299 et
859 3238 1030 3318 allegabat,
1056 3239 1149 3319 jurati
1184 3239 1421 3320 adjudicarunt,

154 3345 244 3427 quod
269 3343 384 3428 prefati
409 3345 589 3405 sacerdotes
614 3344 785 3426 superinde
818 3345 882 3425 (ad)
912 3345 1147 3407 conscienciam
1180 3346 1343 3428 deponere
1367 3346 1421 3408 de·

155 3453 286 3529 bebant,
312 3450 475 3511 Johannes
500 3471 576 3512 vero
601 3464 632 3510 et
656 3470 735 3510 uxor
759 3451 904 3512 eiusdem
929 3450 1145 3529 juramentum
1170 3452 1342 3534 superinde
1367 3452 1422 3513 de·

155 3577 277 3641 ponere
301 3557 476 3636 debebunt,
501 3557 589 3638 quod
615 3558 716 3618 dictas
740 3557 847 3618 literas
871 3556 1059 3618 fassionales
1083 3558 1180 3618 iidem
1208 3559 1341 3619 minime
1367 3557 1421 3619 ha-

155 3666 232 3726 bent
249 3679 281 3726 et
297 3684 404 3744 neque
422 3663 461 3724 de
476 3664 597 3724 eisdem
616 3664 735 3724 conscii
753 3677 843 3739 sunt;
862 3664 916 3724 ubi
935 3664 1010 3725 dicti
1030 3665 1194 3745 presbiteri
1214 3679 1244 3726 et
1261 3665 1423 3727 Johannes

156 3791 220 3833 non
247 3771 389 3832 contenti
415 3770 660 3852 appellaverunt
679 3770 718 3830 ad
744 3771 887 3831 seniores
904 3770 1035 3849 judices.
1059 3807 1102 3815 —
1127 3771 1277 3833 Seniores
1301 3772 1423 3852 judices

155 3879 290 3939 sabbato
315 3877 367 3938 die
391 3890 464 3938 ante
486 3877 682 3937 dominicam
702 3876 798 3937 Oculi
816 3875 971 3958 prefatam
996 3897 1124 3938 causam
1143 3877 1423 3957 confirmaverunt,

156 3984 232 4046 dicti
258 4003 335 4046 vero
361 3983 538 4064 Gregorius
562 3998 593 4044 et
617 3983 780 4044 Johannes
804 3984 970 4064 presbiteri
989 4003 1054 4044 non
1080 3986 1222 4046 contenti
1239 3985 1294 4047 sed
1312 3986 1422 4068 appel·

156 4089 305 4152 laverunt
328 4089 369 4150 ad
393 4090 582 4170 magistrum
609 4089 879 4150 thavernicorum.

263 4195 368 4258 Causa
386 4196 467 4257 inter
481 4196 644 4256 Thomam
660 4195 878 4279 Pthycharych
896 4210 926 4256 et
944 4195 1095 4256 Jeliczam
1113 4196 1241 4258 racione
1255 4196 1423 4259 cuiusdam

156 4303 249 4364 vinee
273 4320 330 4364 seu
347 4302 529 4364 medietatis
554 4302 698 4363 eiusdem
718 4322 814 4383 quam
833 4303 898 4383 ipsa
917 4302 1033 4363 Jelicza
1051 4323 1068 4362 a
1093 4302 1235 4384 quodam
1262 4302 1423 4364 Tchalecz

156 4411 304 4492 quinque
339 4408 408 4470 flor.
442 4410 581 4487 emisset,
606 4409 699 4491 jurati
732 4408 967 4488 adjudicarunt,
1003 4409 1091 4489 quod
1125 4409 1210 4469 idem
1243 4408 1304 4470 hoc
1328 4409 1424 4471 debet

156 4517 305 4599 probare,
338 4516 426 4597 quod
455 4517 479 4577 si
514 4536 577 4577 non
611 4518 738 4596 poterit,
774 4529 888 4576 extunc
919 4515 1035 4594 jurabit
1067 4514 1106 4575 ad
1141 4515 1278 4597 primam
1311 4514 1423 4577 feriam

156 4637 281 4687 sextam
305 4637 377 4704 post
402 4623 600 4684 dominicam
626 4623 726 4696 Quasi
749 4622 847 4683 modo
864 4622 983 4702 geniti;
1008 4622 1093 4682 idem
1122 4622 1232 4684 relicta
1257 4642 1322 4683 non
1347 4643 1422 4684 con·

156 4744 246 4793 tenta
271 4729 446 4812 appellavit
470 4728 510 4790 ad
534 4729 678 4790 seniores
703 4729 834 4810 judices.

267 4834 417 4897 Seniores
449 4832 572 4916 judices
601 4833 755 4918 prefatam
790 4855 916 4896 causam
943 4837 1025 4897 inter
1056 4837 1176 4897 dictum
1205 4835 1368 4896 Thomam
1393 4848 1424 4896 et

157 4943 315 5006 Jeliczam
347 4940 619 5004 confirmaverunt
651 4942 704 5020 ita,
737 4941 825 5023 quod
857 4957 929 5023 post
961 4942 1204 5024 deposicionem
1235 4941 1423 5007 huiusmodi
