3142 5356
681 351 767 406 Anno
792 363 883 425 1429.
1357 351 1410 411 181

257 562 337 623 ltem
360 526 514 644 providus
539 563 586 622 vir
610 561 773 623 Johannes
790 561 915 643 pridem
932 561 1052 639 juratus
1076 559 1160 622 filius
1185 563 1318 624 Peronis
1347 565 1415 625 uni·

149 689 257 731 versas
281 688 354 729 suas
380 670 608 750 possessiones,
633 688 681 729 res
706 682 736 729 et
762 669 844 728 bona
873 668 1027 748 quelibet,
1053 669 1168 749 quovis
1194 669 1334 729 nominis
1360 690 1416 731 vo-

149 773 266 836 cabulo
299 774 455 852 vocitata,
488 774 593 855 ipsum
621 773 689 855 jure
722 774 935 850 hereditario,
965 774 1182 856 empticioque
1214 795 1270 836 seu
1301 776 1416 856 quovis

149 881 215 942 alio
241 880 310 961 jure
342 881 583 959 concernencia,
617 899 689 941 cum
722 882 861 962 ipsarum
896 880 1017 941 cunctis
1047 880 1262 962 pertinenciis,
1286 896 1415 965 excepta

148 986 289 1069 quadam
308 986 407 1048 domo
436 986 541 1048 medie
567 987 664 1063 curie,
692 1007 753 1068 que
783 985 919 1047 condam
946 986 1051 1047 Mikus
1075 987 1219 1048 Zwinich
1244 987 1414 1069 prefuerat,

149 1095 232 1155 inter
257 1093 373 1154 domos
397 1093 572 1154 liberorum
599 1093 735 1154 condam
755 1093 887 1154 Peronis
912 1108 942 1153 et
966 1093 1143 1154 liberorum
1160 1094 1296 1155 condam
1323 1095 1414 1156 Pauli

148 1201 317 1284 piscatoris
340 1220 376 1262 ac
402 1199 485 1261 Petri
510 1200 658 1261 similiter
683 1200 849 1281 piscatoris
882 1199 1000 1277 habita,
1025 1220 1120 1281 quam
1146 1220 1205 1282 pro
1229 1221 1262 1262 se
1286 1203 1414 1264 racione

149 1307 315 1369 civilitatis
332 1321 520 1369 reservasset
545 1307 782 1388 possidendam,
801 1307 925 1367 Briccio
951 1307 1075 1387 pridem
1092 1307 1195 1386 jurato
1220 1307 1287 1369 lilio
1312 1310 1413 1370 Bene-

149 1414 227 1475 dicti
261 1413 373 1474 vitrico
412 1433 471 1474 suo
503 1413 700 1474 condonavit
731 1427 886 1494 perpetuo
919 1413 1129 1494 possidendas
1168 1427 1199 1475 et
1230 1416 1412 1495 quomodo·

150 1539 291 1602 cumque
316 1520 454 1581 voluerit
478 1519 706 1601 disponendas.

256 1625 335 1687 Item
360 1626 436 1707 quia
468 1624 622 1708 providus
655 1625 792 1686 condam
826 1626 874 1686 vir
899 1624 1051 1686 Clemens
1077 1624 1234 1686 Praudich
1259 1626 1414 1707 quasdam

149 1733 230 1794 duas
253 1733 355 1794 dietas
378 1744 460 1793 terre
485 1733 567 1793 inter
591 1746 689 1793 terras
722 1732 845 1793 domini
872 1732 1011 1792 Ladislai
1038 1732 1166 1815 plebani
1192 1733 1231 1792 de
1257 1733 1414 1813 Zanabor,

148 1840 188 1900 ab
215 1859 277 1900 una
302 1853 402 1921 parte,
429 1840 468 1900 ab
494 1839 594 1901 altero
619 1859 695 1900 vero
721 1853 808 1920 parte
827 1839 957 1900 domine
983 1839 1116 1919 Agnetis
1132 1837 1196 1900 filie
1222 1841 1321 1922 ipsius
1338 1840 1411 1903 Cle·

149 1946 267 2007 mentis
284 1944 418 2022 habitas,
437 1945 538 2006 Paulo
556 1945 623 2007 filio
649 1945 777 2006 Thome
795 1966 887 2006 servo
904 1966 962 2006 suo
987 1946 1157 2025 legavisset
1190 1947 1410 2028 possidendas,

149 2053 224 2114 ideo
249 2072 308 2113 nos
332 2052 460 2114 easdem
487 2052 566 2113 duas
590 2053 690 2112 dietas
713 2066 795 2113 terre
814 2072 884 2113 cum
911 2053 976 2113 suis
1000 2053 1205 2134 pertinenciis
1228 2053 1287 2135 ipsi
1315 2054 1415 2116 Paulo

149 2160 320 2222 statuimus
343 2175 500 2241 perpetuo
525 2159 745 2241 possidendas.

258 2265 333 2326 Item
361 2265 506 2348 Mathyas
524 2266 641 2326 Farlras
665 2263 752 2325 filius
769 2265 875 2346 Egidii
898 2265 936 2325 de
955 2266 1114 2344 Klolroch,
1139 2267 1280 2328 concivis
1297 2282 1415 2346 noster,

149 2371 313 2453 quandam
339 2372 473 2433 domum
492 2391 581 2432 suam
602 2372 632 2432 in
659 2371 786 2432 civitate
813 2372 894 2433 inter
911 2372 1025 2433 domos
1051 2387 1080 2433 et
1097 2369 1215 2433 fundos
1239 2373 1414 2435 liberorum

148 2478 288 2539 condam
316 2479 411 2540 Blasii
438 2479 576 2555 Frawin,
601 2480 640 2538 ab
667 2498 728 2539 una
754 2493 853 2560 parte,
878 2480 917 2538 ab
942 2479 1040 2539 altera
1064 2499 1141 2540 vero
1165 2480 1312 2542 similiter
1336 2481 1414 2542 libe-

149 2605 259 2647 rorum
285 2586 422 2646 condam
448 2586 531 2646 lwan
559 2586 747 2667 carpentarii
781 2585 855 2646 dicti
882 2585 1024 2647 Fratrich
1049 2586 1202 2664 habitam,
1227 2587 1413 2668 incipiendo

149 2712 166 2752 a
193 2692 277 2752 solio
302 2704 374 2753 eta
407 2690 507 2752 fundo
540 2692 645 2752 eidem
679 2692 854 2770 subjacenti
888 2692 1063 2752 liberorum
1098 2692 1235 2752 condam
1261 2691 1413 2774 Stephani

150 2798 341 2879 carpentarii
361 2813 391 2859 et
416 2799 501 2858 Luce
520 2796 599 2858 fabri
626 2819 642 2857 a
668 2798 773 2858 restris
788 2800 850 2875 (sic)
874 2799 1026 2858 existente
1050 2812 1080 2858 et
1113 2799 1229 2859 situato
1255 2811 1285 2859 et
1310 2818 1411 2880 usque

149 2905 236 2965 viam
254 2924 460 2965 communem
485 2925 517 2965 se
535 2905 773 2981 extendentem,
792 2924 887 2964 unam
906 2919 1051 2985 quartam
1068 2904 1098 2963 in
1124 2924 1156 2965 se
1181 2906 1413 2984 continentem,

150 3029 222 3072 cum
255 3030 367 3071 securo
399 3031 526 3071 accessu
559 3011 666 3071 cloace
694 3012 724 3070 in
760 3023 848 3090 parte
882 3010 1049 3091 posteriori
1084 3009 1201 3086 habite,
1227 3009 1322 3072 Gallo
1347 3008 1414 3072 filio

150 3118 249 3179 Marci
275 3138 310 3178 ac
336 3115 559 3199 Endreylilio
586 3117 697 3199 Kyrini
725 3117 873 3198 portariis
898 3116 1043 3177 vendidit
1069 3130 1224 3197 perpetuo
1249 3117 1413 3198 possiden·

149 3225 236 3302 dam,
261 3243 358 3304 quam
384 3223 515 3284 tandem
541 3240 686 3304 quartam
708 3224 794 3283 curie
820 3244 856 3282 ex
875 3223 1004 3284 instanti
1030 3223 1171 3304 ipsorum
1197 3223 1356 3304 peticione
1382 3225 1412 3284 in

148 3330 290 3391 mediam
317 3330 439 3390 curiam
465 3329 599 3392 lecimus
624 3330 795 3390 redundari
814 3330 976 3409 perpetuis
992 3330 1193 3410 temporibus
1217 3329 1413 3392 duraturam.

257 3437 333 3498 ltem
357 3436 520 3517 quandam
540 3436 673 3496 domum
692 3455 747 3495 seu
765 3435 896 3495 totalem
916 3436 1102 3515 porcionem
1128 3456 1183 3496 seu
1208 3435 1412 3498 medietatem

148 3543 316 3605 cuiusdam
342 3543 459 3603 domus
484 3543 514 3601 in
532 3543 603 3602 vico
621 3556 730 3602 nostro
749 3542 895 3602 exteriori
919 3542 1168 3602 Theuthonicali
1200 3543 1280 3603 inter
1298 3543 1413 3603 domos

148 3650 292 3711 virorum
317 3648 527 3730 providorum
553 3648 681 3708 Thome
707 3648 823 3708 sutoris
846 3646 903 3708 filii
929 3647 1077 3728 Gregorii
1103 3650 1142 3709 ab
1168 3668 1241 3727 una,
1267 3663 1298 3708 et
1321 3662 1410 3730 parte

148 3758 187 3818 ab
213 3756 312 3816 altera
332 3755 459 3815 Martini
478 3755 632 3835 sagiparis
655 3768 835 3814 nostrorum
855 3754 1036 3815 concivium
1066 3754 1173 3816 habite
1191 3769 1221 3815 et
1239 3755 1411 3833 existentis,

148 3863 354 3924 medietatem
381 3861 531 3921 videlicet
552 3861 651 3941 ipsius
676 3861 791 3921 domus
806 3861 903 3920 simul
922 3880 994 3921 cum
1019 3861 1190 3922 medietate
1215 3861 1321 3921 celarii
1338 3862 1411 3922 sub·

147 3969 285 4030 terranei
312 3988 347 4029 ac
372 3966 462 4029 fundi
489 3981 518 4027 et
544 3965 766 4028 hedificiorum
798 3983 827 4027 et
854 3967 924 4026 aliis
956 3968 1021 4027 suis
1046 3967 1238 4028 utilitatibus
1262 3981 1293 4027 et
1316 3968 1411 4049 perti-

147 4075 280 4152 nenciis,
313 4096 330 4135 a
363 4089 451 4155 parte
476 4075 593 4133 domus
625 4072 738 4153 prelati
773 4073 900 4133 Martini
933 4074 1088 4153 sagiparis
1122 4073 1275 4151 habitam,
1299 4074 1412 4134 Vrsula

148 4183 232 4244 dicta
259 4183 381 4257 Kauka,
400 4180 550 4240 videlicet
574 4194 720 4260 quartam
741 4199 848 4255 unam,
868 4179 996 4262 Mathye
1022 4180 1148 4239 literato
1174 4178 1241 4240 lilio
1260 4179 1412 4261 Symonis

148 4286 315 4364 carnificis,
341 4287 402 4365 jam
430 4301 538 4346 nostro
564 4286 687 4345 concivi
723 4285 840 4365 legavit
866 4286 933 4365 jure
958 4285 1147 4366 perhennali
1173 4285 1411 4367 possidendam.

253 4395 332 4455 item
357 4393 511 4474 providus
536 4406 566 4451 ct
592 4391 744 4451 honestus
768 4393 815 4452 vir
839 4393 948 4453 Petrus
973 4392 1076 4452 dictus
1103 4393 1193 4452 Marta
1218 4391 1302 4453 lilius
1328 4393 1410 4454 Petri

147 4501 223 4561 dicti
250 4499 384 4581 Saphar,
409 4500 448 4559 ab
475 4519 536 4558 una
563 4513 663 4578 parte,
688 4499 727 4558 ab
756 4499 854 4559 altera
888 4518 963 4559 veto
990 4497 1122 4559 honesta
1147 4497 1278 4559 domina
1304 4503 1412 4579 Agnes

147 4621 258 4668 vocata
295 4604 360 4667 filia
385 4605 521 4666 condam
553 4604 732 4665 Clementis
764 4604 839 4664 dicti
868 4603 1024 4664 l‘raudiclr
1050 4603 1106 4665 lilii
1133 4604 1277 4681 Vidonis,
1302 4605 1409 4666 relicta

146 4712 284 4774 condam
310 4712 435 4793 providi
460 4712 518 4772 viri
539 4710 667 4770 Andree
693 4711 772 4769 olim
799 4710 910 4781 judicis
928 4725 958 4771 et
975 4711 1117 4770 concivis
1143 4710 1240 4770 nostri
1266 4708 1322 4770 filii
1341 4729 1410 4790 pre·

147 4817 203 4883 fati
229 4818 312 4880 Petri
339 4818 461 4901 Saphar
486 4816 589 4878 fratris
622 4816 721 4897 ipsius
748 4816 830 4876 Petri
857 4817 949 4877 Mara
978 4817 1112 4877 senioris
1149 4816 1264 4877 uterini
1288 4830 1319 4876 et
1343 4835 1409 4876 car-
