3142 5356
151 353 216 415 334
683 333 768 390 Anno
791 345 883 408 1439.

150 545 326 628 piscatoris,
359 544 464 606 eidem
500 543 623 606 Briccio
658 544 826 626 piscatori,
858 543 998 604 mediam
1031 542 1153 603 curiam
1186 541 1412 619 continentem,

150 651 365 714 vendiderunt
390 665 546 733 perpetuo
571 651 810 732 possidendam.

257 758 333 819 ltem
359 757 475 819 domus
499 771 565 820 tota
590 757 728 819 condam
753 755 920 818 Jacomelli
939 755 1032 836 jurati
1058 755 1089 815 iu
1115 755 1243 816 civitate
1278 755 1414 837 predicta

151 865 232 926 inter
256 865 372 926 domos
389 879 420 925 et
445 861 562 924 fundos
586 864 712 925 Nicolai
730 863 824 944 jurati
842 861 898 923 lilii
918 862 1001 923 Petri
1030 873 1061 922 et
1084 861 1264 922 liberorum
1282 861 1414 922 condam

151 972 280 1033 Thome
304 971 413 1032 vicarii
439 970 471 1031 in
495 970 729 1051 temporalibus
753 970 958 1052 episcopatus
979 968 1207 1050 zagrabiensis,
1232 968 1330 1029 simul
1347 988 1415 1029 curn

151 1077 258 1139 lundis
284 1093 314 1140 et
331 1076 487 1138 hedificiis
512 1077 631 1156 habita,
649 1097 745 1138 unam
771 1097 843 1138 cum
862 1076 967 1137 media
987 1077 1106 1137 curiam
1126 1075 1158 1136 in
1181 1095 1214 1136 se
1241 1076 1416 1151 continens,

150 1206 185 1247 ac
210 1185 349 1266 quedam
373 1184 472 1246 stacio
498 1199 621 1246 murata
647 1184 677 1245 in
697 1183 810 1246 eadem
829 1184 959 1245 civitate
977 1183 1059 1244 inter
1083 1181 1203 1243 fundos
1220 1202 1260 1244 ex
1285 1197 1415 1263 utraque

150 1306 237 1374 parte
263 1291 377 1353 Briccii
402 1290 516 1371 judicis
540 1312 577 1352 ac
600 1292 668 1352 vias
684 1310 872 1352 communes
896 1290 1016 1368 habita,
1033 1308 1130 1350 unam
1156 1303 1304 1370 quartam
1334 1289 1416 1350 curie

150 1398 181 1459 in
207 1417 239 1460 se
264 1398 444 1476 continens,
470 1418 529 1459 nec
554 1418 618 1458 non
644 1397 784 1478 quedam
810 1397 904 1458 vinea
933 1396 1165 1458 condicionalis
1189 1398 1250 1457 sub
1275 1415 1374 1457 censu
1389 1409 1416 1456 et

150 1504 340 1566 condicione
366 1505 462 1565 unius
487 1504 595 1566 eubuli
628 1504 668 1565 ad
696 1503 820 1566 Cenam
847 1502 979 1564 Domini
1005 1503 1036 1564 in
1061 1522 1178 1584 magna
1202 1500 1282 1563 feria
1309 1502 1416 1583 quinta

150 1623 257 1672 nostre
283 1610 506 1672 communitati
533 1630 623 1672 more
646 1610 742 1672 solito
765 1609 998 1692 proveniendo,
1015 1623 1086 1691 post
1110 1623 1248 1670 mortem
1274 1609 1416 1670 eiusdem

150 1716 317 1778 lacomelli
342 1716 435 1797 jurati
461 1716 599 1778 Johanni
621 1715 688 1777 filio
712 1735 771 1776 suo
798 1729 964 1796 tamquam
990 1715 1099 1775 heredi
1125 1728 1156 1777 et
1178 1715 1344 1797 superstiti
1361 1734 1416 1776 suo

154 1821 248 1883 unico
275 1841 311 1882 ex
336 1820 506 1883 sufficienti
539 1822 638 1904 ipsius
669 1822 941 1904 comprobacione
973 1821 1005 1882 in
1031 1823 1163 1883 katerno
1188 1835 1301 1883 nostro
1333 1841 1416 1883 com·

152 1928 241 1989 muni
265 1927 408 2007 judiciali
433 1929 631 2010 consignata,
664 1943 738 1989 sunt
769 1929 828 1988 sub
850 1928 1004 2010 pendenti
1037 1927 1144 2008 sigillo
1175 1927 1417 1989 communitatis

153 2033 395 2115 privilegialiter
419 2049 604 2116 perpetuata
630 2048 660 2096 et
685 2032 882 2096 confirmata.

256 2140 333 2200 Item
358 2140 490 2202 domina
516 2142 616 2202 Elena
634 2141 743 2203 relicta
768 2141 905 2202 condam
930 2140 1063 2221 Georgii
1081 2139 1314 2223 Pylrowychyn
1332 2141 1416 2217 dicti,

150 2246 313 2327 quandam
338 2247 464 2307 vineam
490 2267 580 2308 suam
613 2247 871 2309 condicionalem
906 2245 1171 2328 Bediclrynschalr
1196 2262 1358 2325 vocatam,
1385 2246 1415 2306 in

149 2353 311 2415 territorio
338 2369 447 2416 nostro
472 2374 528 2415 seu
552 2354 690 2416 civitatis
707 2354 849 2436 predicte
868 2354 950 2415 inter
966 2354 1094 2414 vineam
1113 2353 1198 2414 Luce
1224 2354 1344 2415 sutoris
1360 2351 1416 2415 filii

151 2459 329 2523 Clementis
353 2475 383 2522 et
408 2461 490 2523 inter
514 2461 627 2523 silvam
646 2461 811 2522 Benedicti
829 2459 922 2541 jurati
948 2458 1005 2521 filii
1024 2458 1161 2543 Gywani
1186 2459 1343 2538 habitam,
1359 2460 1416 2520 sub

150 2567 342 2629 condicione
365 2568 443 2629 sexti
468 2567 578 2629 cubuli
603 2567 741 2629 claustro
777 2568 860 2628 beati
890 2567 1016 2628 Nicolai
1042 2564 1235 2628 confessoris
1259 2566 1416 2647 Zagrabie

150 2671 284 2736 fundato
328 2673 571 2756 proveniendo,
603 2672 768 2754 Stephano
800 2674 899 2735 sutori
936 2671 1004 2734 filio
1038 2671 1187 2754 Gregorii
1220 2672 1336 2734 Skerta
1359 2692 1415 2754 pro

150 2800 267 2841 novem
291 2779 361 2843 flor.
385 2780 531 2842 vendidit
555 2793 710 2862 perpetuo
745 2777 970 2861 possidendam
1004 2792 1035 2841 et
1058 2778 1232 2861 superinde
1255 2792 1304 2841 est
1327 2779 1415 2840 litera

150 2888 209 2948 sub
233 2886 386 2969 pendenti
411 2887 518 2968 sigillo
543 2887 786 2948 communitatis
810 2900 968 2950 emanata·

255 2992 333 3054 ltem
359 2993 491 3054 domina
516 2993 617 3054 Elena
642 2993 734 3054 aliter
754 2992 839 3054 llena
857 3006 980 3071 vocata,
1005 2991 1167 3074 quandam
1192 2992 1323 3054 vineam
1341 3012 1415 3055 con·

153 3099 346 3160 dicionalem
380 3098 492 3182 prelati
520 3098 652 3180 Georgii
678 3100 781 3161 mariti
810 3100 858 3161 sui
890 3099 1036 3160 similiter
1061 3098 1327 3183 Bedichynschalr
1361 3119 1415 3161 vo·

150 3220 264 3284 catam,
289 3225 386 3286 quam
412 3206 490 3266 alias
514 3206 580 3287 ipse
607 3206 766 3287 Georgius
790 3226 808 3267 a
838 3206 997 3267 Damiano
1015 3206 1137 3267 cultore
1162 3219 1415 3288 comparaverat,

150 3311 231 3372 inter
263 3312 372 3372 vineas
403 3331 459 3372 seu
490 3312 661 3392 particulas
693 3312 834 3374 vineales
867 3313 1042 3375 liberorum
1074 3311 1213 3373 condam
1248 3312 1413 3374 Benedicti

150 3418 289 3501 Kralych
314 3433 346 3480 et
371 3416 525 3499 Stephani
556 3418 672 3479 sutoris
703 3418 760 3480 filii
794 3418 940 3500 Gregorii
975 3418 1108 3481 Skertha
1146 3419 1302 3498 habitam,
1328 3419 1412 3481 Luce

149 3525 248 3586 sutori
279 3523 346 3586 lilio
372 3523 549 3586 Clementis
580 3545 637 3608 per
667 3526 847 3607 predictum
869 3525 1046 3607 Georgium
1071 3526 1337 3588 testamentaliter
1369 3526 1412 3588 le·

148 3644 265 3711 garam,
290 3630 395 3691 eidem
421 3630 507 3692 luce
531 3632 631 3693 sutori
655 3633 714 3693 sub
739 3631 930 3693 condicione
947 3632 1093 3693 similiter
1109 3632 1187 3694 sexti
1214 3633 1326 3694 cubuli
1343 3653 1412 3715 pre·

149 3736 234 3797 dicto
259 3736 398 3798 claustro
416 3737 515 3798 sancti
540 3738 665 3799 Nicolai
695 3736 886 3800 confessoris
903 3738 1058 3819 Zagrabie
1085 3735 1220 3800 fundato
1245 3740 1412 3801 annuatim

148 3862 273 3924 semper
297 3843 530 3924 proveniendo,
543 3844 663 3905 remisit
686 3860 841 3927 perpetuo
866 3845 1093 3927 possidendam
1119 3859 1150 3907 et
1173 3846 1349 3928 superinde
1368 3859 1412 3907 est

151 3947 241 4010 litera
265 3950 324 4010 sub
348 3951 502 4033 pendenti
526 3951 633 4033 sigillo
658 3953 897 4014 communitatis
922 3966 1078 4015 emanata.

210 4186 292 4259 ltem
322 4191 354 4258 in
383 4189 468 4260 sesto
499 4189 753 4262 Purificacionis
782 4191 878 4263 beate
908 4211 1039 4281 semper
1066 4189 1209 4281 virginis
1238 4192 1356 4266 llarie.

654 4356 695 4421 (2.
712 4346 887 4421 februarii).

253 4481 330 4544 ltem
355 4482 460 4564 jurati,
485 4485 657 4547 consiliarii
690 4500 721 4548 et
753 4488 892 4549 universi
921 4490 1005 4553 cives
1037 4508 1072 4550 ac
1096 4501 1162 4550 tota
1194 4491 1410 4552 communitas

147 4585 284 4650 civitatis
316 4589 456 4671 predicte
489 4591 649 4671 quandam
685 4592 811 4654 vineam
846 4594 1008 4657 Dominici
1043 4594 1246 4679 Laadowych
1272 4617 1330 4660 seu
1354 4596 1409 4660 filii

149 4693 234 4754 Laad
271 4696 407 4756 civitatis
440 4698 579 4778 predicte
612 4699 699 4777 civis,
733 4701 764 4760 in
797 4701 958 4762 territorio
990 4701 1132 4762 eiusdem
1165 4702 1305 4765 civitatis
1330 4705 1410 4765 inter

147 4800 273 4862 vineam
307 4801 522 4865 Bartholomei
558 4822 588 4866 et
614 4806 760 4890 Dyonisii
794 4806 934 4868 filiorum
969 4808 1057 4869 Pauli
1092 4809 1299 4894 Paulrowych
1323 4810 1410 4891 dicti,
