3142 5356
155 377 215 437 252
685 362 771 417 Anno
794 373 885 437 1433.

152 586 268 633 statuta
300 591 356 653 per
386 571 658 634 testamentariam
692 569 894 652 legacionem
928 569 1004 631 dicti
1040 569 1179 630 Ladislai
1213 568 1418 651 perhenniter

153 678 358 760 possidenda.

260 785 337 847 ltem
371 784 567 846 Laurentius
598 783 773 864 llungarus
804 782 889 845 iilius
914 782 1069 845 iohannis
1101 797 1132 844 et
1156 787 1267 865 Agnes
1291 803 1421 846 consors

153 890 297 953 eiusdem
317 891 501 968 Laurencii,
518 889 723 952 medietatem
735 889 901 951 cuiusdam
921 890 1039 951 domus
1055 908 1111 950 sue
1137 903 1263 951 murate
1281 904 1314 951 et
1331 888 1419 950 iundi

152 1016 188 1058 ac
213 995 436 1058 hedificiorum
462 998 493 1057 in
527 996 611 1058 dicta
636 996 764 1057 civitate
797 997 878 1057 inter
911 995 1027 1057 domos
1051 1010 1083 1058 et
1114 994 1235 1057 fundos
1258 1015 1295 1058 ac
1319 995 1422 1057 curias

152 1103 328 1164 liberorum
361 1103 499 1164 condam
525 1102 615 1163 Pauli
651 1101 868 1187 Zydowchich
900 1101 975 1163 dicti
1009 1117 1040 1164 et
1065 1100 1215 1183 Gregorii
1248 1102 1340 1183 parvi
1365 1099 1422 1163 filii

154 1206 240 1270 Galli
266 1208 373 1270 habite
398 1223 428 1269 et
453 1209 625 1285 existentis,
650 1227 747 1269 unam
773 1209 929 1288 integram
953 1208 1075 1269 curiam
1100 1208 1132 1268 in
1157 1227 1191 1270 se
1215 1207 1421 1283 continentie,

153 1315 358 1377 medietatem
383 1314 533 1376 videlicet
551 1329 669 1376 rectam
686 1329 717 1376 et
741 1316 903 1396 equalem,
921 1314 1062 1376 mediam
1080 1314 1199 1375 curiam
1219 1314 1252 1375 in
1268 1333 1303 1375 se
1321 1313 1420 1376 conti·

154 1436 294 1499 nentem,
312 1441 386 1482 cum
413 1421 583 1482 medietate
610 1421 716 1482 celarii
739 1421 937 1483 subterranei
955 1441 992 1482 ac
1009 1421 1080 1482 aliis
1105 1420 1228 1482 cunctis
1245 1420 1313 1481 suis
1337 1419 1421 1481 utili·

152 1529 270 1590 tatibus
287 1542 317 1589 et
341 1528 546 1610 pertinenciis
563 1528 729 1605 universis,
755 1528 908 1611 magistro
933 1527 1063 1589 Matheo
1087 1527 1212 1588 notario
1239 1541 1271 1589 et
1296 1526 1420 1589 concivi

153 1649 261 1696 nostro
278 1654 314 1695 ac
331 1633 456 1717 Agathe
473 1654 528 1694 sue
547 1635 685 1696 consorti
700 1651 768 1694 tum
793 1653 852 1717 pro
869 1634 980 1696 decem
999 1650 1031 1695 et
1046 1648 1167 1715 septem
1182 1631 1253 1695 flor.
1266 1633 1338 1694 auri
1353 1647 1420 1694 tum

152 1741 252 1802 eciam
279 1759 336 1822 pro
361 1738 596 1802 reformacione
621 1755 652 1801 et
669 1741 916 1823 recuperacione
934 1740 1078 1802 eiusdem
1103 1739 1221 1802 domus
1246 1754 1371 1802 mutate
1391 1753 1422 1801 et

153 1846 245 1909 fundi
270 1867 306 1908 ac
331 1845 553 1909 hedificiorum
579 1846 742 1908 dedissent
767 1848 867 1908 immo
892 1846 1049 1909 dederunt
1074 1861 1231 1929 perpetuo
1249 1846 1418 1929 possiden·

154 1953 226 2015 dam
253 1967 284 2014 et
308 1954 616 2034 quomodocumque
642 1953 803 2014 voluerint
820 1953 1054 2035 disponendam
1080 1953 1167 2034 juxta
1192 1953 1420 2015 condicionem

154 2060 308 2134 civitatis;
333 2059 428 2121 aliam
458 2074 565 2120 autent
598 2059 804 2121 medietatem
837 2060 982 2122 eiusdem
1008 2060 1125 2122 domus
1160 2075 1295 2138 mutate,
1331 2059 1422 2121 fundi

152 2179 183 2227 et
208 2164 430 2228 hedificiorum
457 2165 555 2226 iidem
582 2166 778 2227 Laurencius
811 2181 841 2229 et
874 2167 1005 2229 domina
1030 2172 1139 2248 Agnes
1171 2186 1229 2249 pro
1254 2186 1287 2228 se
1313 2166 1418 2228 litera·

150 2273 231 2335 torie
257 2286 457 2334 reservarunt
482 2271 720 2353 possidendam.

258 2380 333 2442 ltem
369 2379 529 2461 Georgius
562 2381 643 2461 Zzyr
675 2381 837 2461 quandam
871 2382 1004 2443 domum
1037 2400 1127 2443 suam
1151 2400 1225 2441 cum
1252 2378 1356 2441 fundo
1392 2394 1423 2440 et

152 2485 308 2549 hedificiis
333 2488 363 2547 in
390 2487 461 2548 vico
486 2500 595 2548 nostro
621 2488 768 2549 exteriori
790 2508 846 2549 seu
871 2489 976 2570 platea
992 2502 1136 2550 sutorum
1163 2486 1318 2563 habitam,
1337 2487 1419 2547 inter

152 2593 285 2653 domum
312 2592 441 2653 Andree
474 2591 630 2652 carnificis
662 2592 738 2655 dict‘t
773 2593 1004 2678 Podkorenyak
1030 2608 1061 2656 et
1092 2594 1175 2654 viam
1209 2611 1419 2655 communem

151 2699 255 2775 sitam,
281 2718 376 2759 unam
403 2713 548 2778 quartam
575 2699 662 2760 curie
680 2701 711 2783 in
733 2719 766 2760 se
791 2701 1021 2777 continentem,
1039 2720 1111 2761 cum
1131 2699 1197 2760 suis
1213 2698 1422 2781 pertinenciis

152 2804 282 2886 Mathye
308 2805 394 2865 dicto
426 2802 567 2865 Berthun
593 2802 661 2865 lilio
694 2805 795 2881 Pauli,
831 2807 893 2882 jam
926 2826 1012 2868 novo
1037 2806 1161 2868 concivi
1187 2819 1309 2883 nostr0,
1345 2824 1420 2866 ven·

151 2912 232 2973 didit
256 2925 412 2997 perpetuo
437 2911 676 2993 possidendam.

257 3016 334 3080 ltetn
362 3017 543 3099 Stephanus
560 3016 702 3094 Knehtb,
720 3019 843 3100 pridem
864 3018 994 3096 iuratus,
1012 3019 1154 3080 concivis
1178 3033 1297 3097 noster,
1315 3039 1417 3100 quan·

152 3125 226 3185 dam
252 3124 385 3185 domum
412 3143 503 3184 suam
528 3143 600 3184 cum
620 3122 721 3185 fundo
746 3139 776 3185 et
802 3124 958 3186 hedificiis
975 3126 1006 3186 in
1023 3125 1095 3186 vico
1112 3125 1250 3187 civitatis
1267 3125 1417 3186 exteriori

150 3231 257 3292 lutoso
284 3230 364 3291 inter
382 3230 498 3290 domos
522 3244 552 3290 et
568 3228 686 3290 fundos
703 3229 832 3291 Thome
849 3232 967 3292 sutoris
988 3231 1142 3292 Podoben
1168 3231 1244 3292 dicti
1270 3246 1301 3292 et
1320 3230 1416 3292 Blasii

150 3337 267 3398 sutoris
292 3337 444 3413 habitam,
470 3357 486 3396 a
512 3336 616 3417 platea
649 3356 751 3417 usque
777 3336 910 3398 fluvium
944 3337 1095 3398 metalem
1119 3357 1152 3398 se
1177 3336 1417 3412 extendentem,

150 3462 246 3504 unam
273 3457 417 3522 quartam
445 3443 531 3502 curie
558 3443 588 3500 in
614 3461 646 3501 se
672 3444 902 3519 continentem,
929 3443 1093 3525 Stephano
1117 3443 1217 3505 sutori
1244 3441 1313 3505 filio
1339 3442 1417 3506 Gre-

148 3549 230 3630 gorii
257 3567 316 3629 pro
341 3547 479 3628 quadam
506 3547 605 3607 domo
638 3567 696 3608 suo
722 3548 753 3608 in
786 3549 912 3610 civitate
948 3550 1090 3631 predicta
1122 3549 1204 3611 inter
1238 3550 1356 3612 domos
1387 3563 1417 3612 et

149 3653 267 3716 fundos
285 3652 417 3733 Georgii
445 3652 596 3713 Precltich
614 3668 644 3713 et
669 3653 845 3716 liberorum
863 3656 1024 3717 Valentini
1048 3657 1169 3735 habita,
1194 3675 1267 3718 cum
1292 3657 1416 3718 addita·

150 3775 260 3822 mento
285 3761 379 3821 trium
406 3761 474 3823 flor.
500 3760 569 3820 auri
595 3761 806 3841 permutative
836 3762 925 3822 dedit
949 3775 1106 3844 perpetuo
1131 3762 1372 3843 possidendam.

256 3866 332 3928 ltem
359 3867 512 3928 dominus
537 3866 686 3927 Vrbanus
703 3868 859 3947 presbiter
884 3884 914 3929 et
932 3868 1134 3949 Margaretha
1159 3888 1216 3929 sua
1240 3887 1331 3931 soror
1348 3883 1414 3930 ute-

149 3975 228 4051 rina,
263 3974 425 4054 quandam
459 3974 592 4034 domum
625 3993 714 4034 suam
752 3994 823 4035 cum
859 3974 960 4037 lundo
986 3990 1016 4037 et
1048 3973 1205 4036 hedificiis
1230 3975 1261 4035 in
1288 3977 1414 4038 civitate

149 4078 269 4162 prelata
296 4080 376 4141 inter
400 4081 515 4141 domos
541 4094 571 4140 et
596 4077 713 4141 fundos
735 4081 911 4142 liberorum
929 4082 1068 4143 condam
1094 4080 1261 4143 Michaelis
1285 4081 1415 4143 sartoris

148 4201 178 4248 et
203 4187 415 4267 quarumdam
442 4187 615 4247 mulierum
641 4185 814 4246 Katherine
839 4188 947 4248 relicte
973 4188 1091 4248 Mathei
1122 4188 1234 4249 decani
1260 4201 1292 4248 et
1317 4188 1414 4250 Lucie

148 4293 257 4354 relicte
283 4292 411 4353 Thome
445 4291 661 4374 Gerdsewych
695 4291 848 4370 habitam,
878 4294 1017 4354 mediam
1051 4295 1173 4354 curiam
1197 4295 1229 4354 in
1255 4313 1288 4355 se
1315 4296 1414 4356 conti·

149 4414 290 4477 nentem,
316 4397 412 4460 Clare
435 4399 576 4459 consorti
603 4399 772 4459 Laurencii
792 4401 858 4460 coci
885 4399 950 4461 filie
975 4400 1114 4461 condam
1139 4399 1340 4479 Peterkonis,
1357 4419 1415 4484 pro

151 4505 292 4586 quodam
319 4503 436 4585 th)orto
461 4524 530 4581 suo,
555 4504 609 4584 qui
635 4504 771 4564 condam
793 4505 948 4566 lobannis
974 4504 1122 4588 Grachyn
1148 4503 1319 4587 prefuerat,
1344 4526 1416 4568 cum

150 4611 371 4673 additamento
396 4612 507 4673 decem
523 4611 591 4673 flor.
609 4613 677 4672 auri
703 4613 848 4674 vendidit
873 4628 903 4674 et
920 4614 1056 4675 contulit
1073 4627 1230 4695 perpetuo
1253 4630 1414 4695 permuta-

146 4719 211 4779 tive
238 4718 475 4799 possidendam.

254 4825 332 4885 ltem
351 4826 468 4891 Paulus
487 4824 571 4890 filius
596 4824 850 4889 Klachchewich
870 4827 1031 4907 quandam
1050 4826 1211 4889 vineolam
1234 4845 1325 4890 suam
1343 4846 1415 4891 cunr
