3142 5356
223 354 281 417 174
745 332 832 390 Anno
856 343 948 408 1429.

219 440 442 450 ῥα*-
459 440 464 445 .
471 438 862 445 ——.-—-——---—.—...
869 439 906 443 —
913 438 1043 444 —-—-

216 566 317 622 suam,
342 544 482 606 mediam
501 545 622 605 curiam
648 544 678 604 in
705 563 736 604 se
755 544 986 620 continentem,
1012 544 1093 603 inter
1117 543 1233 603 domos
1250 541 1396 602 virorum
1418 561 1491 623 pro-

218 652 366 712 vidorum
387 651 556 712 Laurencii
574 650 705 711 cultoris
729 664 760 710 et
777 648 910 710 honeste
928 649 1072 709 mulieris
1089 646 1267 730 Elyzabeth
1285 646 1370 708 dicte
1391 647 1491 708 Ztan·

217 757 361 835 cheuich‚
387 777 459 817 cum
494 757 559 817 suis
590 756 813 838 pertinenciis,
843 755 950 817 Blasio
982 753 1050 817 filio
1080 755 1172 816 Pauli
1206 754 1283 815 dicti
1316 752 1488 815 Charanth

219 884 277 946 pro
302 864 414 943 viginti
440 864 553 924 marcis
578 863 784 924 denariorum
809 861 955 922 vendidit
980 876 1135 944 perpetuo
1159 860 1404 945 possidendam.

325 970 401 1031 ltem
428 990 486 1030 nos
510 970 726 1032 communitas
749 968 912 1050 quendam
935 967 1070 1029 fundum
1098 968 1193 1029 unius
1217 981 1331 1048 quarte
1356 967 1390 1026 in
1417 966 1491 1026 vico

218 1077 354 1138 civitatis
379 1077 527 1137 exteriori
553 1097 609 1138 seu
634 1076 737 1158 platea
763 1074 1013 1136 Theuthonicali
1036 1089 1090 1136 aut
1116 1071 1380 1153 Lutifigulorum,
1409 1073 1494 1134 inter

218 1181 336 1245 fundos
360 1198 390 1244 et
415 1182 562 1244 hedificia
587 1197 682 1264 atque
717 1182 832 1243 domos
857 1182 915 1242 viri
949 1181 1074 1263 providi
1100 1180 1230 1241 Thome
1262 1179 1434 1240 monoculi
1461 1194 1492 1239 et

219 1291 392 1351 liberorum
413 1290 540 1351 Martini
557 1289 632 1349 dicti
654 1291 796 1349 Kusaren
815 1288 970 1366 habitum,
984 1308 1078 1369 super
1097 1307 1155 1348 nos
1171 1301 1202 1346 et
1216 1286 1488 1347 communitatem

220 1412 359 1457 nostram
374 1416 430 1477 pro
446 1416 509 1456 non
528 1396 694 1456 solucione
712 1395 877 1455 deciorum
892 1395 1107 1476 plurimorum
1133 1392 1333 1467 devolutam,
1354 1390 1491 1472 Mathye

220 1501 323 1580 jurato
348 1517 458 1562 nostro
484 1502 641 1562 moderno
666 1500 732 1562 filio
759 1501 888 1582 Mathye
913 1514 944 1562 et
967 1500 1095 1560 Andree
1124 1497 1192 1559 filio
1218 1498 1314 1575 Petri,
1339 1517 1416 1558 cum
1444 1498 1492 1578 ip-

219 1608 284 1669 sius
308 1606 399 1668 fundi
424 1608 520 1668 unius
544 1621 656 1688 quarte
686 1607 903 1688 pertinenciis,
937 1626 995 1687 pro
1021 1606 1147 1666 duobus
1179 1603 1248 1666 flor.
1274 1602 1343 1663 auri
1377 1601 1494 1663 vendi·

220 1714 326 1774 dimus
350 1727 505 1794 perpetuo
530 1712 771 1794 possidendum.

327 1819 403 1880 ltem
430 1819 575 1879 Thomas
599 1819 703 1880 cultor
720 1817 804 1879 lilius
823 1819 918 1893 Petri,
943 1818 1149 1879 medietatem
1171 1815 1338 1877 cuiusdam
1356 1815 1492 1892 domus,

221 1924 310 1988 lundi
336 1926 383 1985 sui
409 1939 440 1986 et
465 1924 687 1986 hedificiorum
712 1945 747 1985 ac
771 1925 877 1985 celarii
904 1925 936 1984 in
962 1925 1045 1985 dicta
1063 1924 1190 1984 civitate
1216 1924 1297 1984 inter
1323 1923 1444 1983 domos
1462 1938 1494 1982 et

222 2031 339 2093 fundos
364 2032 446 2091 Petri
473 2031 547 2091 dicti
575 2031 765 2091 Zudrawich
783 2032 822 2091 ab
853 2050 913 2092 una
933 2044 1032 2111 parte,
1057 2043 1088 2091 et
1112 2030 1151 2090 ab
1177 2030 1275 2089 altera
1302 2028 1403 2089 Marci
1424 2048 1492 2089 car-

221 2137 323 2199 nificis
348 2151 378 2198 et
406 2136 555 2217 Gregorii
581 2137 712 2198 cultoris
744 2137 863 2215 habite,
888 2157 985 2198 unam
1020 2136 1171 2197 videlicet
1194 2149 1342 2217 quartam
1368 2150 1491 2196 rectam

223 2257 254 2305 et
279 2244 440 2324 equalem,
465 2263 537 2303 cum
561 2244 626 2303 suis
647 2243 854 2324 pertinenciis
879 2242 1022 2323 Georgio
1039 2242 1105 2303 lilio
1132 2242 1214 2303 Petri
1240 2240 1328 2302 alfini
1353 2261 1415 2302 suo
1434 2261 1493 2323 pro

223 2364 296 2410 octo
322 2348 390 2410 flor.
408 2348 552 2409 vendidit
577 2363 732 2430 perpetuo
750 2349 990 2430 possidendam,
1013 2349 1100 2409 salva
1125 2349 1187 2409 alia
1215 2349 1390 2409 medietate
1408 2348 1493 2407 eius·

223 2455 296 2516 dem
321 2455 448 2531 domus,
474 2453 563 2515 fundi
590 2470 620 2515 et
644 2455 751 2515 celarii
772 2475 807 2516 ac
832 2453 1057 2516 hedificiorum
1083 2455 1178 2515 unius
1199 2454 1348 2514 similiter
1364 2468 1493 2534 quarte,

223 2581 319 2641 quarn
345 2559 487 2641 prelatus
513 2560 659 2621 Thomas
684 2581 741 2641 pro
765 2581 797 2621 se
823 2574 1014 2621 reservasset
1038 2560 1275 2642 possidendam.

328 2667 405 2729 ltem
416 2665 627 2728 Paulusfilius
638 2667 721 2727 lwan
732 2667 806 2728 dicti
820 2666 992 2744 Klachech,
1003 2667 1156 2728 directam
1167 2680 1198 2727 et
1207 2667 1356 2748 equalem
1366 2665 1492 2727 medie·

222 2787 320 2835 tatem
345 2773 511 2834 cuiusdam
530 2772 647 2833 domus
664 2787 695 2834 et
712 2772 802 2833 fundi
817 2774 848 2833 in
867 2774 950 2834 dicta
968 2774 1094 2834 civitate
1113 2774 1195 2834 inter
1211 2787 1241 2833 et
1259 2791 1357 2853 penes
1370 2772 1492 2832 domos

223 2900 258 2941 ac
272 2879 389 2940 fundos
399 2880 482 2939 lwan
494 2893 523 2939 et
539 2880 621 2940 Petri
631 2881 671 2939 ab
681 2899 744 2940 una
753 2893 852 2961 parte,
864 2882 902 2940 ab
913 2880 1010 2941 altera
1022 2899 1097 2941 vero
1108 2878 1270 2940 Dominici
1285 2892 1315 2939 et
1329 2878 1490 2939 Anthonii

223 2987 403 3047 concivium
415 3001 596 3046 nostrorum
615 2985 732 3063 habite,
747 3005 843 3046 unam
858 2987 979 3047 scilicet
996 3002 1141 3067 quartam
1156 2987 1186 3046 in
1200 3005 1234 3046 se
1256 2985 1493 3061 continentem,

224 3092 388 3153 Anthonio
399 3089 466 3152 filio
484 3090 627 3172 Georgii,
638 3092 692 3172 qui
708 3091 851 3152 eiusdem
863 3091 989 3169 domus,
1003 3090 1092 3152 lundi
1103 3106 1133 3152 et
1147 3089 1369 3151 hedificiorum
1389 3090 1489 3151 aliam

224 3213 368 3280 quartam
386 3198 560 3259 literatorie
582 3197 757 3258 dinoscitur
778 3198 950 3279 possidere,
976 3217 1048 3259 cum
1065 3198 1130 3258 suis
1147 3196 1362 3279 pertinenciis,
1380 3197 1492 3257 eidem

225 3304 391 3365 Anthonio
416 3323 473 3384 pro
491 3316 630 3383 quatuor
654 3304 769 3363 marcis
792 3304 938 3364 vendidit
961 3317 1118 3385 perpetuo
1144 3303 1383 3385 possidendam.

332 3411 408 3470 ltem
435 3411 628 3471 Benedictus
651 3408 708 3470 filii
738 3408 897 3490 Gregorii,
930 3410 1070 3471 concivis
1095 3423 1212 3486 noster,
1246 3408 1410 3490 quandam
1446 3408 1495 3468 vi·

226 3537 319 3578 neam
345 3536 434 3576 suam
469 3516 725 3577 condicionalem
760 3517 792 3577 in
824 3517 983 3578 territorio
1018 3531 1127 3578 nostro
1159 3515 1373 3577 condicionali
1409 3515 1495 3575 inter

224 3625 335 3684 vineas
359 3623 507 3683 similiter
531 3622 771 3683 condicionales
796 3621 928 3704 Georgii
953 3621 1009 3684 lilii
1036 3622 1164 3684 Thome
1189 3642 1205 3683 a
1231 3622 1324 3703 plaga
1350 3638 1494 3703 septem-

224 3730 352 3790 trionali
378 3743 408 3790 et
443 3728 525 3788 Petri
560 3728 705 3807 Hungari
738 3730 862 3810 pridem
896 3729 988 3809 jurati
1020 3727 1077 3790 filii
1111 3728 1200 3789 Pauli
1233 3748 1250 3788 a
1283 3728 1493 3789 meridionali

225 3837 318 3917 plaga
355 3835 496 3896 habitam
523 3850 552 3896 et
577 3836 777 3913 existentem,
803 3836 939 3917 desuper
963 3857 979 3896 a
1005 3837 1056 3896 via
1079 3835 1255 3914 communi,
1280 3832 1360 3896 infra
1387 3854 1491 3915 usque

225 3942 386 4023 quendam
421 3943 590 4002 decursum
623 3962 704 4022 aque
737 3943 777 4002 ad
811 3941 1035 4003 molendinum
1060 3941 1188 4003 claustri
1222 3940 1355 4002 ecclesie
1389 3941 1494 4002 sancti

226 4048 385 4109 Francisci
411 4045 603 4108 confessoris
635 4048 832 4109 decurrentis
867 4067 899 4108 se
933 4047 1170 4125 extendentem,
1195 4066 1269 4108 cum
1293 4045 1359 4108 suis
1394 4047 1493 4129 perti·

226 4156 366 4232 nenciis,
400 4154 655 4235 condicioneque
688 4153 768 4215 infra
809 4154 1018 4231 declaranda,
1050 4168 1204 4216 annotato
1236 4152 1380 4234 Georgio
1422 4152 1492 4214 filio

225 4261 354 4322 Thome
379 4261 563 4342 supradicto
588 4260 732 4320 vendidit
757 4274 911 4340 perpetuo
930 4259 1169 4341 possidendam,
1194 4260 1237 4321 ita
1261 4273 1381 4336 tamen,
1400 4259 1491 4340 quod

225 4368 290 4449 ipse
317 4367 477 4448 Georgius
502 4383 531 4427 ct
554 4367 601 4426 sui
635 4366 740 4426 cuncti
774 4385 980 4444 successores,
1006 4366 1104 4447 ipsius
1128 4366 1220 4428 vinee
1252 4384 1311 4447 pro
1345 4381 1493 4447 tempore

226 4494 433 4555 possessores,
448 4473 622 4552 nonaginta
642 4472 789 4531 denarios
814 4492 871 4552 pro
888 4487 1033 4552 tempore
1058 4485 1219 4532 currentes
1236 4470 1275 4530 ad
1300 4471 1492 4531 comitatum

226 4594 368 4641 nostrum
395 4581 469 4641 dare
496 4595 525 4639 et
550 4580 732 4660 persolvere
756 4581 959 4641 tenebuntur.

332 4685 408 4747 ltem
442 4686 575 4746 honesta
616 4685 746 4745 domina
782 4684 958 4766 Elyzabeth
992 4684 1101 4745 relicta
1133 4697 1164 4745 et
1196 4681 1373 4765 Gregorius
1406 4681 1495 4745 filius

225 4792 362 4853 condam
389 4792 551 4854 Valentini
569 4791 762 4868 stacionarii,
787 4792 818 4851 in
840 4810 896 4851 sua
921 4805 952 4851 et
969 4790 1069 4851 Elene
1093 4809 1131 4850 ac
1155 4789 1333 4872 Elyzabeth
1350 4788 1492 4852 filiarum
