3142 5356
28 4920 120 5032 ’ἱ

159 534 200 596 68
557 535 642 592 Anno
666 549 758 614 1490.
784 568 825 577 —
850 549 899 614 19.
924 533 1033 592 martii.

159 745 290 810 famiam
326 749 424 809 modo
457 747 613 830 premisso
648 746 688 807 ad
721 746 899 827 predictum
932 745 1102 827 registrum
1138 743 1322 824 inscriptam
1359 743 1428 803 sine

163 854 307 916 ulteriori
333 853 493 916 dilacione
519 867 550 915 et
573 853 688 934 quovis
705 853 831 934 quesito
849 851 955 913 colore
981 851 1087 912 delere
1113 862 1144 910 et
1168 849 1297 911 abolere
1323 863 1354 910 et
1379 849 1426 910 in·

161 980 257 1043 super
281 961 402 1022 vocatis
426 979 531 1022 coram
558 959 649 1021 vobis
680 973 745 1020 tarn
778 959 864 1020 dicto
889 972 1067 1040 exponente
1100 976 1197 1038 quam
1231 957 1333 1018 eciam
1357 974 1430 1037 pre·

162 1065 234 1129 fatis
258 1067 432 1129 Valentino
456 1082 563 1128 surore
588 1080 618 1127 et
643 1067 730 1127 Luca
755 1064 924 1149 Rybarych
947 1064 1136 1125 adversariis
1159 1062 1281 1125 scilicet
1304 1062 1370 1123 suis
1387 1061 1428 1122 ad

162 1193 264 1235 unum
289 1187 410 1235 certum
436 1185 466 1235 et
497 1174 626 1234 brevem
659 1172 833 1233 terminum
861 1170 966 1232 eidem
999 1170 1171 1252 exponenti
1196 1190 1233 1230 ex
1258 1183 1347 1252 parte
1373 1188 1429 1231 eo-

162 1280 309 1342 rumdem
336 1279 590 1341 adversariorum
608 1297 739 1339 suorum
763 1277 803 1339 d'e
828 1291 859 1338 et
875 1296 970 1358 super
995 1277 1146 1337 omnibus
1170 1275 1295 1358 injuriis
1319 1276 1429 1337 eidem

162 1386 399 1467 quoquomodo
424 1385 520 1447 illatis
544 1385 699 1466 judicium
728 1398 758 1446 et
781 1383 940 1465 justiciam
972 1381 1075 1445 facere
1100 1404 1135 1444 ac
1159 1383 1290 1444 tandem
1315 1383 1431 1466 plena·

163 1492 241 1553 riam
267 1505 298 1552 et
314 1491 538 1553 omnimodam
555 1490 810 1552 satisfaccionem
831 1489 1017 1572 impendere
1035 1489 1178 1550 debeatis
1195 1503 1226 1550 et
1242 1489 1431 1567 teneamini,

162 1596 201 1657 de
226 1611 396 1679 ceteroque
422 1597 560 1658 eundem
585 1597 706 1659 nemini
739 1596 917 1678 perturbari
943 1609 973 1656 et
1004 1595 1240 1676 quoquomodo
1265 1594 1426 1657 diffamari

163 1703 364 1785 permittatis,
389 1703 543 1784 quoniam
568 1703 713 1783 alioquin
746 1703 967 1764 commisimus
999 1716 1029 1762 et
1054 1701 1182 1783 plenam
1215 1715 1358 1763 nostram
1384 1700 1430 1763 fa-

163 1809 314 1870 cultatem
339 1810 613 1871 etauctoritatem
647 1809 807 1885 dedimus,
840 1808 1018 1889 damusque
1044 1821 1075 1869 et
1107 1808 1342 1869 committimus
1373 1828 1431 1890 per

164 1930 325 1997 presentes
342 1915 428 1977 fideli
447 1929 556 1977 nostro
581 1914 752 1996 magnifico
770 1914 889 1976 Mathie
905 1913 1010 1975 Gereb
1028 1915 1117 1994 regni
1135 1915 1234 1975 nostri
1253 1915 1428 1977 Sclauonie

164 2023 258 2099 bano,
283 2035 318 2083 ut
342 2021 427 2083 idern
452 2041 564 2083 omnes
588 2023 666 2082 tales
690 2022 714 2082 si
740 2023 795 2102 qui
820 2019 902 2082 forte
920 2021 1028 2102 previa
1053 2021 1219 2081 occasione
1244 2021 1351 2102 ipsum
1376 2041 1429 2082 ex·

164 2140 338 2209 ponentem
364 2126 528 2189 diffamare
553 2127 613 2189 hoc
646 2143 692 2188 est
720 2142 874 2188 torrorem
906 2126 1067 2208 appellare
1100 2127 1363 2208 persumpserint,
1396 2128 1428 2188 in

164 2252 299 2314 persona
323 2234 482 2314 captivare
507 2246 537 2293 et
554 2235 638 2294 bona
661 2233 848 2295 eorumdem
874 2252 1031 2314 occupare
1056 2248 1176 2293 ettam
1201 2233 1304 2314 capita
1329 2253 1427 2314 quarn

165 2340 265 2401 eciam
291 2341 374 2400 bona
399 2343 586 2402 eorumdem
612 2355 719 2400 nostre
745 2340 954 2421 disposicioni
971 2352 1079 2400 tenere
1104 2355 1134 2400 et
1159 2359 1349 2400 conservare
1374 2340 1426 2401 de·

164 2447 236 2508 beat
260 2459 291 2507 et
306 2460 468 2522 teneatur3
493 2465 583 2507 secus
601 2447 696 2527 igitur
714 2447 804 2507 nullo
829 2446 927 2507 modo
946 2444 1048 2507 facere
1066 2447 1325 2528 presumpmatis.
1351 2448 1427 2508 Pre-

164 2552 307 2613 sentibus
331 2552 479 2633 perlectis
502 2552 664 2613 exhibenti
686 2553 847 2614 restitutis.
874 2553 992 2614 Datum
1010 2553 1151 2614 Wienne
1177 2554 1209 2613 in
1227 2551 1308 2614 festo
1325 2573 1427 2614 sacra·

167 2657 280 2719 tissimi
307 2657 461 2739 Corporis
486 2657 615 2736 Christi,
640 2678 725 2719 anno
750 2658 893 2719 eiusdem
912 2659 1085 2720 millesimo
1109 2659 1430 2740 quadringentesimo

165 2765 383 2845 octuagesimo
408 2779 532 2826 octavo.
564 2801 607 2809 -
639 2767 706 2826 Nos
739 2767 846 2847 itaque
871 2766 966 2846 judex
990 2781 1019 2827 et
1043 2766 1136 2845 jurati
1170 2767 1265 2844 cives,
1296 2782 1431 2848 totaque

166 2871 380 2932 communitas
396 2871 531 2933 civitatis
550 2871 830 2952 Montisgrecensis
847 2873 954 2933 literas
971 2872 1165 2933 serenissimi
1185 2872 1308 2932 domini
1328 2874 1430 2935 nostri

164 2976 390 3058 graciosissimi
416 2979 499 3058 regis
523 2998 648 3039 summa
673 2997 745 3039 cum
770 2980 951 3039 reverencia
974 2992 1185 3060 acceptantes,
1210 2978 1430 3059 mandatoque

165 3102 220 3144 sue
253 3083 427 3145 Maiestatis
459 3098 492 3144 ut
523 3097 672 3145 tenemur
702 3083 880 3145 satisfacere
903 3086 1058 3162 volentes,
1092 3085 1261 3165 registrum
1294 3085 1432 3146 civitatis

166 3202 272 3250 nostre
297 3209 352 3271 per
383 3210 496 3250 omnes
523 3191 675 3252 articulos
707 3211 832 3251 causam
867 3192 966 3272 ipsius
992 3190 1076 3253 Galli
1110 3191 1287 3275 Kwdelych
1313 3193 1431 3272 quovis

166 3295 265 3357 modo
298 3310 463 3376 tangentes
487 3298 721 3378 conspeximus,
747 3299 800 3358 ubi
835 3312 980 3379 presente
1010 3299 1078 3379 ipso
1104 3297 1200 3359 Gallo
1227 3298 1349 3358 nullam
1376 3319 1430 3379 pe·

168 3402 252 3463 nitus
288 3400 453 3463 infamiam
489 3403 585 3464 talem
617 3403 649 3463 in
682 3403 751 3485 ipso
792 3418 901 3464 nostro
935 3403 1068 3485 registro
1104 3424 1160 3466 seu
1192 3406 1324 3465 katerno
1364 3423 1430 3485 qua

168 3508 235 3590 ipse
259 3509 390 3590 putabat
413 3529 445 3568 se
470 3524 635 3588 gravatum
661 3510 847 3595 reperimus,
871 3525 902 3571 et
932 3510 958 3570 si
983 3530 1046 3591 qua
1071 3509 1153 3571 foret
1177 3511 1279 3572 eciam
1304 3509 1428 3572 aboleri

170 3613 369 3675 decrevimus
394 3615 493 3675 immo
518 3615 719 3675 decernimus
744 3630 773 3675 et
794 3616 964 3693 abolimus,
989 3616 1129 3677 eundem
1154 3616 1268 3677 honori
1293 3616 1432 3697 pristino

167 3720 367 3780 restituentes
391 3721 576 3782 testimonio
608 3723 809 3802 presencium
843 3722 1015 3785 mediante.
1042 3724 1144 3804 Super
1177 3723 1294 3804 quibus
1318 3742 1431 3805 supra-

166 3826 289 3908 scriptis
313 3840 344 3888 et
369 3827 434 3907 ipse
460 3825 572 3888 Gallus
597 3847 652 3908 per
681 3848 739 3889 nos
771 3829 984 3910 interrogatus
1014 3829 1156 3910 plenarie
1189 3842 1358 3890 contentus
1384 3846 1432 3892 est

167 3946 197 3994 et
221 3952 277 4014 per
301 3933 409 3994 omnia
434 3952 540 3994 coram
567 3934 668 3997 nobis.

273 4038 349 4100 ltem
375 4059 501 4100 causam
527 4040 608 4101 inter
633 4040 807 4102 Martinam
829 4041 1029 4124 Domotvych
1055 4057 1085 4104 et
1111 4044 1230 4104 Lucam
1258 4043 1432 4127 Rybarych

168 4145 295 4207 racione
319 4159 349 4205 et
373 4160 518 4226 pretextu
535 4146 701 4207 cuiusdam
719 4149 810 4208 bovis
827 4168 924 4228 quern
942 4150 1099 4210 Martinus
1119 4149 1201 4210 inter
1226 4152 1324 4210 boves
1342 4149 1432 4212 Luce

167 4251 329 4333 Ribarych
353 4252 504 4332 cognovit
528 4267 623 4332 prout
646 4267 676 4313 et
700 4267 794 4314 testes
826 4255 873 4314 sui
900 4254 1057 4333 dixerunt,
1093 4275 1189 4336 quern
1214 4255 1302 4336 prius
1327 4256 1432 4318 eciam

167 4357 357 4439 proclamari
382 4357 509 4439 publice
527 4357 610 4434 fecit,
631 4358 724 4438 jurati
742 4360 1017 4440 adjudicaverunt,
1031 4362 1119 4443 quod
1139 4362 1241 4422 Lucas
1266 4361 1429 4445 Ribarych

167 4463 207 4524 ad
232 4461 345 4524 feriam
369 4476 489 4525 sextam
521 4465 700 4545 proximam
733 4481 804 4547 post
836 4467 1032 4529 dominicam
1066 4468 1165 4541 Quasi
1195 4467 1294 4528 modo
1316 4469 1432 4547 geniti,

167 4573 351 4634 terciusmet
384 4571 487 4652 jurare
512 4571 641 4634 habebit
672 4594 744 4635 curn
777 4576 923 4656 personis
954 4577 1013 4638 sibi
1046 4576 1215 4654 similibus,
1248 4576 1337 4657 quod
1362 4576 1431 4658 ipse

168 4677 328 4758 ignoravit
352 4679 376 4740 si
401 4675 512 4740 fuisset
535 4679 594 4740 bos
618 4680 716 4762 ipsius
740 4682 868 4743 Martini
894 4682 943 4743 vel
968 4702 1044 4759 non,
1072 4696 1148 4742 tunc
1174 4683 1239 4763 ipse
1264 4701 1321 4764 per
1344 4681 1431 4762 jura·

168 4797 313 4846 mentum
338 4786 527 4868 expurgabit
543 4782 707 4847 infamiam
725 4807 834 4864 suatn;
860 4789 1015 4850 Martinus
1039 4808 1115 4850 vero
1140 4788 1288 4850 similiter
1312 4789 1430 4852 eodem

168 4890 220 4952 die
244 4891 347 4971 jurare
372 4892 502 4953 debebit
526 4891 681 4953 solusmet
708 4909 829 4974 quanto
861 4895 969 4976 precio
1001 4896 1139 4956 eundern
1165 4896 1281 4956 bovem
1306 4912 1433 4961 emerat

167 5009 198 5059 et
222 5012 378 5079 quantum
403 4998 578 5082 dampnum
604 5018 713 5080 passus
734 5015 790 5079 est,
807 5015 883 5062 tunc
908 5001 993 5063 idem
1020 5002 1121 5064 Lucas
1138 5000 1262 5084 prefato
1287 5003 1432 5069 Martiuo
