3142 5356
175 103 235 180 156
530 162 533 167 ,
555 103 754 176 Anno-1506.
780 134 821 143 —
846 112 895 176 ³7.
912 101 1063 177 januarii.

273 312 427 377 Seniores
452 312 484 375 in
512 311 634 393 judicio
659 331 771 373 eorum
789 311 822 371 in
847 307 969 393 prefata
994 330 1089 372 causa
1112 310 1310 383 addiderunt
1332 311 1434 377 solum

169 416 259 499 quod
283 417 381 481 tercia
405 437 478 502 pars
502 416 722 500 predictorum
754 417 915 478 bonorum
941 415 1034 479 cedat
1057 435 1117 498 pro
1148 416 1320 490 animabus
1343 416 1441 500 ipsius

169 524 308 587 condam
336 523 546 607 ‚Kosltowych
579 538 609 585 ct
642 523 751 585 uxoris
782 542 850 601 sue,
880 523 943 584 alia
979 543 1057 585 vero
1083 522 1322 589 ‚confirmarunt
1354 523 1441 605 quod

169 632 306 694 eandem
332 631 569 712 Margaretham
594 630 694 692 nichil
718 630 884 691 concernit
912 630 988 711 quia
1013 649 1079 690 noo
1100 627 1164 701 ‘fuit
1187 629 1304 692 avitica
1329 629 1439 711 ipsius,

169 758 201 799 se
226 757 264 799 ex
289 738 410 821 (sltitpe
434 737 624 800 eorumdem
641 737 760 799 habent
782 736 906 818 prolem
924 736 975 798 cui
1000 736 1116 796 cedant
1140 736 1206 817 ipae
1232 735 1296 810 due
1320 751 1437 818 partes,

157 845 195 905 >si
219 864 295 908 vero
320 845 404 908 dicta
429 844 493 907 lilia
518 844 662 906 eiusdem
687 844 827 926 premoti
853 843 1033 924 contigerit,
1051 862 1089 904 ex
1112 856 1189 905 tunc
1213 842 1253 904 ad
1278 842 1440 926 prelatum

169 964 292 1033 patrem
318 970 412 1012 suum
438 951 622 1013 devolvent.

148 1103 151 1106 ι
214 1110 219 1123 ,
276 1057 382 1122 Causa
406 1059 488 1121 inter
505 1058 698 1121 Michaelem
723 1056 895 1140 pellificem
918 1072 949 1119 et
967 1057 1144 1124 Sinkonem
1169 1058 1345 1137 literatum,
1363 1076 1440 1124 uxo·

170 1183 285 1245 resque
310 1166 500 1227 eorumdem
525 1166 654 1227 racione
688 1165 962 1226 inhonestacionis
994 1179 1025 1227 et
1056 1165 1318 1247 vituperationis,
1343 1181 1440 1248 prout

162 1284 265 1334 testes
289 1271 519 1353 deposuerunt,
544 1272 727 1335 alternatim
744 1290 777 1333 se
800 1271 940 1333 vicissim
958 1272 1187 1354 vituperantes,
1201 1272 1347 1354 quelibet
1365 1292 1437 1355 pars

149 1379 334 1457 sustineat,
366 1377 460 1457 jurati
493 1377 718 1459 adjudicarunt
743 1378 803 1454 ita;
835 1378 890 1439 ubi
923 1398 999 1440 vero
1031 1397 1112 1439 uxor
1144 1376 1258 1460 prelati
1284 1378 1439 1441 Sinkonis

146 1504 303 1549 zuxorem
336 1484 412 1546 dicti
445 1484 612 1545 Michaelis
645 1484 846 1546 meretricem
877 1483 1085 1566 juvenculam
1117 1484 1312 1567 appellavit,
1344 1500 1440 1567 prout

150 1603 265 1655 >testes
289 1588 446 1653 testificati
471 1604 554 1668 sunt,
579 1590 668 1671 quod
692 1590 717 1650 si
743 1604 852 1652 contra
877 1591 1013 1651 eandem
1032 1590 1092 1652 hoc
1117 1591 1303 1673 probaverit
1326 1605 1359 1652 et
1383 1611 1435 1653 ex·

168 1709 245 1764 tunc
270 1696 301 1757 in
326 1696 438 1759 eadem
464 1695 596 1758 infamia
621 1697 775 1775 manebit,
799 1697 824 1758 si
856 1711 964 1759 autem
988 1698 1200 1779 comprobare
1225 1717 1292 1759 non
1318 1698 1438 1780 poterit

168 1815 284 1889 extunc
308 1803 392 1865 dicta
417 1824 496 1866 uxor
513 1803 666 1866 Sinkonis
690 1817 800 1865 contra
824 1802 980 1886 prefatam
999 1824 1133 1866 uxorem
1151 1803 1320 1866 Michaelis
1344 1804 1439 1888 pelli·

164 1908 237 1977 ·ficis
260 1911 445 1971 convicetur
479 1912 511 1971 in
542 1911 617 1972 vivo
649 1909 821 1991 homagi03
854 1909 996 1992 prefatus
1028 1930 1105 1972 vero
1140 1911 1241 1972 Sinko
1265 1930 1332 1972 non
1366 1931 1442 1986 con·

152 2029 276 2085 ⁴tentus
300 2016 356 2078 sed
381 2017 558 2099 appellavit
583 2017 622 2078 ad
654 2018 797 2079 seniores
829 2016 961 2097 judices.
988 2053 1027 2062 —
1054 2017 1145 2079 Feria
1179 2033 1266 2079 sexta
1291 2019 1441 2100 proxima

168 2137 242 2184 ante
266 2123 463 2185 dominicam
481 2124 595 2186 Letare
613 2123 768 2207 prefatam
794 2144 923 2185 causam
941 2125 1023 2186 inter
1048 2124 1240 2187 Michaelent
1258 2124 1441 2207 pellificetn

152 2244 202 2298 „et
226 2229 403 2293 Sinkonem
427 2231 600 2309 literatum,
630 2251 810 2312 uxoresque
842 2231 1044 2310 eorumdem,
1068 2231 1211 2293 seniores
1231 2230 1355 2311 judices
1380 2214 1439 2315 per

149 2335 278 2403 omnia
303 2335 584 2398 confirmaverunt.

207 2666 211 2674 ,
266 2569 363 2644 Feria
393 2571 499 2646 tercia
527 2577 680 2663 proxima
709 2582 787 2663 post
815 2573 938 2646 festum
969 2573 1203 2647 conversionis
1232 2574 1339 2647 Pauli.

679 2736 740 2806 (27.
758 2731 925 2805 januaria).

272 2865 422 2928 Thomas
447 2868 644 2931 Mezarinich
676 2870 716 2931 ad
749 2870 938 2932 instanciam
972 2871 1125 2932 Sinkonis
1150 2871 1307 2933 Horwath
1332 2874 1443 2954 primo

173 2973 287 3035 citatus
310 2993 376 3035 non
401 2976 591 3057 comparuit.

274 3080 399 3142 Eodem
426 3081 477 3142 die
504 3080 665 3162 Georgius
690 3083 809 3144 Thozti
836 3084 874 3144 de
903 3084 975 3144 vico
1008 3098 1154 3146 sutorum
1179 3085 1219 3147 ad
1245 3086 1441 3149 instanciam

168 3185 287 3248 Mathie
312 3187 456 3248 Kowach
482 3188 587 3269 primo
612 3190 726 3250 citatus
751 3209 814 3250 non
840 3191 1030 3273 comparuit.

264 3291 379 3354 ·Causa
404 3293 486 3356 inter
504 3294 645 3356 Blasium
672 3295 789 3377 Sporat
807 3311 837 3359 et
858 3297 1057 3378 Stephanum
1083 3296 1276 3379 freniparem
1301 3297 1436 3362 fratrem

170 3397 291 3468 Mathie
315 3396 482 3480 freniparis
515 3401 643 3462 racione
675 3403 867 3464 minacionis
899 3405 1010 3465 mortis
1035 3418 1065 3465 et
1096 3405 1299 3471 seductionis
1322 3406 1435 3467 uxoris

167 3524 224 3574 aue
260 3518 291 3567 et
323 3506 410 3585 quod
444 3507 581 3571 eandem
606 3508 637 3569 in
670 3508 806 3570 kathena
839 3510 978 3574 vinctam
1010 3511 1151 3577 tenuisse
1176 3512 1309 3588 dixerat,
1333 3525 1434 3594 prout

166 3611 282 3673 ancilla
314 3613 460 3675 servitrix
492 3613 659 3677 Michaelis
690 3614 858 3698 freniparis
898 3617 928 3677 id
962 3616 1043 3678 sassa
1076 3616 1152 3693 fuit3
1194 3618 1326 3681 domina
1358 3639 1440 3683 vero

166 3717 311 3786 eiusdem
336 3737 399 3798 que
424 3718 586 3789 debuisset
611 3719 708 3782 fuisse
732 3723 892 3784 secundus
925 3725 1013 3785 testis
1038 3724 1069 3785 in
1095 3723 1156 3784 hiis
1182 3724 1312 3806 penitus
1335 3725 1439 3788 nichil

165 3823 351 3903 audivisset,
377 3824 450 3886 ideo
475 3826 696 3888 testimonium
720 3829 815 3889 unius
832 3849 897 3890 non
922 3828 1049 3907 sufficit,
1074 3829 1168 3908 jurati
1193 3830 1440 3911 adjudicarunt,

166 3930 253 4012 quod
279 3950 316 3991 ex
341 3950 406 4012 quo
431 3932 652 3994 testimonium
676 3933 838 3995 sufficiens
861 3955 927 3996 non
956 3950 1032 4013 erat,
1058 3936 1131 3997 ideo
1156 3936 1223 4018 ipse
1251 3936 1439 4019 Stephanus

166 4035 307 4118 irenipar
324 4038 568 4119 quintodecimo
586 4039 636 4099 die
654 4040 838 4101 terciusmet
854 4041 914 4102 sibi
933 4043 1092 4103 similibus
1104 4062 1201 4124 super
1218 4043 1310 4105 altari
1327 4056 1438 4130 sancte

166 4142 280 4213 Crucis
303 4143 407 4225 jurare
439 4144 535 4205 debet
566 4145 655 4225 quod
687 4145 792 4206 nullas
824 4147 927 4209 minas
960 4149 1072 4210 mortis
1096 4162 1127 4210 et
1160 4168 1265 4230 neque
1296 4168 1434 4213 uxorem

155 4265 256 4319 auam
292 4250 444 4313 seducere
476 4251 624 4330 intendit,
656 4251 712 4312 sed
744 4253 833 4333 quod
873 4274 976 4335 neque
1010 4256 1140 4324 dixisset
1173 4255 1262 4338 quod
1293 4255 1434 4321 eandem

165 4356 363 4425 vinctam'in
389 4357 534 4419 kathenis
558 4358 722 4437 tenuisset,
755 4358 833 4429 dum
859 4359 944 4422 idem
977 4360 1294 4444 iuraveritseipsum
1319 4378 1437 4445 expur-

165 4463 265 4545 gabit,
288 4464 315 4525 si
339 4476 446 4525 autem
471 4463 575 4543 jurare
599 4465 823 4544 contemnerit,
838 4480 953 4529 extunc
971 4482 1079 4530 contra
1106 4468 1246 4531 eundem
1272 4468 1331 4530 erit
1355 4484 1435 4537 cott-

166 4571 323 4644 victusiu
347 4570 502 4653 homagio
523 4572 611 4643 vivo.
