3142 5356
515 1323 642 1421 (Anno
670 1322 826 1411 Domini
854 1321 1040 1423 MGGOC.)

146 1647 254 1737 Nota,
284 1647 348 1720 sub
387 1668 480 1720 anno
519 1643 663 1719 Domini
701 1643 889 1718 millesimo
928 1641 1294 1741 quadringentesimo,
1321 1651 1396 1716 ten·

146 1797 234 1872 pore
269 1771 449 1868 judicatus
487 1769 618 1843 domini
659 1767 757 1844 Chun
794 1767 852 1842 filii
877 1768 1063 1868 johannis
1088 1767 1231 1865 judicis,
1261 1787 1400 1866 presens

532 1893 682 1967 katerna
710 1900 768 1967 est
795 1892 1011 1990 conscripta.

253 2105 330 2166 Item
356 2103 486 2164 domina
513 2102 688 2164 Katherina
706 2116 736 2162 et
761 2102 943 2163 Demetrius
961 2122 996 2163 ac
1022 2102 1159 2163 Jacobua
1185 2099 1242 2162 filii
1270 2101 1354 2162 Petri
1372 2099 1406 2160 de

154 2210 365 2272 Hrastouicha
398 2209 612 2271 vendiderunt
643 2208 754 2268 turrim
788 2227 899 2269 eorum
932 2228 1031 2290 prope
1065 2222 1189 2289 portam
1224 2205 1407 2268 carnificum

149 2317 267 2378 Chuno
293 2317 418 2392 Latino,
443 2315 540 2396 judici
568 2314 722 2396 predict0‚
746 2327 891 2396 tempore
916 2315 976 2375 sui.

253 2423 330 2483 Item
357 2421 511 2482 Miidinus
543 2419 639 2499 judex
668 2434 699 2480 et
731 2421 863 2481 domina
895 2418 1099 2501 Margaretha
1132 2439 1188 2480 sua
1214 2439 1349 2481 consors
1378 2438 1409 2479 ac

147 2529 277 2589 domina
303 2532 395 2587 Anna
421 2541 452 2588 et
470 2527 580 2588 Petrus
605 2526 778 2587 canonicus
795 2525 880 2586 filius
903 2546 979 2586 suus
996 2525 1211 2587 vendiderunt
1236 2528 1409 2588 stacionem

147 2653 257 2695 eorum
285 2633 365 2692 intra
390 2633 547 2693 staciones
565 2632 739 2692 liberorum
759 2632 918 2693 Francisci
938 2630 1090 2692 aurifabri
1120 2645 1150 2691 et
1176 2628 1293 2712 Gyuan
1314 2633 1411 2693 Bene·

150 2739 236 2815 dicti,
262 2737 359 2816 judici
384 2752 494 2799 nostro
520 2738 678 2799 moderno
703 2737 857 2819 predicto,
886 2752 1030 2818 ternpore
1055 2736 1115 2798 sui.

253 2845 348 2922 Nota,
373 2843 540 2925 quomodo
566 2843 717 2905 dominus
741 2843 903 2904 iohannes
924 2843 1056 2925 Crispus
1081 2843 1192 2903 nivens
1217 2841 1413 2904 condonavit

147 2950 321 3011 stacionem
347 2970 436 3010 suam
455 2947 596 3011 Mikiino
621 2963 651 3010 et
671 2969 726 3009 sue
752 2950 890 3011 consorti
910 2948 1121 3030 Margarethe,
1147 2947 1280 3010 domine
1308 2953 1411 3024 Anne,

150 3057 244 3117 Petro
269 3056 436 3133 canonic0‚
461 3054 529 3116 filio
562 3056 689 3116 Andree
724 3055 860 3133 Puliani,
894 3071 1038 3138 tempore
1064 3054 1139 3116 dicti
1165 3054 1263 3117 Chun
1286 3054 1412 3136 judicis.

254 3163 331 3225 item
357 3163 488 3224 domina
514 3166 607 3223 Anna
632 3163 778 3225 vendidit
800 3161 937 3225 fundum
954 3183 1048 3225 suum
1074 3182 1146 3225 cum
1172 3164 1341 3224 voluntate
1359 3162 1414 3224 filii

148 3271 195 3331 sui
223 3271 305 3332 Petri
331 3270 466 3330 domino
490 3267 632 3330 Miklino
657 3289 716 3330 suo
740 3271 860 3351 generi,
893 3284 1039 3352 tempore
1064 3269 1139 3330 dicti
1166 3269 1292 3329 domini
1320 3269 1413 3330 Chun

147 3377 271 3456 judicis.

255 3482 329 3543 item
355 3502 408 3542 sex
433 3482 591 3542 sessiones
616 3482 646 3541 in
680 3482 757 3542 villa
784 3483 944 3566 Pobresya
978 3482 1063 3560 sitas,
1088 3495 1251 3542 cesserunt
1272 3478 1414 3544 Miklino

147 3603 177 3649 et
200 3609 255 3649 sue
292 3588 429 3648 consorti
470 3587 669 3666 Margaretha
702 3601 812 3648 vocate
846 3589 876 3648 in
914 3588 1120 3665 divisionem,
1156 3601 1305 3668 tempore
1340 3586 1413 3648 dicti

148 3694 243 3756 Chun
269 3694 393 3773 judicis.

255 3801 331 3862 item
358 3800 529 3862 duodecim
548 3801 706 3860 sessiones
731 3801 761 3860 in
786 3801 860 3860 villa
880 3801 1040 3882 Pobresya
1065 3799 1254 3881 (cesserunt)
1280 3800 1312 3860 in
1335 3799 1413 3861 divi·

147 3908 271 3968 sionem
297 3907 429 3967 domine
454 3911 547 3966 Anne
578 3907 685 3966 relicte
711 3907 839 3967 Andree
869 3906 994 3967 Puliani
1020 3920 1050 3968 et
1075 3905 1210 3967 domino
1236 3906 1332 3967 Petro
1365 3925 1413 3967 ca·

148 4015 265 4074 nonico
290 4012 357 4074 filio
375 4013 509 4094 predicti
535 4012 674 4088 Andree‚
698 4027 842 4093 tempore
868 4012 942 4072 dicti
969 4012 1093 4073 domini
1118 4011 1214 4073 Chun
1244 4011 1369 4089 judicis.

254 4120 331 4179 item
351 4119 503 4179 Nicolaus
521 4118 673 4178 Korizma
692 4133 721 4179 et
739 4118 869 4178 domina
886 4118 1047 4178 Dorothea
1063 4118 1280 4178 vendiderunt
1296 4133 1411 4180 terram

148 4227 289 4306 ipsorum
310 4226 341 4284 in
368 4224 529 4285 Zauinech
548 4224 652 4301 sitam,
678 4224 811 4284 domino
835 4224 981 4285 Amadeo
999 4240 1029 4285 et
1047 4224 1211 4306 Stephano
1237 4222 1325 4286 fratri
1343 4244 1410 4301 su0,

147 4347 291 4413 tempore
318 4332 393 4392 dicti
419 4331 543 4392 domini
570 4331 665 4392 Chun
691 4330 815 4410 judicis.

255 4439 330 4500 Item
357 4439 509 4498 dominus
543 4438 668 4498 Marcus
701 4436 785 4498 filius
817 4436 947 4499 Mikech
986 4437 1040 4498 filii
1075 4436 1236 4498 Leonardi
1270 4436 1413 4518 promisit

149 4545 248 4605 nobili
268 4545 375 4625 puelle
395 4544 568 4605 Scolastice
583 4557 613 4605 et
630 4563 685 4605 aue
700 4545 838 4604 consorti
858 4557 985 4604 centum
1005 4545 1074 4606 flor.
1092 4543 1160 4603 auri
1179 4563 1238 4624 pro
1255 4563 1312 4604 sua
1330 4543 1412 4604 dote.

255 4651 331 4711 item
357 4651 570 4742 commpnitas
599 4649 744 4710 vendidit
778 4649 913 4709 fundum
941 4649 1093 4730 Stephani
1127 4648 1268 4725 sartoris,
1295 4649 1412 4709 Jacobo

148 4757 215 4817 lilio
240 4761 333 4818 Anne
360 4758 513 4835 mulieris,
538 4770 683 4838 tempore
709 4757 783 4817 dicti
810 4756 933 4836 judicis.
