3142 5356
526 471 613 526 Anno
637 466 731 546 1484.
757 502 797 511 —
821 482 871 545 23.
888 468 1042 544 junuarii.
1379 487 1416 549 25

168 680 248 744 Gallo
264 680 325 744 fuit
348 680 568 762 adjudicatum
585 694 725 762 prestare
738 679 956 761 juramentum
977 701 1072 764 super
1096 701 1146 760 eo,
1169 681 1257 763 quod
1282 702 1418 764 peccora

167 788 340 850 eorumdem
365 787 475 849 Jacobi
508 800 539 849 et
570 786 727 849 Valentelc
752 787 976 850 destruxerunt
1006 808 1098 870 sepes
1122 802 1153 849 et
1177 787 1357 850 clausuram
1383 789 1414 850 in

166 895 284 958 circuitu
309 895 409 976 ipsius
433 894 606 972 straminis,
631 907 662 955 et
683 893 762 955 dum
779 893 940 975 juraverit,
957 893 1104 955 eiusdem
1130 895 1291 956 straminis
1304 894 1419 978 damp-

165 1020 229 1062 num
253 1001 359 1062 eidem
385 999 483 1062 Gallo
506 1000 642 1083 predicti
668 1000 807 1061 lacobus
831 1014 862 1061 et
877 1000 1034 1062 Valentek
1052 1002 1234 1082 persolvere
1258 1002 1416 1064 tenebun-

164 1121 220 1184 tut;
243 1122 276 1170 et
298 1127 395 1190 super
419 1107 480 1169 hoc
505 1107 591 1169 idem
618 1105 733 1169 Gallus
761 1104 912 1168 nonfuit
943 1121 1112 1169 contentus
1143 1107 1217 1168 ideo
1242 1109 1418 1191 appellavit

164 1215 195 1277 ad
215 1217 367 1279 seniores.

448 1453 543 1528 leria
571 1463 669 1527 sexta
694 1463 771 1545 post
798 1456 921 1527 festum
951 1454 1131 1528 Viucerrcii.

545 1605 611 1689 (23.
627 1609 781 1686 januarii,
812 1628 883 1671 ann.
915 1605 1027 1687 1484.)

257 1751 291 1811 ln
316 1770 412 1812 causa
444 1751 527 1816 inter
551 1750 635 1811 lwan
669 1750 809 1831 juratum
841 1763 872 1811 et
903 1749 1097 1832 Dyonisium
1129 1763 1284 1812 sartorem
1316 1751 1419 1833 prima

160 1857 263 1919 citacio
289 1857 418 1919 racione
443 1856 661 1938 quorumdam
685 1857 858 1918 verborum
888 1856 1177 1938 opprobriosorum
1200 1875 1258 1939 per
1282 1876 1417 1918 uxorem

159 1963 295 2024 eiusdem
320 1962 469 2045 Dyonisii
493 1961 600 2024 eidem
626 1963 711 2024 lwan
736 1963 911 2024 illatorum.

254 2087 290 2149 ln
315 2107 409 2149 causa
441 2088 525 2150 inter
558 2087 641 2149 lwan
673 2087 813 2169 juratum
847 2101 878 2150 et
908 2087 1109 2149 Demetrium
1143 2086 1258 2170 Syczlri
1290 2089 1419 2151 racione

155 2195 386 2278 vituperiorum
411 2214 468 2276 per
493 2194 614 2257 dictum
646 2194 848 2256 Demetrium
880 2214 976 2277 super
1003 2193 1184 2276 predictum
1209 2193 1295 2256 lwan
1319 2193 1418 2256 facto·

152 2321 233 2380 rum,
258 2301 373 2363 citacio
398 2302 512 2384 prima.

257 2407 336 2469 ltem
363 2408 394 2468 in
420 2427 514 2469 causa
537 2407 618 2468 inter
643 2407 843 2470 Demetrium
868 2407 982 2491 Syczki
1007 2420 1038 2468 et
1062 2407 1260 2470 Dorotheum
1284 2427 1418 2470 uxorem

150 2514 291 2576 Emerici
316 2513 409 2592 labri,
435 2515 502 2595 ipsa
527 2513 690 2576 Dorothea
722 2513 762 2575 ad
794 2514 933 2597 primum
958 2512 1114 2594 judicium
1145 2527 1271 2576 tenetur
1295 2515 1414 2596 produ-

149 2640 221 2682 cere
246 2635 343 2682 testes
367 2639 425 2702 pro
450 2620 645 2701 quibusdam
663 2620 811 2702 dampnis
835 2620 913 2681 dum
938 2619 1158 2682 conduxerant
1181 2634 1281 2682 certas
1305 2640 1354 2681 res
1372 2622 1412 2682 ad

150 2727 367 2789 Modrusium.

257 2833 337 2895 ltem
359 2833 391 2893 in
418 2852 512 2893 causa
536 2833 617 2893 inter
641 2832 842 2893 Demetrium
860 2832 965 2893 Siczki
990 2848 1020 2894 et
1045 2832 1198 2895 Mathiam
1222 2832 1417 2917 lreniparem

149 2941 280 3001 racione
306 2937 524 3021 quorumdam
548 2939 645 3000 trium
671 2942 782 3016 bourn,
810 2939 924 3000 citacio
948 2941 1098 3004 secunda.

260 3063 339 3125 ltem
366 3063 397 3124 in
423 3083 517 3124 causa
543 3064 625 3125 inter
649 3063 857 3124 Valentinum
886 3083 996 3145 sporar
1028 3077 1058 3126 et
1082 3065 1211 3126 Petrum
1236 3066 1418 3148 selliparem

151 3171 266 3232 Koncz
292 3171 414 3232 dictum
440 3169 569 3231 racione
593 3169 808 3250 quorumdam
834 3170 1049 3251 dampnorum
1078 3191 1134 3253 per
1160 3173 1265 3254 ipsum
1290 3173 1418 3233 Petrum

152 3277 186 3338 in
211 3277 306 3337 vinea
331 3275 477 3337 ciusdem
503 3276 666 3338 Valentini
691 3276 866 3355 illatorum,
891 3277 1004 3339 citacio
1028 3279 1141 3360 prima.

260 3401 338 3463 ltem
364 3420 493 3462 causam
512 3401 594 3463 inter
611 3420 744 3462 uxorem
762 3401 899 3462 condam
918 3402 1080 3464 Valentini
1099 3404 1251 3488 Koczyan
1270 3418 1300 3466 et
1318 3402 1419 3465 Geor-

150 3508 241 3589 gium
266 3523 408 3570 autorem
441 3508 569 3569 racione
601 3507 768 3569 cuiusdam
801 3508 876 3588 equi
902 3508 933 3568 in
963 3510 1092 3570 teloneo
1124 3511 1255 3592 recepti,
1281 3510 1417 3572 eandem

151 3632 280 3675 causam
314 3614 514 3675 Laurencius
546 3614 720 3675 modernus
752 3615 884 3675 maritus
914 3615 982 3676 eius
1016 3616 1160 3677 mulieris
1192 3617 1364 3698 appellavit
1389 3632 1420 3677 et

151 3721 272 3802 recepit
296 3719 336 3781 ad
362 3719 629 3782 consuetudinem
653 3720 764 3801 judicii
789 3721 936 3782 civitatis.

260 3844 339 3906 ltem
364 3845 396 3905 in
423 3864 516 3905 causa
542 3846 623 3906 inter
648 3845 822 3907 Martinam
845 3845 1041 3907 Dwmowicz
1066 3861 1097 3907 et
1121 3847 1300 3907 Fabianum
1326 3846 1418 3928 pelli·

149 3951 244 4014 ficem
268 3952 399 4013 racione
423 3952 590 4013 cuiusdam
615 3949 679 4014 feni
704 3952 803 4034 ipsius
821 3953 961 4031 Martini,
986 3950 1125 4035 prefatus
1143 3954 1304 4015 Fabianus
1322 3955 1418 4017 debet

149 4057 192 4120 ad
216 4057 359 4140 primum
384 4057 560 4119 adveniens
584 4057 739 4138 judicium
765 4059 970 4140 respondere.

260 4182 339 4243 ltem
358 4182 391 4243 in
408 4201 502 4243 causa
527 4183 609 4243 inter
626 4182 781 4243 Mathiam
798 4181 990 4266 freniparem
1008 4197 1039 4246 et
1060 4185 1196 4246 Paulum
1221 4184 1417 4247 aurifabrum

150 4290 281 4352 racione
308 4289 476 4351 cuiusdam
501 4289 712 4370 possessionis
743 4291 775 4350 in
800 4290 959 4374 Pobresye
984 4291 1016 4351 in
1044 4291 1148 4372 prima
1172 4291 1327 4352 citatione
1354 4312 1417 4353 non

151 4401 252 4476 veuit,
277 4398 336 4460 hec
361 4413 409 4460 est
431 4398 534 4479 prima
559 4398 684 4460 citaci0.

260 4505 339 4568 ltem
364 4524 492 4567 causam
518 4505 600 4566 inter
624 4505 767 4566 Blasium
792 4503 984 4588 freniparem
1017 4521 1048 4568 et
1072 4506 1209 4568 Paulum
1233 4506 1416 4589 selliparem

147 4613 282 4676 racione
314 4611 516 4674 vendicionis
547 4611 712 4672 cuiusdam
744 4612 870 4691 domus,
904 4612 997 4693 jurati
1033 4612 1309 4694 adjudicaverunt,
1342 4614 1417 4695 quia

150 4718 242 4782 idem
268 4717 394 4779 Blasius
418 4731 489 4800 post
513 4718 688 4800 predictam
723 4720 974 4781 convencionem
1008 4721 1143 4782 eandem
1169 4721 1301 4782 domum
1328 4723 1417 4783 alteri

148 4823 313 4904 vendidit,
337 4823 412 4886 ideo
435 4822 578 4909 prefatus
602 4822 719 4888 Paulus
751 4839 797 4887 est
820 4827 985 4887 absolutus
1009 4829 1048 4889 ab
1081 4828 1248 4909 empcione
1274 4829 1417 4895 eiusdem

147 4932 281 4999 domus.
