3142 5356
240 373 303 434 226
772 374 970 449 Ann01432.

240 585 428 667 porcionem
443 584 599 664 majorem
617 585 831 665 quarumdam
850 585 1079 665 particularum
1096 584 1271 645 vinealium
1290 585 1355 665 jam
1372 586 1503 647 omnino

240 692 438 754 desertarum
464 704 495 751 et
518 689 735 751 desolatarum
760 710 796 751 ac
820 691 973 751 silvarum
998 711 1054 752 seu
1079 691 1293 772 virgultorum
1318 692 1428 752 eidem
1451 693 1507 752 sub

241 813 272 860 et
295 796 639 875 circumadjaccncium
664 797 697 857 in
721 797 883 858 territorio
912 797 1049 858 civitatis
1081 797 1202 880 prefate
1227 797 1311 858 inter
1333 799 1447 860 vineas
1470 798 1508 858 si·

241 905 360 966 militet
384 904 524 965 desertas
549 917 579 965 et
604 903 700 964 silvas
731 904 908 965 liberorum
933 904 1070 966 condam
1097 905 1236 967 Janzlini
1268 905 1410 987 lapicide
1434 906 1508 967 dicti

241 1012 356 1093 parler,
380 1031 397 1072 a
422 1024 511 1092 parte
527 1010 782 1092 septemtrionali
807 1024 838 1072 et
862 1011 946 1071 viam
965 1030 1172 1073 communem
1189 1013 1229 1072 ab
1253 1011 1404 1073 orientali
1422 1027 1508 1094 parte

241 1138 276 1179 ac
301 1117 441 1179 rivulum
466 1117 505 1177 ab
532 1117 699 1178 occidente
723 1117 756 1177 in
781 1116 911 1178 modico
936 1118 1044 1199 spacio
1077 1118 1168 1198 quasi
1193 1117 1234 1178 ad
1258 1117 1508 1179 meridionalem

243 1239 365 1307 partem
391 1223 609 1306 procedendo,
635 1224 702 1305 ipsa
728 1224 777 1284 via
803 1225 968 1285 communi
993 1244 1064 1285 cum
1084 1224 1228 1307 predicto
1253 1224 1361 1286 rivulo
1385 1245 1419 1286 se
1435 1244 1509 1286 con·

240 1331 394 1411 jungente
419 1330 556 1410 desuper
580 1330 756 1411 apredicta
781 1330 831 1391 via
854 1331 1068 1392 communiet
1093 1329 1174 1392 infra
1198 1350 1301 1412 usque
1326 1330 1508 1412 predictum

241 1439 381 1500 rivulum
407 1457 440 1498 se
465 1438 704 1514 extendentem,
728 1437 865 1498 Nicolao
891 1437 989 1512 judici
1014 1437 1173 1499 moderno
1198 1437 1417 1499 vendiderunt
1441 1459 1509 1520 pet·

240 1559 338 1627 petuo
370 1543 616 1626 possidendam,
649 1544 735 1604 salva
768 1543 829 1605 alia
871 1544 1025 1624 porcione
1057 1545 1244 1606 earumdem
1277 1544 1508 1626 particularum

240 1651 416 1712 vinealium
440 1672 457 1710 a
483 1650 568 1710 dicto
585 1649 814 1731 septemtrione
831 1669 927 1730 quarn
951 1650 1048 1729 iidem
1068 1651 1206 1713 lacobus
1222 1663 1252 1711 et
1270 1649 1436 1712 lohannes
1453 1671 1508 1732 pro

239 1778 272 1819 se
296 1769 498 1819 reservarunt
526 1755 765 1836 possidendam.

345 1863 422 1923 ltem
448 1863 579 1923 domina
606 1863 703 1923 Lucia
722 1861 785 1923 lilia
811 1863 948 1924 condam
967 1863 1123 1925 lobannis
1147 1863 1274 1948 Gracyn
1300 1865 1411 1926 relicta
1430 1883 1505 1925 con·

241 1969 314 2030 dam
340 1969 495 2030 lobannis
517 1968 631 2048 judicis
655 1969 711 2030 filii
737 1970 863 2030 Nicolai
883 1971 972 2048 Auri,
997 1990 1081 2031 nunc
1104 1990 1236 2032 consors
1261 1970 1432 2033 Michaelis
1448 1969 1503 2032 filii

241 2076 380 2153 Andree,
404 2076 536 2137 totalem
569 2095 659 2137 suam
684 2076 871 2156 porcionem
898 2077 929 2136 in
955 2077 1033 2138 turri
1058 2097 1159 2159 prope
1183 2091 1308 2158 portam
1342 2078 1503 2159 lapideam

241 2183 272 2242 in
298 2182 410 2243 eadem
436 2182 561 2242 civitate
586 2182 739 2259 habitam,
764 2202 821 2244 nec
856 2202 919 2243 non
949 2183 981 2243 in
1006 2183 1105 2244 domo
1137 2197 1260 2244 murata
1285 2203 1321 2244 ac
1347 2182 1451 2245 fundo
1475 2197 1504 2243 et

240 2287 408 2366 hedificiis,
433 2288 618 2368 incipiendo
642 2289 682 2348 ab
707 2289 818 2349 eadem
852 2289 929 2349 turri
961 2308 1064 2369 usque
1089 2289 1246 2370 capellam
1272 2295 1365 2351 beate
1390 2289 1504 2350 Vrsule

239 2395 371 2475 virginis
395 2409 424 2454 et
449 2395 585 2454 martiris
608 2395 784 2455 secundum
811 2395 898 2475 quod
923 2415 955 2455 se
988 2409 1176 2477 coopertura
1210 2410 1312 2457 tectus
1337 2397 1369 2457 in
1403 2397 1506 2476 longi·

240 2501 352 2562 tudine
378 2501 530 2579 extendit,
555 2520 590 2561 ac
622 2501 755 2561 totalem
783 2521 873 2562 suam
905 2502 1092 2582 porcionem
1118 2501 1226 2583 (hlorti
1258 2517 1345 2564 retro
1370 2503 1504 2563 eandem

240 2607 394 2688 capellam
421 2606 533 2684 habiti,
557 2626 615 2667 nec
640 2626 704 2668 non
722 2607 865 2668 eiusdem
892 2607 1015 2689 capelle
1031 2608 1164 2669 totalem
1188 2607 1391 2690 porcionem,
1410 2627 1504 2669 unam

239 2714 396 2794 integram
423 2714 543 2774 curiam
577 2729 608 2774 et
640 2729 786 2794 quartam
820 2715 906 2775 curie
932 2714 963 2774 in
989 2734 1022 2776 se
1056 2715 1287 2792 continentem,
1311 2715 1410 2776 simul
1434 2733 1503 2776 cum

239 2840 365 2881 accessu
384 2835 414 2881 et
431 2840 573 2895 recessu;
593 2821 668 2880 item
687 2841 737 2880 sex
757 2821 857 2882 dietas
874 2836 955 2882 terre
982 2822 1013 2882 in
1032 2841 1146 2903 campo
1170 2822 1309 2884 civitatis
1327 2822 1359 2882 in
1378 2821 1502 2896 Tlaha3

239 2928 314 2988 item
348 2927 447 2988 eciam
481 2942 544 2987 tres
569 2928 785 3007 possessiones
817 2928 1037 3008 jobagionales
1066 2929 1096 2988 in
1123 2928 1282 3010 Pobtesya
1308 2928 1406 2989 simul
1431 2947 1500 2989 cum

239 3034 363 3114 (hlortis
396 3049 424 3094 et
453 3034 544 3094 tertis
575 3033 749 3093 arabilibus
775 3034 935 3116 Delnycze
961 3048 991 3095 et
1017 3035 1218 3117 Srebynycze
1245 3036 1378 3113 vocatis,
1403 3037 1500 3118 ipsam

239 3143 366 3222 proprie
401 3157 430 3201 ct
455 3141 562 3220 quoad
588 3141 775 3221 porcionem
799 3161 890 3202 suam
923 3142 1096 3203 literatorie
1121 3157 1363 3220 concernentes,
1382 3141 1502 3224 prefato

240 3247 388 3308 Michaeli
406 3249 448 3306 ob
465 3265 609 3308 amntem
627 3248 746 3307 sincere
761 3247 860 3307 virilis
877 3245 1064 3308 dileccionis
1081 3249 1213 3310 donavit
1230 3263 1387 3331 perpetuo
1404 3249 1501 3331 possi·

238 3353 377 3414 dendam
396 3367 425 3411 et
443 3353 751 3432 quomodocumque
769 3354 906 3415 voluerit
922 3354 1169 3436 disponendam,
1192 3355 1289 3415 salvis
1304 3368 1413 3416 tamen
1432 3374 1500 3436 pos·

238 3460 432 3520 sessionibus
449 3474 478 3519 et
498 3460 704 3539 porcionibus
721 3461 978 3541 possessionariis
995 3461 1026 3520 in
1051 3461 1192 3542 predicta
1209 3460 1308 3521 domo
1334 3475 1456 3522 mutata
1474 3475 1501 3520 et

238 3565 339 3625 fundo
360 3584 395 3625 ac
412 3565 489 3624 turri
509 3585 566 3625 nec
592 3585 654 3624 non
674 3565 790 3645 (h)0tto
804 3582 834 3627 et
855 3566 976 3647 capella
990 3565 1147 3647 prefatum
1165 3565 1345 3627 iohannem
1363 3565 1501 3647 judicem

238 3672 415 3752 empcionis
433 3672 526 3731 titulo
551 3689 796 3734 concernentem
823 3693 857 3733 ac
875 3674 961 3733 salva
986 3685 1097 3752 quarta
1130 3673 1270 3734 sessione
1296 3672 1329 3732 in
1362 3673 1501 3754 predicta

238 3779 397 3859 Pobresya
422 3798 456 3838 ac
472 3778 563 3838 terris
583 3777 756 3839 arabilibus
774 3780 804 3839 in
818 3781 960 3861 predicta
978 3780 1081 3840 Tlaka
1096 3780 1304 3841 existentibus
1329 3779 1501 3842 duodecim

238 3885 387 3945 videlicet
401 3883 500 3944 dietas
517 3884 626 3944 liberis
643 3904 698 3944 seu
712 3887 947 3946 successoribus
961 3886 1093 3966 predicti
1113 3885 1267 3947 Johannis
1283 3885 1401 3967 judicis
1418 3887 1502 3967 juxta

237 3991 379 4052 eiusdem
398 3990 553 4051 iohannis
577 3989 691 4069 judicis
716 3992 983 4053 testamentariam
1011 3992 1210 4072 legacionem
1235 3991 1267 4052 in
1293 3993 1359 4055 alio
1394 4009 1502 4054 nostro

237 4097 392 4159 katherno
417 4096 568 4157 videlicet
591 4096 732 4176 judiciali
758 4099 989 4178 consignatam,
1015 4099 1135 4158 eisdem
1161 4098 1261 4159 libere
1286 4113 1317 4159 et
1343 4099 1433 4161 illese
1458 4119 1503 4161 re-

237 4204 451 4265 manentibus.

264 4408 346 4479 ltem
375 4406 457 4478 seria
487 4407 631 4477 secunda
665 4405 818 4493 proxima
847 4419 921 4493 post
960 4406 1080 4476 festum
1110 4403 1347 4478 conversionis
1375 4409 1469 4481 beati

727 4530 821 4600 Pauli
852 4529 1007 4617 apostoli.

744 4661 809 4742 (28.
826 4667 991 4740 janrnzrii).

344 4790 420 4850 ltem
447 4789 585 4871 quedam
619 4789 736 4850 domus
759 4788 855 4850 simul
889 4809 961 4850 cum
990 4785 1090 4849 fundo
1115 4801 1146 4850 et
1170 4786 1328 4851 hedificiis
1352 4789 1386 4851 in
1420 4790 1505 4880 dicta

237 4898 364 4960 civitate
390 4898 471 4959 inter
496 4897 611 4958 domos
633 4911 664 4959 et
681 4896 784 4958 curias
801 4895 929 4958 Thorne
946 4894 1063 4957 sutoris
1086 4895 1162 4958 dicti
1180 4892 1336 4961 Ochwirlr
1352 4909 1385 4960 et
1403 4898 1506 4963 Marci
