<?xml version="1.0" encoding="UTF-8"?>
<!DOCTYPE html PUBLIC "-//W3C//DTD XHTML 1.0 Transitional//EN"
    "http://www.w3.org/TR/xhtml1/DTD/xhtml1-transitional.dtd">
<html xmlns="http://www.w3.org/1999/xhtml" xml:lang="en" lang="en">
 <head>
  <title>
</title>
<meta http-equiv="Content-Type" content="text/html;charset=utf-8" />
  <meta name='ocr-system' content='tesseract 3.04.00' />
  <meta name='ocr-capabilities' content='ocr_page ocr_carea ocr_par ocr_line ocrx_word'/>
</head>
<body>
  <div class='ocr_page' id='page_1' title='image "./monumentahistor17laszgoog_0724.png"; bbox 0 0 3156 5364; ppageno 0'>
   <div class='ocr_carea' id='block_1_1' title="bbox 683 395 1419 472">
    <p class='ocr_par' dir='ltr' id='par_1_1' title="bbox 683 395 1419 472">
     <span class='ocr_line' id='line_1_1' title="bbox 683 395 1419 472; baseline -0.003 -20"><span class='ocrx_word' id='word_1_1' title='bbox 683 395 769 452; x_wconf 83' lang='lat' dir='ltr'>Anno</span> <span class='ocrx_word' id='word_1_2' title='bbox 791 408 886 472; x_wconf 71' lang='lat'><em>1440.</em></span> <span class='ocrx_word' id='word_1_3' title='bbox 1357 411 1419 472; x_wconf 85' lang='lat'>339</span> 
     </span>
    </p>
   </div>
   <div class='ocr_carea' id='block_1_2' title="bbox 151 603 1435 4851">
    <p class='ocr_par' dir='ltr' id='par_1_2' title="bbox 151 603 1427 1308">
     <span class='ocr_line' id='line_1_2' title="bbox 262 603 1423 668; baseline -0.002 -2"><span class='ocrx_word' id='word_1_4' title='bbox 262 607 338 668; x_wconf 83' lang='lat' dir='ltr'>Item</span> <span class='ocrx_word' id='word_1_5' title='bbox 365 607 458 667; x_wconf 87' lang='lat' dir='ltr'>vinea</span> <span class='ocrx_word' id='word_1_6' title='bbox 484 619 514 666; x_wconf 91' lang='lat' dir='ltr'>et</span> <span class='ocrx_word' id='word_1_7' title='bbox 538 605 617 665; x_wconf 89' lang='lat' dir='ltr'>silva</span> <span class='ocrx_word' id='word_1_8' title='bbox 635 604 772 665; x_wconf 88' lang='lat' dir='ltr'>condam</span> <span class='ocrx_word' id='word_1_9' title='bbox 792 605 875 665; x_wconf 89' lang='lat' dir='ltr'>Petri</span> <span class='ocrx_word' id='word_1_10' title='bbox 901 604 1025 666; x_wconf 91' lang='lat' dir='ltr'>Oczeth</span> <span class='ocrx_word' id='word_1_11' title='bbox 1043 606 1073 665; x_wconf 93' lang='lat' dir='ltr'>in</span> <span class='ocrx_word' id='word_1_12' title='bbox 1099 605 1261 666; x_wconf 90' lang='lat' dir='ltr'>territorio</span> <span class='ocrx_word' id='word_1_13' title='bbox 1286 603 1423 665; x_wconf 89' lang='lat' dir='ltr'>civitatis</span> 
     </span>
     <span class='ocr_line' id='line_1_3' title="bbox 153 709 1424 795; baseline -0.002 -22"><span class='ocrx_word' id='word_1_14' title='bbox 153 712 297 795; x_wconf 87' lang='lat' dir='ltr'>predicte</span> <span class='ocrx_word' id='word_1_15' title='bbox 323 713 406 773; x_wconf 92' lang='lat' dir='ltr'>inter</span> <span class='ocrx_word' id='word_1_16' title='bbox 431 712 559 772; x_wconf 89' lang='lat' dir='ltr'>vineam</span> <span class='ocrx_word' id='word_1_17' title='bbox 584 711 686 771; x_wconf 90' lang='lat' dir='ltr'>Elene</span> <span class='ocrx_word' id='word_1_18' title='bbox 712 711 820 772; x_wconf 89' lang='lat' dir='ltr'>relicte</span> <span class='ocrx_word' id='word_1_19' title='bbox 853 726 884 771; x_wconf 93' lang='lat' dir='ltr'>et</span> <span class='ocrx_word' id='word_1_20' title='bbox 908 710 1041 793; x_wconf 91' lang='lat' dir='ltr'>Matbye</span> <span class='ocrx_word' id='word_1_21' title='bbox 1066 711 1158 772; x_wconf 88' lang='lat' dir='ltr'>aliter</span> <span class='ocrx_word' id='word_1_22' title='bbox 1183 711 1293 771; x_wconf 90' lang='lat' dir='ltr'>Jacobi</span> <span class='ocrx_word' id='word_1_23' title='bbox 1318 709 1424 770; x_wconf 90' lang='lat' dir='ltr'>vocati</span> 
     </span>
     <span class='ocr_line' id='line_1_4' title="bbox 151 815 1423 900; baseline -0.002 -20"><span class='ocrx_word' id='word_1_24' title='bbox 151 818 212 880; x_wconf 89' lang='lat' dir='ltr'>filii</span> <span class='ocrx_word' id='word_1_25' title='bbox 240 819 377 880; x_wconf 92' lang='lat' dir='ltr'>condam</span> <span class='ocrx_word' id='word_1_26' title='bbox 403 818 534 881; x_wconf 83' lang='lat' dir='ltr'>Andree</span> <span class='ocrx_word' id='word_1_27' title='bbox 557 815 616 878; x_wconf 91' lang='lat' dir='ltr'>filii</span> <span class='ocrx_word' id='word_1_28' title='bbox 644 816 731 879; x_wconf 90' lang='lat' dir='ltr'>Galli</span> <span class='ocrx_word' id='word_1_29' title='bbox 756 837 792 878; x_wconf 87' lang='lat' dir='ltr'>ac</span> <span class='ocrx_word' id='word_1_30' title='bbox 817 818 900 879; x_wconf 89' lang='lat' dir='ltr'>inter</span> <span class='ocrx_word' id='word_1_31' title='bbox 917 818 1030 879; x_wconf 89' lang='lat' dir='ltr'>silvam</span> <span class='ocrx_word' id='word_1_32' title='bbox 1057 818 1188 900; x_wconf 89' lang='lat' dir='ltr'>Mathye</span> <span class='ocrx_word' id='word_1_33' title='bbox 1213 818 1345 879; x_wconf 85' lang='lat' dir='ltr'>textoris</span> <span class='ocrx_word' id='word_1_34' title='bbox 1369 836 1423 878; x_wconf 87' lang='lat' dir='ltr'>ve-</span> 
     </span>
     <span class='ocr_line' id='line_1_5' title="bbox 156 922 1425 1005; baseline -0.003 -18"><span class='ocrx_word' id='word_1_35' title='bbox 156 926 217 987; x_wconf 92' lang='lat' dir='ltr'>luti</span> <span class='ocrx_word' id='word_1_36' title='bbox 243 927 300 987; x_wconf 92' lang='lat' dir='ltr'>sub</span> <span class='ocrx_word' id='word_1_37' title='bbox 326 925 418 986; x_wconf 90' lang='lat' dir='ltr'>metis</span> <span class='ocrx_word' id='word_1_38' title='bbox 442 938 473 986; x_wconf 92' lang='lat' dir='ltr'>et</span> <span class='ocrx_word' id='word_1_39' title='bbox 497 924 596 1005; x_wconf 88' lang='lat' dir='ltr'>signis</span> <span class='ocrx_word' id='word_1_40' title='bbox 624 924 797 985; x_wconf 88' lang='lat' dir='ltr'>metalibus</span> <span class='ocrx_word' id='word_1_41' title='bbox 821 923 938 1001; x_wconf 87' lang='lat' dir='ltr'>habita,</span> <span class='ocrx_word' id='word_1_42' title='bbox 967 945 1004 984; x_wconf 84' lang='lat' dir='ltr'>ex</span> <span class='ocrx_word' id='word_1_43' title='bbox 1023 922 1193 985; x_wconf 82' lang='lat' dir='ltr'>sufficienti</span> <span class='ocrx_word' id='word_1_44' title='bbox 1221 923 1321 1005; x_wconf 91' lang='lat' dir='ltr'>ipsius</span> <span class='ocrx_word' id='word_1_45' title='bbox 1338 942 1425 984; x_wconf 94' lang='lat' dir='ltr'>com·</span> 
     </span>
     <span class='ocr_line' id='line_1_6' title="bbox 157 1028 1427 1114; baseline -0.002 -21"><span class='ocrx_word' id='word_1_46' title='bbox 157 1032 356 1114; x_wconf 84' lang='lat' dir='ltr'>probacione</span> <span class='ocrx_word' id='word_1_47' title='bbox 382 1031 535 1114; x_wconf 87' lang='lat' dir='ltr'>Stephani</span> <span class='ocrx_word' id='word_1_48' title='bbox 568 1028 625 1090; x_wconf 90' lang='lat' dir='ltr'>lilii</span> <span class='ocrx_word' id='word_1_49' title='bbox 659 1029 734 1092; x_wconf 94' lang='lat' dir='ltr'>dicti</span> <span class='ocrx_word' id='word_1_50' title='bbox 767 1030 851 1091; x_wconf 88' lang='lat' dir='ltr'>Petri</span> <span class='ocrx_word' id='word_1_51' title='bbox 885 1029 1019 1108; x_wconf 91' lang='lat' dir='ltr'>Oczeth,</span> <span class='ocrx_word' id='word_1_52' title='bbox 1052 1030 1157 1090; x_wconf 89' lang='lat' dir='ltr'>eidem</span> <span class='ocrx_word' id='word_1_53' title='bbox 1184 1029 1348 1111; x_wconf 86' lang='lat' dir='ltr'>Stephano</span> <span class='ocrx_word' id='word_1_54' title='bbox 1381 1043 1427 1090; x_wconf 95' lang='lat' dir='ltr'>est</span> 
     </span>
     <span class='ocr_line' id='line_1_7' title="bbox 153 1135 1425 1218; baseline -0.002 -19"><span class='ocrx_word' id='word_1_55' title='bbox 153 1138 331 1200; x_wconf 87' lang='lat' dir='ltr'>literatorie</span> <span class='ocrx_word' id='word_1_56' title='bbox 355 1151 471 1199; x_wconf 90' lang='lat' dir='ltr'>statuta</span> <span class='ocrx_word' id='word_1_57' title='bbox 497 1151 527 1197; x_wconf 91' lang='lat' dir='ltr'>et</span> <span class='ocrx_word' id='word_1_58' title='bbox 559 1136 732 1218; x_wconf 88' lang='lat' dir='ltr'>superinde</span> <span class='ocrx_word' id='word_1_59' title='bbox 765 1136 825 1196; x_wconf 85' lang='lat' dir='ltr'>sibi</span> <span class='ocrx_word' id='word_1_60' title='bbox 851 1151 897 1197; x_wconf 92' lang='lat' dir='ltr'>est</span> <span class='ocrx_word' id='word_1_61' title='bbox 922 1137 1013 1198; x_wconf 89' lang='lat' dir='ltr'>litera</span> <span class='ocrx_word' id='word_1_62' title='bbox 1045 1138 1104 1197; x_wconf 93' lang='lat' dir='ltr'>sub</span> <span class='ocrx_word' id='word_1_63' title='bbox 1129 1136 1282 1218; x_wconf 87' lang='lat' dir='ltr'>pendenti</span> <span class='ocrx_word' id='word_1_64' title='bbox 1316 1135 1425 1216; x_wconf 91' lang='lat' dir='ltr'>sigillo</span> 
     </span>
     <span class='ocr_line' id='line_1_8' title="bbox 154 1258 314 1308; baseline -0.006 0"><span class='ocrx_word' id='word_1_65' title='bbox 154 1258 314 1308; x_wconf 83' lang='lat' dir='ltr'>emanata.</span> 
     </span>
    </p>

    <p class='ocr_par' dir='ltr' id='par_1_3' title="bbox 155 1348 1427 2178">
     <span class='ocr_line' id='line_1_9' title="bbox 262 1348 1427 1431; baseline -0.003 -19"><span class='ocrx_word' id='word_1_66' title='bbox 262 1351 340 1412; x_wconf 92' lang='lat' dir='ltr'>ltem</span> <span class='ocrx_word' id='word_1_67' title='bbox 365 1350 505 1431; x_wconf 91' lang='lat' dir='ltr'>quedam</span> <span class='ocrx_word' id='word_1_68' title='bbox 530 1350 609 1410; x_wconf 90' lang='lat' dir='ltr'>silva</span> <span class='ocrx_word' id='word_1_69' title='bbox 635 1350 666 1410; x_wconf 92' lang='lat' dir='ltr'>in</span> <span class='ocrx_word' id='word_1_70' title='bbox 692 1349 853 1411; x_wconf 88' lang='lat' dir='ltr'>territorio</span> <span class='ocrx_word' id='word_1_71' title='bbox 877 1349 1014 1410; x_wconf 88' lang='lat' dir='ltr'>civitatis</span> <span class='ocrx_word' id='word_1_72' title='bbox 1039 1349 1181 1430; x_wconf 90' lang='lat' dir='ltr'>predicte</span> <span class='ocrx_word' id='word_1_73' title='bbox 1206 1349 1287 1410; x_wconf 91' lang='lat' dir='ltr'>inter</span> <span class='ocrx_word' id='word_1_74' title='bbox 1312 1348 1427 1409; x_wconf 89' lang='lat' dir='ltr'>silvam</span> 
     </span>
     <span class='ocr_line' id='line_1_10' title="bbox 156 1456 1427 1538; baseline -0.002 -19"><span class='ocrx_word' id='word_1_75' title='bbox 156 1458 287 1520; x_wconf 89' lang='lat' dir='ltr'>Martini</span> <span class='ocrx_word' id='word_1_76' title='bbox 313 1457 438 1537; x_wconf 91' lang='lat' dir='ltr'>judicis,</span> <span class='ocrx_word' id='word_1_77' title='bbox 463 1477 480 1518; x_wconf 90' lang='lat' dir='ltr'>a</span> <span class='ocrx_word' id='word_1_78' title='bbox 505 1457 696 1534; x_wconf 74' lang='lat' dir='ltr'>meridiem,</span> <span class='ocrx_word' id='word_1_79' title='bbox 722 1470 753 1517; x_wconf 88' lang='lat' dir='ltr'>et</span> <span class='ocrx_word' id='word_1_80' title='bbox 778 1457 858 1517; x_wconf 91' lang='lat' dir='ltr'>inter</span> <span class='ocrx_word' id='word_1_81' title='bbox 883 1457 997 1517; x_wconf 87' lang='lat' dir='ltr'>silvam</span> <span class='ocrx_word' id='word_1_82' title='bbox 1017 1456 1193 1538; x_wconf 88' lang='lat' dir='ltr'>Elyzabeth</span> <span class='ocrx_word' id='word_1_83' title='bbox 1219 1456 1363 1517; x_wconf 89' lang='lat' dir='ltr'>mulieris</span> <span class='ocrx_word' id='word_1_84' title='bbox 1380 1475 1427 1516; x_wconf 89' lang='lat' dir='ltr'>re-</span> 
     </span>
     <span class='ocr_line' id='line_1_11' title="bbox 155 1562 1427 1644; baseline -0.002 -18"><span class='ocrx_word' id='word_1_85' title='bbox 155 1565 231 1626; x_wconf 91' lang='lat' dir='ltr'>licte</span> <span class='ocrx_word' id='word_1_86' title='bbox 256 1578 287 1625; x_wconf 89' lang='lat' dir='ltr'>et</span> <span class='ocrx_word' id='word_1_87' title='bbox 312 1563 461 1644; x_wconf 87' lang='lat' dir='ltr'>Gregorii</span> <span class='ocrx_word' id='word_1_88' title='bbox 486 1562 544 1624; x_wconf 94' lang='lat' dir='ltr'>filii</span> <span class='ocrx_word' id='word_1_89' title='bbox 579 1563 716 1624; x_wconf 91' lang='lat' dir='ltr'>condam</span> <span class='ocrx_word' id='word_1_90' title='bbox 749 1563 878 1624; x_wconf 83' lang='lat' dir='ltr'>Andree</span> <span class='ocrx_word' id='word_1_91' title='bbox 903 1562 1056 1623; x_wconf 88' lang='lat' dir='ltr'>Zwechar</span> <span class='ocrx_word' id='word_1_92' title='bbox 1081 1562 1189 1623; x_wconf 91' lang='lat' dir='ltr'>habita</span> <span class='ocrx_word' id='word_1_93' title='bbox 1224 1575 1255 1623; x_wconf 95' lang='lat' dir='ltr'>et</span> <span class='ocrx_word' id='word_1_94' title='bbox 1279 1563 1427 1639; x_wconf 87' lang='lat' dir='ltr'>existens,</span> 
     </span>
     <span class='ocr_line' id='line_1_12' title="bbox 155 1667 1426 1753; baseline -0.002 -21"><span class='ocrx_word' id='word_1_95' title='bbox 155 1671 295 1753; x_wconf 85' lang='lat' dir='ltr'>desuper</span> <span class='ocrx_word' id='word_1_96' title='bbox 320 1690 336 1731; x_wconf 90' lang='lat' dir='ltr'>a</span> <span class='ocrx_word' id='word_1_97' title='bbox 361 1671 413 1731; x_wconf 81' lang='lat' dir='ltr'>via</span> <span class='ocrx_word' id='word_1_98' title='bbox 438 1670 604 1730; x_wconf 89' lang='lat' dir='ltr'>communi</span> <span class='ocrx_word' id='word_1_99' title='bbox 631 1684 660 1731; x_wconf 92' lang='lat' dir='ltr'>et</span> <span class='ocrx_word' id='word_1_100' title='bbox 693 1667 774 1730; x_wconf 83' lang='lat' dir='ltr'>inira</span> <span class='ocrx_word' id='word_1_101' title='bbox 808 1689 909 1751; x_wconf 91' lang='lat' dir='ltr'>usque</span> <span class='ocrx_word' id='word_1_102' title='bbox 935 1668 1077 1729; x_wconf 91' lang='lat' dir='ltr'>rivulum</span> <span class='ocrx_word' id='word_1_103' title='bbox 1102 1688 1135 1728; x_wconf 91' lang='lat' dir='ltr'>se</span> <span class='ocrx_word' id='word_1_104' title='bbox 1168 1669 1355 1746; x_wconf 82' lang='lat' dir='ltr'>extendens,</span> <span class='ocrx_word' id='word_1_105' title='bbox 1380 1688 1426 1729; x_wconf 91' lang='lat' dir='ltr'>ra·</span> 
     </span>
     <span class='ocr_line' id='line_1_13' title="bbox 155 1774 1427 1859; baseline -0.004 -20"><span class='ocrx_word' id='word_1_106' title='bbox 155 1778 250 1839; x_wconf 91' lang='lat' dir='ltr'>cione</span> <span class='ocrx_word' id='word_1_107' title='bbox 275 1797 358 1838; x_wconf 90' lang='lat' dir='ltr'>nove</span> <span class='ocrx_word' id='word_1_108' title='bbox 382 1776 557 1838; x_wconf 89' lang='lat' dir='ltr'>ereccionis</span> <span class='ocrx_word' id='word_1_109' title='bbox 583 1790 741 1836; x_wconf 91' lang='lat' dir='ltr'>metarum</span> <span class='ocrx_word' id='word_1_110' title='bbox 776 1776 858 1836; x_wconf 92' lang='lat' dir='ltr'>inter</span> <span class='ocrx_word' id='word_1_111' title='bbox 881 1775 996 1836; x_wconf 87' lang='lat' dir='ltr'>silvam</span> <span class='ocrx_word' id='word_1_112' title='bbox 1029 1775 1127 1856; x_wconf 91' lang='lat' dir='ltr'>ipsius</span> <span class='ocrx_word' id='word_1_113' title='bbox 1155 1774 1330 1859; x_wconf 85' lang='lat' dir='ltr'>Elyzabeth</span> <span class='ocrx_word' id='word_1_114' title='bbox 1357 1793 1427 1835; x_wconf 90' lang='lat' dir='ltr'>rnu-</span> 
     </span>
     <span class='ocr_line' id='line_1_14' title="bbox 156 1879 1427 1963; baseline -0.004 -17"><span class='ocrx_word' id='word_1_115' title='bbox 156 1885 245 1947; x_wconf 90' lang='lat' dir='ltr'>lieris</span> <span class='ocrx_word' id='word_1_116' title='bbox 270 1898 300 1944; x_wconf 90' lang='lat' dir='ltr'>et</span> <span class='ocrx_word' id='word_1_117' title='bbox 324 1884 400 1946; x_wconf 92' lang='lat' dir='ltr'>dicti</span> <span class='ocrx_word' id='word_1_118' title='bbox 426 1883 482 1944; x_wconf 88' lang='lat' dir='ltr'>filii</span> <span class='ocrx_word' id='word_1_119' title='bbox 507 1883 556 1943; x_wconf 89' lang='lat' dir='ltr'>sui</span> <span class='ocrx_word' id='word_1_120' title='bbox 583 1881 732 1963; x_wconf 83' lang='lat' dir='ltr'>Gregorii</span> <span class='ocrx_word' id='word_1_121' title='bbox 754 1897 784 1942; x_wconf 91' lang='lat' dir='ltr'>et</span> <span class='ocrx_word' id='word_1_122' title='bbox 809 1882 944 1943; x_wconf 87' lang='lat' dir='ltr'>eandem</span> <span class='ocrx_word' id='word_1_123' title='bbox 962 1882 1075 1943; x_wconf 90' lang='lat' dir='ltr'>silvam</span> <span class='ocrx_word' id='word_1_124' title='bbox 1103 1879 1195 1958; x_wconf 85' lang='lat' dir='ltr'>lacte,</span> <span class='ocrx_word' id='word_1_125' title='bbox 1220 1880 1325 1941; x_wconf 92' lang='lat' dir='ltr'>eidem</span> <span class='ocrx_word' id='word_1_126' title='bbox 1344 1881 1427 1941; x_wconf 91' lang='lat' dir='ltr'>Mar-</span> 
     </span>
     <span class='ocr_line' id='line_1_15' title="bbox 155 1985 1426 2070; baseline -0.005 -18"><span class='ocrx_word' id='word_1_127' title='bbox 155 1991 227 2053; x_wconf 92' lang='lat' dir='ltr'>tino</span> <span class='ocrx_word' id='word_1_128' title='bbox 251 1989 349 2070; x_wconf 92' lang='lat' dir='ltr'>judici</span> <span class='ocrx_word' id='word_1_129' title='bbox 382 2005 429 2050; x_wconf 92' lang='lat' dir='ltr'>est</span> <span class='ocrx_word' id='word_1_130' title='bbox 461 1989 636 2050; x_wconf 87' lang='lat' dir='ltr'>literatorie</span> <span class='ocrx_word' id='word_1_131' title='bbox 661 2002 778 2050; x_wconf 91' lang='lat' dir='ltr'>statuta</span> <span class='ocrx_word' id='word_1_132' title='bbox 804 2003 834 2049; x_wconf 91' lang='lat' dir='ltr'>et</span> <span class='ocrx_word' id='word_1_133' title='bbox 858 1989 917 2049; x_wconf 94' lang='lat' dir='ltr'>sub</span> <span class='ocrx_word' id='word_1_134' title='bbox 935 1988 1087 2069; x_wconf 88' lang='lat' dir='ltr'>pendenti</span> <span class='ocrx_word' id='word_1_135' title='bbox 1113 1986 1221 2067; x_wconf 87' lang='lat' dir='ltr'>sigillo</span> <span class='ocrx_word' id='word_1_136' title='bbox 1246 1985 1426 2047; x_wconf 87' lang='lat' dir='ltr'>communi-</span> 
     </span>
     <span class='ocr_line' id='line_1_16' title="bbox 157 2095 797 2178; baseline -0.002 -20"><span class='ocrx_word' id='word_1_137' title='bbox 157 2096 231 2158; x_wconf 91' lang='lat' dir='ltr'>tatis</span> <span class='ocrx_word' id='word_1_138' title='bbox 255 2095 427 2178; x_wconf 84' lang='lat' dir='ltr'>superinde</span> <span class='ocrx_word' id='word_1_139' title='bbox 452 2109 499 2157; x_wconf 91' lang='lat' dir='ltr'>est</span> <span class='ocrx_word' id='word_1_140' title='bbox 523 2095 614 2156; x_wconf 88' lang='lat' dir='ltr'>litera</span> <span class='ocrx_word' id='word_1_141' title='bbox 639 2109 797 2157; x_wconf 87' lang='lat' dir='ltr'>emanata.</span> 
     </span>
    </p>

    <p class='ocr_par' dir='ltr' id='par_1_4' title="bbox 158 2197 1431 2816">
     <span class='ocr_line' id='line_1_17' title="bbox 264 2197 1428 2284; baseline -0.001 -23"><span class='ocrx_word' id='word_1_142' title='bbox 264 2202 343 2263; x_wconf 91' lang='lat' dir='ltr'>ltem</span> <span class='ocrx_word' id='word_1_143' title='bbox 369 2202 525 2262; x_wconf 89' lang='lat' dir='ltr'>medietas</span> <span class='ocrx_word' id='word_1_144' title='bbox 557 2202 678 2263; x_wconf 88' lang='lat' dir='ltr'>directa</span> <span class='ocrx_word' id='word_1_145' title='bbox 712 2215 743 2263; x_wconf 92' lang='lat' dir='ltr'>et</span> <span class='ocrx_word' id='word_1_146' title='bbox 774 2202 898 2284; x_wconf 85' lang='lat' dir='ltr'>equalis</span> <span class='ocrx_word' id='word_1_147' title='bbox 930 2201 1096 2262; x_wconf 89' lang='lat' dir='ltr'>cuiusdam</span> <span class='ocrx_word' id='word_1_148' title='bbox 1129 2200 1256 2277; x_wconf 91' lang='lat' dir='ltr'>domus,</span> <span class='ocrx_word' id='word_1_149' title='bbox 1281 2197 1372 2261; x_wconf 88' lang='lat' dir='ltr'>lundi</span> <span class='ocrx_word' id='word_1_150' title='bbox 1397 2213 1428 2260; x_wconf 90' lang='lat' dir='ltr'>et</span> 
     </span>
     <span class='ocr_line' id='line_1_18' title="bbox 159 2307 1427 2389; baseline -0.002 -18"><span class='ocrx_word' id='word_1_151' title='bbox 159 2309 266 2371; x_wconf 89' lang='lat' dir='ltr'>celatii</span> <span class='ocrx_word' id='word_1_152' title='bbox 293 2310 491 2371; x_wconf 89' lang='lat' dir='ltr'>subterranei</span> <span class='ocrx_word' id='word_1_153' title='bbox 516 2330 551 2370; x_wconf 92' lang='lat' dir='ltr'>ac</span> <span class='ocrx_word' id='word_1_154' title='bbox 576 2308 801 2371; x_wconf 91' lang='lat' dir='ltr'>hedificiorum</span> <span class='ocrx_word' id='word_1_155' title='bbox 835 2309 963 2370; x_wconf 87' lang='lat' dir='ltr'>Thome</span> <span class='ocrx_word' id='word_1_156' title='bbox 995 2309 1070 2369; x_wconf 92' lang='lat' dir='ltr'>dicti</span> <span class='ocrx_word' id='word_1_157' title='bbox 1096 2309 1232 2389; x_wconf 87' lang='lat' dir='ltr'>Konych</span> <span class='ocrx_word' id='word_1_158' title='bbox 1257 2307 1315 2369; x_wconf 88' lang='lat' dir='ltr'>filii</span> <span class='ocrx_word' id='word_1_159' title='bbox 1341 2308 1427 2370; x_wconf 90' lang='lat' dir='ltr'>Petri</span> 
     </span>
     <span class='ocr_line' id='line_1_19' title="bbox 158 2413 1427 2499; baseline -0.002 -22"><span class='ocrx_word' id='word_1_160' title='bbox 158 2417 246 2499; x_wconf 86' lang='lat' dir='ltr'>juxta</span> <span class='ocrx_word' id='word_1_161' title='bbox 279 2431 427 2478; x_wconf 91' lang='lat' dir='ltr'>contenta</span> <span class='ocrx_word' id='word_1_162' title='bbox 453 2418 616 2478; x_wconf 91' lang='lat' dir='ltr'>literarum</span> <span class='ocrx_word' id='word_1_163' title='bbox 643 2416 892 2498; x_wconf 79' lang='lat' dir='ltr'>privilegialium</span> <span class='ocrx_word' id='word_1_164' title='bbox 918 2415 1089 2497; x_wconf 89' lang='lat' dir='ltr'>superinde</span> <span class='ocrx_word' id='word_1_165' title='bbox 1121 2413 1353 2492; x_wconf 74' lang='lat' dir='ltr'>confectarum,</span> <span class='ocrx_word' id='word_1_166' title='bbox 1371 2433 1427 2496; x_wconf 89' lang='lat' dir='ltr'>per</span> 
     </span>
     <span class='ocr_line' id='line_1_20' title="bbox 159 2521 1428 2604; baseline -0.002 -20"><span class='ocrx_word' id='word_1_167' title='bbox 159 2523 301 2585; x_wconf 91' lang='lat' dir='ltr'>eundem</span> <span class='ocrx_word' id='word_1_168' title='bbox 327 2523 491 2584; x_wconf 88' lang='lat' dir='ltr'>Thomam</span> <span class='ocrx_word' id='word_1_169' title='bbox 517 2523 653 2604; x_wconf 89' lang='lat' dir='ltr'>Konych</span> <span class='ocrx_word' id='word_1_170' title='bbox 679 2523 776 2584; x_wconf 93' lang='lat' dir='ltr'>Gallo</span> <span class='ocrx_word' id='word_1_171' title='bbox 802 2523 868 2585; x_wconf 91' lang='lat' dir='ltr'>filio</span> <span class='ocrx_word' id='word_1_172' title='bbox 896 2522 985 2583; x_wconf 85' lang='lat' dir='ltr'>Pauli</span> <span class='ocrx_word' id='word_1_173' title='bbox 1012 2536 1042 2583; x_wconf 92' lang='lat' dir='ltr'>et</span> <span class='ocrx_word' id='word_1_174' title='bbox 1067 2521 1244 2604; x_wconf 89' lang='lat' dir='ltr'>Elyzabeth</span> <span class='ocrx_word' id='word_1_175' title='bbox 1270 2541 1326 2582; x_wconf 92' lang='lat' dir='ltr'>sue</span> <span class='ocrx_word' id='word_1_176' title='bbox 1352 2540 1428 2582; x_wconf 91' lang='lat' dir='ltr'>con·</span> 
     </span>
     <span class='ocr_line' id='line_1_21' title="bbox 159 2627 1431 2711; baseline 0 -21"><span class='ocrx_word' id='word_1_177' title='bbox 159 2629 238 2690; x_wconf 89' lang='lat' dir='ltr'>sorti</span> <span class='ocrx_word' id='word_1_178' title='bbox 264 2643 310 2690; x_wconf 91' lang='lat' dir='ltr'>est</span> <span class='ocrx_word' id='word_1_179' title='bbox 335 2649 392 2710; x_wconf 92' lang='lat' dir='ltr'>pro</span> <span class='ocrx_word' id='word_1_180' title='bbox 418 2643 501 2690; x_wconf 89' lang='lat' dir='ltr'>certa</span> <span class='ocrx_word' id='word_1_181' title='bbox 526 2629 736 2711; x_wconf 86' lang='lat' dir='ltr'>pecuniarum</span> <span class='ocrx_word' id='word_1_182' title='bbox 766 2629 944 2710; x_wconf 90' lang='lat' dir='ltr'>quantitate</span> <span class='ocrx_word' id='word_1_183' title='bbox 977 2628 1106 2689; x_wconf 88' lang='lat' dir='ltr'>vendita</span> <span class='ocrx_word' id='word_1_184' title='bbox 1132 2642 1163 2690; x_wconf 94' lang='lat' dir='ltr'>et</span> <span class='ocrx_word' id='word_1_185' title='bbox 1186 2627 1359 2709; x_wconf 89' lang='lat' dir='ltr'>superinde</span> <span class='ocrx_word' id='word_1_186' title='bbox 1384 2641 1431 2690; x_wconf 92' lang='lat' dir='ltr'>est</span> 
     </span>
     <span class='ocr_line' id='line_1_22' title="bbox 160 2735 1097 2816; baseline 0.001 -20"><span class='ocrx_word' id='word_1_187' title='bbox 160 2737 253 2797; x_wconf 89' lang='lat' dir='ltr'>litera</span> <span class='ocrx_word' id='word_1_188' title='bbox 278 2737 337 2797; x_wconf 92' lang='lat' dir='ltr'>sub</span> <span class='ocrx_word' id='word_1_189' title='bbox 362 2736 515 2816; x_wconf 90' lang='lat' dir='ltr'>pendenti</span> <span class='ocrx_word' id='word_1_190' title='bbox 540 2735 648 2816; x_wconf 88' lang='lat' dir='ltr'>sigillo</span> <span class='ocrx_word' id='word_1_191' title='bbox 673 2736 915 2797; x_wconf 89' lang='lat' dir='ltr'>communitatis</span> <span class='ocrx_word' id='word_1_192' title='bbox 940 2749 1097 2797; x_wconf 87' lang='lat' dir='ltr'>emanata.</span> 
     </span>
    </p>

    <p class='ocr_par' dir='ltr' id='par_1_5' title="bbox 160 2839 1435 4851">
     <span class='ocr_line' id='line_1_23' title="bbox 268 2839 1431 2923; baseline 0 -21"><span class='ocrx_word' id='word_1_193' title='bbox 268 2842 346 2903; x_wconf 91' lang='lat' dir='ltr'>ltem</span> <span class='ocrx_word' id='word_1_194' title='bbox 371 2842 505 2923; x_wconf 93' lang='lat' dir='ltr'>quidam</span> <span class='ocrx_word' id='word_1_195' title='bbox 530 2842 667 2923; x_wconf 86' lang='lat' dir='ltr'>(h)ortus</span> <span class='ocrx_word' id='word_1_196' title='bbox 693 2843 724 2902; x_wconf 93' lang='lat' dir='ltr'>in</span> <span class='ocrx_word' id='word_1_197' title='bbox 757 2843 912 2903; x_wconf 90' lang='lat' dir='ltr'>suburbio</span> <span class='ocrx_word' id='word_1_198' title='bbox 946 2842 1083 2903; x_wconf 84' lang='lat' dir='ltr'>civitatis</span> <span class='ocrx_word' id='word_1_199' title='bbox 1119 2841 1289 2903; x_wconf 89' lang='lat' dir='ltr'>interduo</span> <span class='ocrx_word' id='word_1_200' title='bbox 1314 2839 1431 2903; x_wconf 83' lang='lat' dir='ltr'>fossata</span> 
     </span>
     <span class='ocr_line' id='line_1_24' title="bbox 160 2948 1430 3030; baseline -0.001 -20"><span class='ocrx_word' id='word_1_201' title='bbox 160 2963 191 3010; x_wconf 87' lang='lat' dir='ltr'>et</span> <span class='ocrx_word' id='word_1_202' title='bbox 217 2949 298 3009; x_wconf 91' lang='lat' dir='ltr'>inter</span> <span class='ocrx_word' id='word_1_203' title='bbox 323 2948 457 3030; x_wconf 87' lang='lat' dir='ltr'>(h)ortos</span> <span class='ocrx_word' id='word_1_204' title='bbox 489 2949 667 3010; x_wconf 90' lang='lat' dir='ltr'>liberorum</span> <span class='ocrx_word' id='word_1_205' title='bbox 699 2948 837 3010; x_wconf 90' lang='lat' dir='ltr'>condam</span> <span class='ocrx_word' id='word_1_206' title='bbox 869 2948 976 3009; x_wconf 88' lang='lat' dir='ltr'>Chuni</span> <span class='ocrx_word' id='word_1_207' title='bbox 1009 2948 1124 3028; x_wconf 82' lang='lat' dir='ltr'>judicis</span> <span class='ocrx_word' id='word_1_208' title='bbox 1157 2967 1258 3028; x_wconf 90' lang='lat' dir='ltr'>usque</span> <span class='ocrx_word' id='word_1_209' title='bbox 1283 2949 1430 3009; x_wconf 90' lang='lat' dir='ltr'>arborem</span> 
     </span>
     <span class='ocr_line' id='line_1_25' title="bbox 161 3053 1431 3136; baseline -0.001 -20"><span class='ocrx_word' id='word_1_210' title='bbox 161 3055 267 3116; x_wconf 91' lang='lat' dir='ltr'>salicis</span> <span class='ocrx_word' id='word_1_211' title='bbox 293 3075 328 3115; x_wconf 88' lang='lat' dir='ltr'>ac</span> <span class='ocrx_word' id='word_1_212' title='bbox 360 3054 445 3115; x_wconf 91' lang='lat' dir='ltr'>viam</span> <span class='ocrx_word' id='word_1_213' title='bbox 478 3074 685 3115; x_wconf 90' lang='lat' dir='ltr'>communem</span> <span class='ocrx_word' id='word_1_214' title='bbox 720 3055 839 3133; x_wconf 80' lang='lat' dir='ltr'>habim,</span> <span class='ocrx_word' id='word_1_215' title='bbox 875 3056 907 3114; x_wconf 94' lang='lat' dir='ltr'>in</span> <span class='ocrx_word' id='word_1_216' title='bbox 936 3055 984 3115; x_wconf 91' lang='lat' dir='ltr'>sui</span> <span class='ocrx_word' id='word_1_217' title='bbox 1018 3053 1221 3134; x_wconf 81' lang='lat' dir='ltr'>longitudine</span> <span class='ocrx_word' id='word_1_218' title='bbox 1246 3055 1431 3136; x_wconf 91' lang='lat' dir='ltr'>octuaginta</span> 
     </span>
     <span class='ocr_line' id='line_1_26' title="bbox 164 3159 1430 3243; baseline 0 -21"><span class='ocrx_word' id='word_1_219' title='bbox 164 3161 232 3223; x_wconf 94' lang='lat' dir='ltr'>duo</span> <span class='ocrx_word' id='word_1_220' title='bbox 272 3160 400 3222; x_wconf 90' lang='lat' dir='ltr'>brachia</span> <span class='ocrx_word' id='word_1_221' title='bbox 434 3159 534 3222; x_wconf 80' lang='lat' dir='ltr'>ferrea</span> <span class='ocrx_word' id='word_1_222' title='bbox 571 3162 601 3222; x_wconf 93' lang='lat' dir='ltr'>in</span> <span class='ocrx_word' id='word_1_223' title='bbox 635 3161 805 3222; x_wconf 92' lang='lat' dir='ltr'>latitudine</span> <span class='ocrx_word' id='word_1_224' title='bbox 845 3181 920 3222; x_wconf 91' lang='lat' dir='ltr'>vero</span> <span class='ocrx_word' id='word_1_225' title='bbox 953 3161 1187 3243; x_wconf 89' lang='lat' dir='ltr'>quinquaginta</span> <span class='ocrx_word' id='word_1_226' title='bbox 1218 3181 1272 3222; x_wconf 88' lang='lat' dir='ltr'>sex</span> <span class='ocrx_word' id='word_1_227' title='bbox 1303 3162 1430 3223; x_wconf 91' lang='lat' dir='ltr'>brachia</span> 
     </span>
     <span class='ocr_line' id='line_1_27' title="bbox 162 3267 1430 3348; baseline 0 -20"><span class='ocrx_word' id='word_1_228' title='bbox 162 3267 265 3328; x_wconf 87' lang='lat' dir='ltr'>ferrea</span> <span class='ocrx_word' id='word_1_229' title='bbox 291 3267 458 3329; x_wconf 91' lang='lat' dir='ltr'>continens</span> <span class='ocrx_word' id='word_1_230' title='bbox 487 3267 632 3344; x_wconf 90' lang='lat' dir='ltr'>habitus;</span> <span class='ocrx_word' id='word_1_231' title='bbox 657 3268 732 3329; x_wconf 92' lang='lat' dir='ltr'>item</span> <span class='ocrx_word' id='word_1_232' title='bbox 751 3268 890 3348; x_wconf 91' lang='lat' dir='ltr'>quedam</span> <span class='ocrx_word' id='word_1_233' title='bbox 909 3282 990 3329; x_wconf 89' lang='lat' dir='ltr'>terra</span> <span class='ocrx_word' id='word_1_234' title='bbox 1012 3268 1142 3328; x_wconf 90' lang='lat' dir='ltr'>arabilis</span> <span class='ocrx_word' id='word_1_235' title='bbox 1165 3268 1196 3327; x_wconf 90' lang='lat' dir='ltr'>iu</span> <span class='ocrx_word' id='word_1_236' title='bbox 1223 3267 1338 3328; x_wconf 89' lang='lat' dir='ltr'>eodem</span> <span class='ocrx_word' id='word_1_237' title='bbox 1356 3268 1430 3329; x_wconf 91' lang='lat' dir='ltr'>sub·</span> 
     </span>
     <span class='ocr_line' id='line_1_28' title="bbox 161 3373 1430 3456; baseline -0.002 -19"><span class='ocrx_word' id='word_1_238' title='bbox 161 3374 258 3437; x_wconf 92' lang='lat' dir='ltr'>urbio</span> <span class='ocrx_word' id='word_1_239' title='bbox 284 3389 314 3435; x_wconf 91' lang='lat' dir='ltr'>et</span> <span class='ocrx_word' id='word_1_240' title='bbox 338 3374 499 3435; x_wconf 88' lang='lat' dir='ltr'>territorio</span> <span class='ocrx_word' id='word_1_241' title='bbox 517 3374 653 3435; x_wconf 90' lang='lat' dir='ltr'>civitatis</span> <span class='ocrx_word' id='word_1_242' title='bbox 676 3374 817 3456; x_wconf 87' lang='lat' dir='ltr'>predicte</span> <span class='ocrx_word' id='word_1_243' title='bbox 842 3374 928 3454; x_wconf 79' lang='lat' dir='ltr'>iuxta</span> <span class='ocrx_word' id='word_1_244' title='bbox 946 3373 1099 3455; x_wconf 90' lang='lat' dir='ltr'>(h)ortum</span> <span class='ocrx_word' id='word_1_245' title='bbox 1118 3374 1329 3455; x_wconf 89' lang='lat' dir='ltr'>prescriptum</span> <span class='ocrx_word' id='word_1_246' title='bbox 1348 3375 1430 3435; x_wconf 89' lang='lat' dir='ltr'>inter</span> 
     </span>
     <span class='ocr_line' id='line_1_29' title="bbox 162 3478 1430 3562; baseline 0 -21"><span class='ocrx_word' id='word_1_247' title='bbox 162 3494 305 3562; x_wconf 93' lang='lat' dir='ltr'>quatuor</span> <span class='ocrx_word' id='word_1_248' title='bbox 330 3478 457 3558; x_wconf 86' lang='lat' dir='ltr'>fossata,</span> <span class='ocrx_word' id='word_1_249' title='bbox 483 3500 500 3540; x_wconf 92' lang='lat' dir='ltr'>a</span> <span class='ocrx_word' id='word_1_250' title='bbox 525 3495 613 3561; x_wconf 91' lang='lat' dir='ltr'>parte</span> <span class='ocrx_word' id='word_1_251' title='bbox 648 3481 796 3542; x_wconf 88' lang='lat' dir='ltr'>orientali</span> <span class='ocrx_word' id='word_1_252' title='bbox 818 3482 900 3542; x_wconf 92' lang='lat' dir='ltr'>inter</span> <span class='ocrx_word' id='word_1_253' title='bbox 932 3481 1016 3541; x_wconf 90' lang='lat' dir='ltr'>viam</span> <span class='ocrx_word' id='word_1_254' title='bbox 1051 3499 1310 3558; x_wconf 87' lang='lat' dir='ltr'>communem,a</span> <span class='ocrx_word' id='word_1_255' title='bbox 1342 3493 1430 3562; x_wconf 89' lang='lat' dir='ltr'>parte</span> 
     </span>
     <span class='ocr_line' id='line_1_30' title="bbox 163 3585 1430 3666; baseline 0.002 -20"><span class='ocrx_word' id='word_1_256' title='bbox 163 3606 240 3648; x_wconf 84' lang='lat' dir='ltr'>vero</span> <span class='ocrx_word' id='word_1_257' title='bbox 265 3586 470 3647; x_wconf 91' lang='lat' dir='ltr'>meridionali</span> <span class='ocrx_word' id='word_1_258' title='bbox 496 3587 579 3647; x_wconf 89' lang='lat' dir='ltr'>inter</span> <span class='ocrx_word' id='word_1_259' title='bbox 610 3600 727 3648; x_wconf 89' lang='lat' dir='ltr'>terram</span> <span class='ocrx_word' id='word_1_260' title='bbox 759 3587 872 3648; x_wconf 85' lang='lat' dir='ltr'>Briccii</span> <span class='ocrx_word' id='word_1_261' title='bbox 903 3586 1018 3666; x_wconf 87' lang='lat' dir='ltr'>judicis</span> <span class='ocrx_word' id='word_1_262' title='bbox 1051 3586 1107 3646; x_wconf 87' lang='lat' dir='ltr'>filii</span> <span class='ocrx_word' id='word_1_263' title='bbox 1134 3585 1311 3664; x_wconf 87' lang='lat' dir='ltr'>Benedicti,</span> <span class='ocrx_word' id='word_1_264' title='bbox 1336 3602 1367 3648; x_wconf 93' lang='lat' dir='ltr'>et</span> <span class='ocrx_word' id='word_1_265' title='bbox 1391 3588 1430 3648; x_wconf 93' lang='lat' dir='ltr'>ab</span> 
     </span>
     <span class='ocr_line' id='line_1_31' title="bbox 162 3692 1431 3775; baseline -0.001 -20"><span class='ocrx_word' id='word_1_266' title='bbox 162 3693 329 3756; x_wconf 91' lang='lat' dir='ltr'>occidente</span> <span class='ocrx_word' id='word_1_267' title='bbox 355 3694 437 3754; x_wconf 89' lang='lat' dir='ltr'>inter</span> <span class='ocrx_word' id='word_1_268' title='bbox 460 3707 576 3754; x_wconf 88' lang='lat' dir='ltr'>terram</span> <span class='ocrx_word' id='word_1_269' title='bbox 603 3693 780 3754; x_wconf 93' lang='lat' dir='ltr'>liberorum</span> <span class='ocrx_word' id='word_1_270' title='bbox 810 3692 944 3775; x_wconf 91' lang='lat' dir='ltr'>Chupor</span> <span class='ocrx_word' id='word_1_271' title='bbox 968 3714 1003 3754; x_wconf 91' lang='lat' dir='ltr'>ac</span> <span class='ocrx_word' id='word_1_272' title='bbox 1038 3693 1172 3773; x_wconf 88' lang='lat' dir='ltr'>provide</span> <span class='ocrx_word' id='word_1_273' title='bbox 1197 3692 1329 3755; x_wconf 90' lang='lat' dir='ltr'>domine</span> <span class='ocrx_word' id='word_1_274' title='bbox 1355 3693 1431 3755; x_wconf 89' lang='lat' dir='ltr'>Sco-</span> 
     </span>
     <span class='ocr_line' id='line_1_32' title="bbox 160 3799 1431 3880; baseline -0.002 -18"><span class='ocrx_word' id='word_1_275' title='bbox 160 3801 272 3862; x_wconf 89' lang='lat' dir='ltr'>lastice</span> <span class='ocrx_word' id='word_1_276' title='bbox 297 3799 389 3861; x_wconf 90' lang='lat' dir='ltr'>aliter</span> <span class='ocrx_word' id='word_1_277' title='bbox 413 3800 512 3860; x_wconf 86' lang='lat' dir='ltr'>Ztana</span> <span class='ocrx_word' id='word_1_278' title='bbox 538 3813 649 3860; x_wconf 87' lang='lat' dir='ltr'>vocate</span> <span class='ocrx_word' id='word_1_279' title='bbox 675 3800 784 3861; x_wconf 92' lang='lat' dir='ltr'>relicte</span> <span class='ocrx_word' id='word_1_280' title='bbox 817 3800 956 3860; x_wconf 90' lang='lat' dir='ltr'>condam</span> <span class='ocrx_word' id='word_1_281' title='bbox 983 3799 1131 3879; x_wconf 88' lang='lat' dir='ltr'>Gregorii</span> <span class='ocrx_word' id='word_1_282' title='bbox 1166 3813 1196 3859; x_wconf 90' lang='lat' dir='ltr'>et</span> <span class='ocrx_word' id='word_1_283' title='bbox 1221 3819 1236 3858; x_wconf 94' lang='lat' dir='ltr'>a</span> <span class='ocrx_word' id='word_1_284' title='bbox 1263 3811 1351 3880; x_wconf 93' lang='lat' dir='ltr'>parte</span> <span class='ocrx_word' id='word_1_285' title='bbox 1376 3819 1431 3860; x_wconf 91' lang='lat' dir='ltr'>au·</span> 
     </span>
     <span class='ocr_line' id='line_1_33' title="bbox 161 3904 1433 3985; baseline -0.001 -18"><span class='ocrx_word' id='word_1_286' title='bbox 161 3906 249 3968; x_wconf 88' lang='lat' dir='ltr'>strali</span> <span class='ocrx_word' id='word_1_287' title='bbox 277 3906 359 3967; x_wconf 88' lang='lat' dir='ltr'>inter</span> <span class='ocrx_word' id='word_1_288' title='bbox 390 3921 506 3966; x_wconf 90' lang='lat' dir='ltr'>terram</span> <span class='ocrx_word' id='word_1_289' title='bbox 540 3906 787 3967; x_wconf 90' lang='lat' dir='ltr'>colendinorum</span> <span class='ocrx_word' id='word_1_290' title='bbox 820 3906 878 3967; x_wconf 89' lang='lat' dir='ltr'>sita</span> <span class='ocrx_word' id='word_1_291' title='bbox 907 3920 937 3966; x_wconf 90' lang='lat' dir='ltr'>et</span> <span class='ocrx_word' id='word_1_292' title='bbox 970 3905 1130 3985; x_wconf 87' lang='lat' dir='ltr'>adjacens,</span> <span class='ocrx_word' id='word_1_293' title='bbox 1155 3904 1235 3965; x_wconf 89' lang='lat' dir='ltr'>duas</span> <span class='ocrx_word' id='word_1_294' title='bbox 1258 3919 1293 3965; x_wconf 94' lang='lat' dir='ltr'>ut</span> <span class='ocrx_word' id='word_1_295' title='bbox 1317 3905 1433 3966; x_wconf 93' lang='lat' dir='ltr'>dicitur</span> 
     </span>
     <span class='ocr_line' id='line_1_34' title="bbox 163 4011 1432 4092; baseline -0.002 -18"><span class='ocrx_word' id='word_1_296' title='bbox 163 4014 265 4074; x_wconf 90' lang='lat' dir='ltr'>dietas</span> <span class='ocrx_word' id='word_1_297' title='bbox 288 4027 370 4074; x_wconf 91' lang='lat' dir='ltr'>terre</span> <span class='ocrx_word' id='word_1_298' title='bbox 396 4013 426 4073; x_wconf 92' lang='lat' dir='ltr'>in</span> <span class='ocrx_word' id='word_1_299' title='bbox 452 4033 485 4073; x_wconf 93' lang='lat' dir='ltr'>se</span> <span class='ocrx_word' id='word_1_300' title='bbox 519 4013 697 4088; x_wconf 79' lang='lat' dir='ltr'>continens,</span> <span class='ocrx_word' id='word_1_301' title='bbox 730 4033 803 4074; x_wconf 92' lang='lat' dir='ltr'>cum</span> <span class='ocrx_word' id='word_1_302' title='bbox 838 4013 903 4073; x_wconf 90' lang='lat' dir='ltr'>suis</span> <span class='ocrx_word' id='word_1_303' title='bbox 937 4012 1130 4073; x_wconf 92' lang='lat' dir='ltr'>utilitatibus</span> <span class='ocrx_word' id='word_1_304' title='bbox 1163 4026 1193 4071; x_wconf 87' lang='lat' dir='ltr'>et</span> <span class='ocrx_word' id='word_1_305' title='bbox 1225 4011 1432 4092; x_wconf 90' lang='lat' dir='ltr'>pertinenciis</span> 
     </span>
     <span class='ocr_line' id='line_1_35' title="bbox 162 4117 1431 4200; baseline -0.001 -20"><span class='ocrx_word' id='word_1_306' title='bbox 162 4118 320 4180; x_wconf 88' lang='lat' dir='ltr'>universis</span> <span class='ocrx_word' id='word_1_307' title='bbox 355 4139 411 4200; x_wconf 91' lang='lat' dir='ltr'>per</span> <span class='ocrx_word' id='word_1_308' title='bbox 436 4119 660 4180; x_wconf 89' lang='lat' dir='ltr'>vendicionem</span> <span class='ocrx_word' id='word_1_309' title='bbox 688 4117 820 4200; x_wconf 89' lang='lat' dir='ltr'>Georgii</span> <span class='ocrx_word' id='word_1_310' title='bbox 846 4118 901 4179; x_wconf 85' lang='lat' dir='ltr'>filii</span> <span class='ocrx_word' id='word_1_311' title='bbox 934 4118 1066 4178; x_wconf 86' lang='lat' dir='ltr'>Fabiani</span> <span class='ocrx_word' id='word_1_312' title='bbox 1093 4132 1122 4178; x_wconf 94' lang='lat' dir='ltr'>et</span> <span class='ocrx_word' id='word_1_313' title='bbox 1148 4117 1349 4198; x_wconf 89' lang='lat' dir='ltr'>Margarethe</span> <span class='ocrx_word' id='word_1_314' title='bbox 1373 4139 1431 4179; x_wconf 92' lang='lat' dir='ltr'>sue</span> 
     </span>
     <span class='ocr_line' id='line_1_36' title="bbox 163 4223 1426 4306; baseline -0.001 -20"><span class='ocrx_word' id='word_1_315' title='bbox 163 4225 320 4286; x_wconf 88' lang='lat' dir='ltr'>consortis</span> <span class='ocrx_word' id='word_1_316' title='bbox 345 4246 380 4286; x_wconf 85' lang='lat' dir='ltr'>ac</span> <span class='ocrx_word' id='word_1_317' title='bbox 406 4224 538 4306; x_wconf 91' lang='lat' dir='ltr'>Georgii</span> <span class='ocrx_word' id='word_1_318' title='bbox 572 4223 627 4285; x_wconf 87' lang='lat' dir='ltr'>filii</span> <span class='ocrx_word' id='word_1_319' title='bbox 655 4225 782 4286; x_wconf 82' lang='lat' dir='ltr'>Andree</span> <span class='ocrx_word' id='word_1_320' title='bbox 815 4224 907 4301; x_wconf 85' lang='lat' dir='ltr'>jurati</span> <span class='ocrx_word' id='word_1_321' title='bbox 933 4224 1080 4285; x_wconf 92' lang='lat' dir='ltr'>moderni</span> <span class='ocrx_word' id='word_1_322' title='bbox 1113 4224 1250 4284; x_wconf 91' lang='lat' dir='ltr'>civitatis</span> <span class='ocrx_word' id='word_1_323' title='bbox 1285 4225 1426 4306; x_wconf 87' lang='lat' dir='ltr'>predicte</span> 
     </span>
     <span class='ocr_line' id='line_1_37' title="bbox 163 4329 1430 4413; baseline -0.001 -21"><span class='ocrx_word' id='word_1_324' title='bbox 163 4332 268 4413; x_wconf 91' lang='lat' dir='ltr'>ipsum</span> <span class='ocrx_word' id='word_1_325' title='bbox 303 4329 455 4412; x_wconf 83' lang='lat' dir='ltr'>(h)ortum</span> <span class='ocrx_word' id='word_1_326' title='bbox 490 4345 520 4392; x_wconf 90' lang='lat' dir='ltr'>et</span> <span class='ocrx_word' id='word_1_327' title='bbox 552 4331 669 4392; x_wconf 88' lang='lat' dir='ltr'>dictam</span> <span class='ocrx_word' id='word_1_328' title='bbox 702 4346 817 4392; x_wconf 89' lang='lat' dir='ltr'>terram</span> <span class='ocrx_word' id='word_1_329' title='bbox 851 4331 939 4413; x_wconf 90' lang='lat' dir='ltr'>prius</span> <span class='ocrx_word' id='word_1_330' title='bbox 971 4331 1145 4391; x_wconf 86' lang='lat' dir='ltr'>literatorie</span> <span class='ocrx_word' id='word_1_331' title='bbox 1178 4331 1430 4412; x_wconf 85' lang='lat' dir='ltr'>possidencium,</span> 
     </span>
     <span class='ocr_line' id='line_1_38' title="bbox 163 4436 1428 4518; baseline 0 -21"><span class='ocrx_word' id='word_1_332' title='bbox 163 4437 336 4498; x_wconf 90' lang='lat' dir='ltr'>Valentino</span> <span class='ocrx_word' id='word_1_333' title='bbox 354 4436 421 4497; x_wconf 89' lang='lat' dir='ltr'>filio</span> <span class='ocrx_word' id='word_1_334' title='bbox 438 4436 552 4518; x_wconf 88' lang='lat' dir='ltr'>prefati</span> <span class='ocrx_word' id='word_1_335' title='bbox 571 4437 705 4499; x_wconf 91' lang='lat' dir='ltr'>Fabiani</span> <span class='ocrx_word' id='word_1_336' title='bbox 730 4437 817 4499; x_wconf 81' lang='lat' dir='ltr'>fratri</span> <span class='ocrx_word' id='word_1_337' title='bbox 838 4439 963 4499; x_wconf 88' lang='lat' dir='ltr'>uterino</span> <span class='ocrx_word' id='word_1_338' title='bbox 981 4453 1011 4498; x_wconf 88' lang='lat' dir='ltr'>et</span> <span class='ocrx_word' id='word_1_339' title='bbox 1029 4438 1148 4498; x_wconf 91' lang='lat' dir='ltr'>carnali</span> <span class='ocrx_word' id='word_1_340' title='bbox 1178 4438 1277 4518; x_wconf 88' lang='lat' dir='ltr'>ipsius</span> <span class='ocrx_word' id='word_1_341' title='bbox 1295 4437 1428 4517; x_wconf 90' lang='lat' dir='ltr'>Georgii</span> 
     </span>
     <span class='ocr_line' id='line_1_39' title="bbox 163 4543 1430 4627; baseline 0.001 -24"><span class='ocrx_word' id='word_1_342' title='bbox 163 4565 220 4626; x_wconf 89' lang='lat' dir='ltr'>per</span> <span class='ocrx_word' id='word_1_343' title='bbox 245 4544 375 4605; x_wconf 91' lang='lat' dir='ltr'>eosdem</span> <span class='ocrx_word' id='word_1_344' title='bbox 401 4564 599 4626; x_wconf 88' lang='lat' dir='ltr'>possessores</span> <span class='ocrx_word' id='word_1_345' title='bbox 628 4546 727 4626; x_wconf 93' lang='lat' dir='ltr'>ipsius</span> <span class='ocrx_word' id='word_1_346' title='bbox 755 4545 863 4626; x_wconf 88' lang='lat' dir='ltr'>(h)orti</span> <span class='ocrx_word' id='word_1_347' title='bbox 889 4559 919 4606; x_wconf 95' lang='lat' dir='ltr'>et</span> <span class='ocrx_word' id='word_1_348' title='bbox 936 4559 1016 4605; x_wconf 90' lang='lat' dir='ltr'>terre</span> <span class='ocrx_word' id='word_1_349' title='bbox 1033 4545 1156 4627; x_wconf 90' lang='lat' dir='ltr'>priores</span> <span class='ocrx_word' id='word_1_350' title='bbox 1181 4543 1307 4621; x_wconf 82' lang='lat' dir='ltr'>factam,</span> <span class='ocrx_word' id='word_1_351' title='bbox 1325 4545 1430 4604; x_wconf 92' lang='lat' dir='ltr'>eidem</span> 
     </span>
     <span class='ocr_line' id='line_1_40' title="bbox 164 4650 1432 4733; baseline -0.001 -21"><span class='ocrx_word' id='word_1_352' title='bbox 164 4651 339 4712; x_wconf 90' lang='lat' dir='ltr'>Valentino</span> <span class='ocrx_word' id='word_1_353' title='bbox 364 4664 411 4711; x_wconf 92' lang='lat' dir='ltr'>est</span> <span class='ocrx_word' id='word_1_354' title='bbox 434 4650 608 4711; x_wconf 90' lang='lat' dir='ltr'>literatorie</span> <span class='ocrx_word' id='word_1_355' title='bbox 634 4650 841 4713; x_wconf 89' lang='lat' dir='ltr'>confirmatus</span> <span class='ocrx_word' id='word_1_356' title='bbox 866 4665 896 4712; x_wconf 93' lang='lat' dir='ltr'>et</span> <span class='ocrx_word' id='word_1_357' title='bbox 921 4653 1069 4712; x_wconf 90' lang='lat' dir='ltr'>roborata</span> <span class='ocrx_word' id='word_1_358' title='bbox 1088 4667 1118 4713; x_wconf 92' lang='lat' dir='ltr'>et</span> <span class='ocrx_word' id='word_1_359' title='bbox 1142 4651 1315 4733; x_wconf 89' lang='lat' dir='ltr'>superinde</span> <span class='ocrx_word' id='word_1_360' title='bbox 1340 4651 1432 4712; x_wconf 90' lang='lat' dir='ltr'>litera</span> 
     </span>
     <span class='ocr_line' id='line_1_41' title="bbox 164 4757 1435 4851; baseline -0.002 -33"><span class='ocrx_word' id='word_1_361' title='bbox 164 4757 374 4839; x_wconf 87' lang='lat' dir='ltr'>privilegialis</span> <span class='ocrx_word' id='word_1_362' title='bbox 397 4770 443 4817; x_wconf 93' lang='lat' dir='ltr'>est</span> <span class='ocrx_word' id='word_1_363' title='bbox 467 4757 572 4817; x_wconf 90' lang='lat' dir='ltr'>eidem</span> <span class='ocrx_word' id='word_1_364' title='bbox 599 4758 771 4819; x_wconf 91' lang='lat' dir='ltr'>Valentino</span> <span class='ocrx_word' id='word_1_365' title='bbox 796 4761 855 4819; x_wconf 91' lang='lat' dir='ltr'>sub</span> <span class='ocrx_word' id='word_1_366' title='bbox 881 4759 1033 4839; x_wconf 89' lang='lat' dir='ltr'>pendenti</span> <span class='ocrx_word' id='word_1_367' title='bbox 1059 4759 1166 4851; x_wconf 76' lang='lat' dir='ltr'>sigillo</span> <span class='ocrx_word' id='word_1_368' title='bbox 1192 4758 1435 4818; x_wconf 90' lang='lat' dir='ltr'>communitatis</span> 
     </span>
    </p>
   </div>
   <div class='ocr_carea' id='block_1_3' title="bbox 164 4879 1324 4986">
    <p class='ocr_par' dir='ltr' id='par_1_6' title="bbox 164 4879 1324 4986">
     <span class='ocr_line' id='line_1_42' title="bbox 164 4879 324 4926; baseline -0.006 0"><span class='ocrx_word' id='word_1_369' title='bbox 164 4879 324 4926; x_wconf 69' lang='lat' dir='ltr'>emanata.</span> 
     </span>
     <span class='ocr_line' id='line_1_43' title="bbox 1307 4952 1324 4986; baseline 0 0"><span class='ocrx_word' id='word_1_370' title='bbox 1307 4952 1324 4986; x_wconf 77' lang='grc'>*</span> 
     </span>
    </p>
   </div>
   <div class='ocr_carea' id='block_1_4' title="bbox 0 0 1593 5364">
    <p class='ocr_par' dir='ltr' id='par_1_7' title="bbox 0 0 1593 5364">
     <span class='ocr_line' id='line_1_44' title="bbox 0 0 1593 5364; baseline 0 0"><span class='ocrx_word' id='word_1_371' title='bbox 0 0 1593 5364; x_wconf 95' lang='lat' dir='ltr'> </span> 
     </span>
    </p>
   </div>
  </div>
 </body>
</html>
