3142 5356
681 382 767 437 Anno
793 390 880 454 [435.
1349 376 1407 437 281
1510 331 1516 348 ·

146 606 180 654 et
203 591 322 654 fundos
352 591 529 653 liberorum
562 590 699 652 condam
725 590 816 652 Pauli
848 590 1115 652 molendinatoris
1147 605 1179 652 et
1204 589 1335 672 Georgii
1361 590 1412 651 Pi·

149 697 291 778 kowich‚
314 700 354 761 ab
379 718 453 778 una,
478 711 508 760 et
526 710 615 780 parte
640 699 679 758 ab
696 697 795 760 altera
819 697 994 759 liberorum
1020 696 1197 759 Clementis
1221 697 1413 759 balneatoris

146 805 268 884 habite,
293 824 391 866 unam
407 818 554 886 quartam
571 803 657 865 curie
681 803 713 864 in
737 822 771 864 se
795 804 1024 882 continentem,
1048 802 1207 885 Gregorio
1231 803 1316 864 dicto
1334 803 1411 865 Mali

148 931 209 995 pro
234 910 480 993 quatuordecim
504 929 577 972 cum
597 909 704 972 medio
722 909 792 973 flor.
809 911 877 972 auri
894 910 1108 972 vendiderunt
1132 924 1286 992 perpetuo
1310 910 1411 992 possi·

145 1018 287 1081 dendam
312 1038 349 1080 ex
373 1036 531 1080 consensu
556 1017 736 1078 vicinorum
760 1017 988 1099 predictorum.

255 1125 333 1186 ltem
366 1123 559 1185 Benedictus
582 1122 703 1203 juratus
726 1124 901 1185 modernus
918 1122 1003 1185 filius
1029 1123 1192 1185 Michaelis
1216 1138 1247 1186 et
1264 1122 1409 1206 Mathyas

150 1232 255 1293 dictus
287 1231 404 1292 Farkas
436 1229 520 1291 filius
552 1229 701 1311 Gregorii
730 1251 767 1291 ac
791 1230 877 1291 lwan
902 1230 1005 1292 dictus
1037 1229 1189 1292 Jalchiew
1220 1228 1306 1291 filius
1338 1230 1405 1292 Ste-

147 1337 259 1420 phani,
283 1337 446 1418 quandam
472 1335 605 1397 domum
627 1337 723 1397 simul
747 1356 820 1397 curn
852 1335 954 1397 fundo
978 1351 1008 1398 et
1032 1334 1205 1413 hedificiis,
1237 1356 1299 1418 que
1331 1355 1406 1396 con-

147 1443 224 1505 dam
250 1443 360 1505 Jacobi
387 1443 518 1525 Konyar
542 1440 713 1523 prefuerat,
746 1443 887 1503 mediam
919 1443 1040 1504 curiam
1065 1443 1153 1504 inse
1178 1443 1409 1520 continentem,

147 1550 226 1632 ipsis
258 1568 316 1631 pro
340 1548 457 1610 debitis
489 1567 600 1609 eorum
629 1567 686 1630 per
717 1568 776 1609 nos
807 1549 903 1609 vendi
934 1563 1095 1627 statutam,
1120 1547 1262 1628 Georgio
1294 1548 1408 1609 sartori

147 1654 216 1718 filio
250 1653 428 1732 Michaelis,
453 1673 539 1716 novo
570 1655 695 1716 concivi
727 1669 848 1733 nostro,
880 1655 1094 1717 vendiderunt
1125 1668 1280 1737 perpetuo
1307 1655 1409 1737 possi·

147 1761 289 1824 dendam
315 1781 354 1823 ex
377 1779 536 1822 consensu
561 1761 753 1822 vicinorum.

254 1866 333 1929 ltem
366 1867 479 1928 Paulia
514 1867 622 1928 relicta
654 1880 684 1927 et
717 1867 817 1928 Elena
854 1865 918 1927 filia
955 1867 1092 1929 condam
1125 1866 1216 1929 Pauli
1248 1867 1413 1948 piscatoris

148 1974 312 2055 quandam
339 1974 464 2034 vineam
491 1992 600 2034 earum
625 1973 658 2033 in
689 1973 851 2034 territorio
876 1973 1014 2035 civitatis
1037 1974 1119 2035 inter
1144 1974 1253 2035 vineas
1279 1973 1408 2056 Mathye

149 2079 268 2141 sutoris
291 2077 349 2140 filii
375 2078 515 2139 Ladislai
540 2092 570 2140 et
594 2077 714 2161 prefate
734 2079 835 2139 Elene
859 2079 1003 2140 mulieris
1027 2079 1179 2158 habitam,
1203 2098 1276 2141 curn
1301 2099 1411 2141 secura

148 2186 262 2248 semita
294 2199 325 2247 et
357 2185 428 2247 aliis
459 2186 525 2246 suis
559 2185 752 2247 utilitatibus
786 2200 816 2247 et
847 2186 1053 2267 pertinenciis
1085 2186 1241 2247 universis
1271 2187 1415 2268 predicto

149 2293 281 2374 Mathye
313 2292 413 2354 sutori
445 2311 504 2374 pro
527 2305 649 2374 septem
682 2291 751 2353 flor.
784 2293 854 2353 auri
888 2292 1103 2354 vendiderunt
1134 2307 1290 2375 perpetuo
1315 2292 1414 2375 possi·

150 2399 304 2462 dendarn.

246 2619 329 2690 ltem
357 2618 500 2689 sabbato
528 2616 680 2706 proximo
711 2625 788 2706 post
816 2617 938 2688 festum
967 2616 1198 2689 conversionis
1226 2620 1314 2690 beati

645 2741 739 2814 Pauli
767 2741 921 2831 apostoli.

661 2901 727 2972 (29.
743 2897 911 2972 januarii).

260 3038 337 3100 ltem
363 3037 502 3119 quedam
528 3036 655 3115 domus,
680 3036 799 3098 fundus
821 3051 851 3098 et
867 3034 1017 3099 hedificia
1041 3037 1174 3120 provide
1191 3037 1328 3100 condam
1346 3056 1415 3098 mu·

149 3147 240 3210 lieris
264 3145 442 3229 Elyzabeth
467 3144 576 3206 relicte
601 3144 738 3205 condam
764 3145 890 3206 Nicolai
909 3144 1135 3226 Lippouschak
1153 3145 1272 3207 sororis
1289 3144 1416 3206 discreti

150 3253 212 3314 viri
237 3252 362 3314 domini
387 3251 476 3312 Pauli
503 3250 671 3332 presbiteri
703 3251 834 3332 plebani
859 3250 898 3311 de
923 3251 1110 3333 Ztulbycza,
1135 3251 1167 3311 in
1193 3250 1321 3312 civitate
1346 3269 1415 3332 pre·

151 3360 238 3422 dicta
266 3360 348 3420 inter
372 3358 488 3419 domos
512 3371 543 3417 et
574 3355 693 3417 fundos
725 3357 900 3417 liberorum
933 3356 1070 3418 condam
1097 3355 1262 3419 Michaelis
1286 3356 1417 3418 cultoris

150 3481 183 3529 et
215 3466 314 3528 Blasii
347 3462 502 3526 carnificis
534 3463 610 3524 dicti
645 3461 825 3541 Guschich‚
858 3465 897 3524 ab
931 3482 993 3524 una
1023 3477 1121 3544 parte,
1153 3466 1193 3525 ab
1218 3464 1316 3525 altera
1341 3481 1417 3525 vero

151 3570 353 3653 Margarethe
386 3570 495 3631 relicte
520 3569 700 3630 Sebastiani
733 3570 808 3630 dicti
834 3570 958 3654 Ztoyko
988 3589 1023 3631 ac
1050 3570 1188 3631 Emerici
1214 3569 1415 3652 Remethyeh

150 3678 271 3756 habita,
303 3690 366 3738 tres
402 3690 530 3757 quartas
562 3676 647 3737 curie
672 3677 704 3736 in
736 3696 769 3737 se
801 3677 979 3753 continens,
1011 3696 1083 3737 cum
1115 3677 1180 3738 suis
1213 3676 1417 3759 pertinenciis

150 3784 288 3847 Nicolao
313 3783 512 3865 carpentario
536 3780 604 3843 filio
629 3783 754 3843 Nicolai
774 3783 888 3844 ultimo
913 3782 1047 3843 domino
1066 3797 1097 3843 et
1118 3783 1233 3844 marito
1257 3784 1417 3865 legittimo

151 3891 253 3973 ipsius
278 3889 467 3971 Elyzabeth‚
492 3888 555 3969 jam
589 3908 674 3950 novo
703 3889 827 3950 concivi
861 3901 982 3966 nostro,
1005 3908 1061 3971 per
1092 3889 1293 3970 legacionem
1319 3890 1418 3972 ipsius

152 3995 331 4082 Elyzabeth
356 4010 401 4057 est
425 4009 541 4058 statuta
565 4010 720 4077 perpetuo
745 3996 950 4076 possidenda.

259 4103 337 4165 ltern
370 4103 541 4184 religiosus
575 4102 623 4162 vir
656 4101 751 4163 frater
783 4102 944 4164 lohannes
977 4105 1075 4164 abbas
1107 4104 1292 4165 monasterii
1327 4105 1416 4164 beate

153 4211 254 4272 Maris
271 4229 397 4291 semper
415 4210 557 4290 virginis,
576 4208 737 4289 quandam
756 4209 882 4270 vineam
896 4229 986 4271 suam
1001 4210 1259 4272 condicionalem
1278 4211 1310 4271 in
1328 4210 1416 4270 terri·

151 4317 236 4378 torio
253 4315 390 4379 civitatis
407 4316 488 4376 inter
512 4316 622 4376 vineas
641 4315 788 4375 similiter
813 4316 1053 4378 condicionales
1070 4317 1229 4379 Francisci
1256 4317 1362 4379 claudi
1387 4330 1418 4378 et

154 4424 245 4485 Pauli
263 4422 427 4505 Pauichyn
445 4423 520 4484 dicti
538 4423 691 4500 habitam,
709 4423 845 4504 desuper
869 4424 954 4484 avia
977 4426 1141 4486 communi
1167 4440 1197 4485 et
1215 4424 1295 4486 infra
1315 4443 1415 4506 usque

153 4529 306 4608 rivulum,
323 4548 396 4591 cum
413 4529 553 4610 virgulto
571 4529 676 4589 eidem
695 4529 787 4590 vinee
816 4529 991 4610 subjacenti
1014 4550 1048 4590 se
1065 4531 1278 4609 extedentem,
1293 4531 1417 4593 Briccio

153 4635 252 4717 judici
276 4633 345 4697 filio
370 4636 536 4697 Benedicti
561 4637 619 4696 sub
652 4655 748 4696 censu
781 4636 875 4696 unius
899 4654 972 4695 cum
1006 4636 1114 4697 medio
1146 4636 1215 4698 flor.
1240 4637 1279 4698 de
1304 4636 1416 4698 eadem

154 4742 248 4803 vinea
281 4742 469 4803 comitatum
503 4742 542 4802 ad
579 4758 722 4804 nostrum
757 4742 922 4802 annuatim
955 4760 1081 4822 semper
1112 4743 1326 4824 persolvendo
1360 4761 1418 4826 pro

154 4848 296 4910 sedecim
320 4846 390 4912 flor.
415 4849 483 4911 auri
509 4849 656 4915 vendidit
680 4862 837 4934 perpetuo
860 4847 1099 4930 possidendam.
