3142 5356
658 363 744 419 Anno
765 372 855 440 1435.
1059 443 1062 449 Ι
1325 376 1387 442 279

123 571 263 634 civitatis
286 571 408 654 prefate
424 591 525 655 prope
549 572 683 635 fluvium
701 573 795 635 ste
812 573 844 634 in
866 572 942 634 villa
959 570 1110 633 videlicet
1126 571 1287 652 Pobresya
1304 571 1387 634 inter

122 678 282 741 sessiones
312 678 458 740 similiter
489 678 709 761 jobagionales
735 699 791 741 seu
823 679 893 740 loca
925 677 1110 740 sessionalia
1142 677 1309 739 Michaelis
1340 677 1386 758 ju·

122 784 204 847 dicis
228 783 286 847 lilii
311 785 489 848 Sebastiani
513 787 553 848 ab
578 787 712 864 oriente,
736 787 776 847 ab
798 785 965 848 occidente
989 797 1096 847 autem
1122 784 1205 846 inter
1228 784 1298 846 loca
1323 803 1386 846 ses-

121 892 258 955 sionalia
282 913 339 955 seu
370 907 468 955 terras
500 907 606 956 nostre
638 893 879 956 communitatis
911 893 1047 971 habitas,
1070 892 1167 954 simul
1191 912 1265 953 cum
1294 892 1387 955 terris

121 999 298 1061 arabilibus
323 1000 486 1083 Delnycze
518 1014 549 1062 et
574 1000 799 1085 Srebynnycze
832 1000 972 1077 vocatis;
1004 999 1081 1061 item
1107 999 1261 1080 quasdam
1286 1013 1386 1061 terras

120 1106 261 1168 arabiles
284 1106 426 1189 ipsarum
451 1107 485 1169 in
509 1107 624 1169 eodem
649 1107 809 1169 territorio
841 1125 942 1189 prope
967 1106 1146 1188 predictum
1171 1106 1331 1188 Pobresye
1355 1118 1387 1167 et

119 1211 206 1275 inter
229 1211 344 1274 fluvios
369 1211 536 1275 Borchena
561 1213 667 1275 mlaka
692 1227 723 1274 et
747 1213 916 1296 Thysycza
945 1212 1058 1292 dictos,
1081 1213 1141 1273 sub
1166 1231 1275 1273 earum
1299 1211 1384 1293 prio·

119 1318 211 1379 ribus
235 1318 318 1380 veris
343 1333 374 1380 et
390 1319 532 1401 antiquis
556 1319 661 1399 metis,
677 1320 764 1401 juxta
781 1334 930 1381 contenta
947 1320 1111 1381 literarum
1135 1317 1384 1401 privilegialium

117 1444 179 1507 pro
204 1439 292 1506 parte
317 1427 459 1508 ipsarum
476 1425 649 1508 superinde
674 1424 892 1488 confectarum
910 1441 993 1488 recte
1018 1439 1049 1487 et
1073 1425 1230 1506 equaliter
1253 1424 1383 1485 interae

119 1530 299 1593 diviserunt
321 1546 480 1615 perpetuo
497 1533 691 1615 possidenda
717 1547 747 1594 et
765 1546 838 1594 sunt
862 1532 975 1594 eedem
991 1532 1082 1594 litere
1106 1530 1258 1615 pendenti
1276 1530 1384 1612 sigillo

118 1638 362 1700 communitatis
386 1638 573 1702 confirmate
597 1639 725 1701 nemine
750 1640 879 1722 penitus
901 1638 1149 1701 contradicente.

227 1744 306 1807 Item
332 1744 477 1807 Thomas
493 1744 578 1807 filius
594 1746 722 1807 Andree
747 1746 878 1808 totalem
896 1746 1084 1828 porcionem
1107 1743 1273 1806 cuiusdam
1291 1741 1382 1804 fundi

118 1853 153 1914 in
179 1852 250 1914 vico
276 1852 425 1914 exteriori
452 1853 558 1914 lutoso
591 1853 726 1914 civitatis
743 1851 865 1935 prefate
882 1853 965 1914 inter
989 1853 1104 1914 domos
1128 1865 1160 1913 et
1183 1849 1300 1912 fundos
1317 1855 1381 1912 An·

118 1957 224 2020 thonii
249 1956 341 2038 fabri,
365 1959 405 2021 ab
438 1979 501 2020 una
526 1973 614 2042 parte
647 1973 678 2021 et
701 1973 790 2042 parte
822 1961 862 2021 ab
894 1960 992 2021 altera
1015 1958 1145 2020 Andree
1169 1957 1300 2020 cultoris
1323 1955 1381 2019 filii

116 2065 204 2127 Petri
236 2063 344 2128 habite
367 2079 398 2127 et
429 2066 603 2143 existentis,
639 2086 656 2127 a
689 2080 777 2148 parte
802 2066 879 2128 dicti
911 2064 1003 2128 fundi
1036 2080 1068 2127 et
1091 2065 1207 2127 domus
1238 2063 1382 2126 annotati

118 2170 249 2232 Andree
273 2171 378 2250 sitam,
402 2191 499 2233 unam
518 2185 664 2253 quartam
689 2172 775 2234 curie
799 2172 832 2233 in
852 2192 885 2234 se
902 2172 1130 2252 continentem,
1155 2191 1219 2253 que
1243 2170 1381 2232 condam

117 2274 252 2358 Agyche
277 2276 422 2338 mulieris
445 2276 616 2361 prefuerat,
642 2277 784 2360 Georgio
816 2279 908 2341 aliter
933 2278 1042 2342 Gurak
1074 2293 1187 2340 vocato
1211 2276 1278 2340 filio
1302 2278 1380 2340 slte-

116 2383 184 2446 rius
209 2383 293 2445 Petri
319 2383 416 2445 aliam
440 2386 627 2467 porcionem
654 2385 796 2467 ejusdem
822 2383 925 2464 fundi,
949 2406 1047 2447 uuam
1071 2386 1217 2448 similiter
1234 2399 1380 2467 quartam

117 2489 206 2553 curie
231 2489 263 2551 in
288 2509 322 2552 se
347 2491 550 2571 continentis,
575 2511 633 2574 pro
665 2506 787 2574 septem
816 2490 885 2554 flor.
918 2493 986 2554 auri
1015 2491 1160 2554 vendidit
1192 2492 1379 2554 auctoritate

117 2596 337 2659 commissario
363 2613 519 2680 perpetuo
543 2598 782 2680 possidendam.

224 2702 301 2764 Item
327 2703 460 2785 quidam
485 2703 603 2766 fundus
632 2705 735 2767 civilis
766 2725 884 2768 vacuus
908 2720 939 2767 et
971 2704 1127 2768 hedificiis
1151 2704 1320 2767 destitutus
1345 2705 1379 2766 in

116 2809 188 2870 vico
214 2810 363 2871 exteriori
388 2809 623 2893 lutifigulorum
653 2813 734 2874 inter
766 2811 885 2874 fundos
908 2827 939 2875 et
972 2812 1088 2874 domos
1111 2811 1290 2874 Clementis
1313 2811 1378 2873 cul·

116 2915 195 2977 toris
219 2931 249 2977 et
274 2915 426 3002 Symonis
450 2918 598 2980 similiter
621 2920 753 2981 cultoris
777 2919 915 2998 habitus,
940 2939 1037 2981 unam
1065 2933 1212 3000 quartam
1235 2918 1321 2980 curie
1345 2919 1379 2980 in

116 3041 150 3083 se
175 3022 353 3102 continens,
371 3024 427 3104 qui
452 3025 589 3086 condam
607 3025 731 3087 domini
758 3026 923 3087 Benedicti
941 3025 1087 3088 canonici
1111 3025 1245 3087 ecclesie
1269 3044 1378 3106 zagra·

117 3127 236 3190 biensis
259 3142 291 3191 et
314 3129 444 3211 plebani
469 3130 603 3193 ecclesie
632 3132 731 3193 sancti
764 3131 920 3193 lobannis
945 3131 1084 3213 Baptiste
1116 3129 1287 3213 prefuerat,
1319 3150 1377 3213 pro

116 3251 182 3295 non
213 3234 380 3297 solucione
411 3236 578 3298 daciorum
610 3253 640 3300 et
673 3239 809 3299 aliorum
843 3238 1024 3300 debitorum
1057 3251 1088 3300 et
1119 3253 1376 3320 opportunorum

114 3339 323 3402 serviciorum
350 3355 533 3404 nostrorum
551 3345 773 3405 communium
794 3364 890 3426 super
906 3344 1171 3407 communitatem
1196 3343 1377 3423 devolutus,

115 3464 172 3528 per
195 3445 331 3508 eandem
356 3450 623 3511 communitatem
656 3450 832 3512 Benedicto
864 3450 968 3531 jurato
992 3463 1103 3512 nostro
1128 3449 1285 3511 moderno
1308 3447 1376 3512 filio

116 3551 283 3614 Michaelis
307 3568 354 3616 est
377 3555 526 3618 venditus
549 3570 705 3638 perpetuo
730 3556 954 3639 possidendus.

222 3658 300 3722 ltem
325 3661 457 3743 quidam
482 3660 601 3724 fundus
624 3663 727 3724 civilis
751 3664 847 3725 simul
877 3683 950 3725 cum
974 3663 1092 3725 celario
1114 3664 1321 3724 subterraneo
1346 3676 1377 3725 et

113 3763 271 3827 hedificiis
295 3767 326 3829 in
352 3768 423 3829 vico
456 3769 604 3831 exteriori
628 3790 683 3832 seu
709 3770 812 3851 platea
841 3771 943 3832 lutosa
969 3771 1051 3832 inter
1075 3768 1211 3831 fundum
1236 3789 1375 3832 vacuum

113 3871 235 3933 Mathei
260 3871 428 3955 freniparis
452 3890 483 3937 et
500 3876 599 3937 Lucie
623 3877 731 3938 relicte
756 3878 893 3940 condam
918 3876 1048 3956 Mathei‚
1073 3879 1112 3938 ab
1131 3896 1193 3937 una
1217 3891 1317 3959 parte,
1335 3878 1375 3938 ab

112 3978 214 4040 altera
237 3999 315 4042 vero
341 3982 487 4044 Barnabe
510 3984 619 4064 generi
646 3983 759 4046 Thuri<
784 3985 911 4047 habitus
936 4000 966 4045 et
990 3985 1137 4062 existens,
1163 3984 1304 4045 mediam
1321 4004 1374 4045 cu·

114 4085 195 4147 riam
220 4087 260 4148 ad
287 4107 380 4150 usum
406 4090 541 4151 civitatis
574 4091 715 4173 predicte
747 4093 837 4154 inse
868 4092 1046 4170 continens,
1070 4091 1125 4172 qui
1150 4091 1287 4152 condam
1312 4092 1375 4152 Ka-

111 4192 226 4276 thycze
252 4195 385 4257 muleris
408 4196 570 4279 prefuerat
594 4212 625 4259 et
642 4217 699 4280 pro
725 4219 789 4260 non
815 4198 982 4259 solucione
1000 4197 1163 4258 daciorum
1189 4211 1221 4259 et
1236 4198 1374 4259 aliorum

112 4299 296 4363 debitorum
332 4315 363 4364 et
397 4318 655 4386 opportunorum
691 4305 901 4366 serviciorum
933 4317 1119 4366 nostrorum
1150 4304 1374 4365 communium

112 4425 208 4488 super
232 4410 498 4471 communitatem
531 4410 702 4472 devolutus
734 4424 765 4472 et
795 4411 1003 4487 redundatas,
1029 4429 1101 4472 curn
1135 4411 1286 4471 omnibus
1310 4412 1375 4472 suis

113 4512 304 4575 utilitatibus
333 4531 363 4576 et
390 4517 598 4599 pertinenciis
626 4517 782 4579 universis
801 4518 922 4582 Jacobo
950 4518 1040 4580 aliter
1058 4517 1172 4579 laxino
1196 4518 1282 4579 dicto
1307 4517 1375 4579 filio

113 4618 267 4682 Iohannis
299 4621 373 4683 dicti
411 4623 511 4705 Bolye
543 4644 601 4707 pro
632 4623 865 4707 persolucione
895 4625 1107 4709 predictorum
1144 4624 1310 4686 daciorum
1343 4640 1374 4687 et

112 4725 250 4787 aliorum
283 4729 492 4791 serviciorum
525 4730 751 4794 communium
783 4735 1045 4823 supradictorum
1069 4746 1114 4794 est
1144 4731 1290 4793 venditus
1322 4751 1377 4816 per

115 4833 253 4898 eandem
279 4838 542 4904 communitatem
571 4853 730 4935 perpetuo
755 4844 991 4938 possidendus.
