3142 5356
752 329 838 384 Anno
861 337 950 402 1427.

219 537 335 599 domos
359 551 390 598 et
413 534 530 598 fundos
554 537 696 599 virorum
722 536 931 619 providorum
959 538 1087 598 Martini
1112 538 1228 599 sutoris
1253 552 1284 598 et
1308 539 1479 599 liberorum

219 663 274 705 seu
299 663 518 705 successorum
542 644 681 704 condam
706 642 862 704 Anthonii
895 643 1011 704 sutoris
1034 643 1177 723 alterius,
1201 643 1359 721 habitam,
1385 664 1477 705 unam

218 765 364 832 quartam
389 751 420 812 in
445 770 478 812 se
503 750 689 829 habentem,
723 750 831 811 Blasio
862 751 962 812 sutori
997 751 1084 812 dicto
1109 751 1292 834 Forgasych
1318 771 1379 834 pro
1404 766 1481 812 certa

219 857 427 938 pecuniarum
451 857 629 938 quantitate
662 856 864 934 vendiderat,
898 857 1050 938 idemque
1077 857 1202 919 Blasius
1226 859 1286 940 ipsi
1315 858 1478 919 Elisabeth

219 963 346 1024 mulieri
372 983 430 1045 pro
454 983 507 1025 sex
532 962 601 1025 flor.
626 964 695 1025 auri
720 963 909 1025 vendiderat
933 962 1019 1043 juxta
1044 965 1352 1046 comprobacionem
1378 965 1427 1025 sui
1452 966 1480 1024 in

219 1069 283 1131 alio
300 1071 432 1131 katerno
449 1084 559 1132 nostro
577 1070 720 1150 judiciali
738 1071 1000 1151 comprobatam
1020 1070 1094 1132 ideo
1119 1090 1178 1131 nos
1194 1071 1334 1133 eandem
1351 1071 1481 1132 domum

220 1177 278 1259 ipsi
304 1177 470 1238 Elizabeth
496 1178 665 1239 statuimus
689 1191 846 1258 perpetuo
871 1176 1112 1259 possidendam.

325 1285 402 1346 ltem
429 1284 621 1346 Benedictus
646 1283 745 1345 ruffus
772 1285 914 1346 concivis
945 1299 1054 1346 noster
1078 1284 1225 1346 vendidit
1249 1286 1415 1367 quandam
1440 1287 1481 1346 vi-

219 1409 312 1451 neam
336 1410 426 1452 suam
453 1391 484 1452 in
510 1391 671 1452 territorio
695 1391 830 1452 civitatis
863 1391 945 1452 inter
968 1391 1079 1452 vineas
1103 1391 1194 1452 Pauli
1218 1391 1480 1453 Charanthouich

219 1509 250 1558 et
274 1496 449 1577 virgultum
475 1497 571 1558 Blasii
592 1496 649 1558 filii
674 1497 818 1558 eiusdem
846 1498 935 1557 Pauli
953 1497 1106 1574 habitam,
1124 1497 1261 1579 desuper
1286 1519 1303 1558 a
1329 1499 1380 1558 via
1398 1517 1480 1560 com·

219 1603 308 1663 muni
335 1599 414 1664 infra
440 1622 541 1684 usque
566 1603 706 1664 rivulum
731 1623 764 1663 se
797 1603 1037 1682 extendentem,
1061 1622 1134 1664 cum
1160 1604 1303 1683 virgulto
1325 1605 1387 1665 sibi
1412 1606 1480 1666 sub·

219 1708 335 1790 jacenti
359 1723 390 1771 et
414 1709 485 1769 aliis
509 1709 574 1769 suis
591 1710 797 1790 pertinenciis
815 1709 960 1769 vendidit
985 1709 1158 1772 Valentino
1183 1709 1251 1771 filio
1278 1711 1378 1772 Marci
1396 1709 1478 1772 alfini

219 1834 278 1876 suo
303 1835 360 1896 pro
385 1815 556 1876 duodecim
582 1815 652 1877 flor.
677 1817 757 1892 auri,
782 1816 929 1876 vendidit
954 1831 1110 1897 perpetuo
1135 1817 1379 1898 possidendam.

326 1921 403 1983 ltem
429 1920 613 1982 Anthonius
636 1920 721 1982 fitius
746 1921 874 1983 Andree
892 1922 1035 1983 concivis
1059 1937 1166 1985 noster
1190 1923 1340 1984 vendidit
1364 1923 1480 1984 medie·

219 2041 316 2090 tatem
349 2027 514 2089 cuiusdam
548 2027 665 2088 domus
689 2042 719 2089 et
753 2027 842 2089 fundi
876 2049 911 2089 ac
943 2029 1051 2090 celarii
1085 2030 1115 2089 in
1148 2031 1221 2091 vico
1253 2029 1478 2091 Theutonicali

220 2134 301 2196 inter
324 2149 354 2195 et
378 2153 476 2216 penes
500 2135 614 2195 domos
640 2149 670 2195 et
695 2133 813 2195 fundos
838 2135 992 2216 Stephani
1026 2134 1266 2198 Skerchkouich
1292 2157 1328 2197 ac
1355 2137 1478 2198 Thome

220 2238 377 2302 carnificis
401 2253 432 2302 et
456 2240 632 2301 liberorum
658 2239 812 2322 Stephani
840 2241 989 2302 similiter
1019 2241 1186 2320 carnificis,
1210 2262 1308 2304 unam
1334 2241 1479 2303 videlicet

220 2359 377 2426 quartam,
403 2365 419 2405 a
445 2361 531 2425 parte
550 2346 626 2406 dicti
645 2345 798 2427 Stephani
816 2347 919 2425 sitam,
943 2361 1060 2409 rectam
1086 2363 1116 2410 et
1140 2349 1302 2429 equalem,
1327 2368 1402 2410 cum
1419 2349 1479 2409 suis
1533 2363 1569 2397 -·

219 2451 423 2532 pertinenciis
448 2452 556 2512 Marco
582 2450 720 2512 carnifici
745 2472 866 2533 genero
890 2473 949 2514 suo
973 2452 1041 2515 filio
1067 2453 1199 2536 Georgii
1224 2474 1284 2536 pro
1309 2454 1478 2516 duodecim
1551 2488 1564 2505 ι

219 2559 334 2618 marcis
358 2557 564 2618 denariorum
590 2558 736 2619 vendidit
767 2573 922 2641 perpetuo
956 2560 1195 2641 possidendam,
1218 2561 1306 2621 salva
1331 2562 1393 2622 alia
1418 2581 1480 2623 me·
1498 2586 1561 2601 μ’

219 2665 335 2725 dietate
360 2664 504 2725 eiusdem
529 2665 656 2740 domus,
671 2663 761 2726 fundi
787 2680 818 2727 et
834 2667 953 2742 celarii,
977 2686 1039 2727 una
1064 2667 1212 2729 similiter
1236 2683 1361 2748 quarta,
1386 2684 1556 2750 quama-

220 2771 409 2831 Dominicus
433 2771 537 2831 dictus
562 2771 678 2832 Hresth
703 2772 880 2833 dinoscitur
904 2773 1079 2834 literatorie
1105 2774 1279 2855 possidete.

325 2877 401 2938 ltem
421 2877 614 2938 Benedictus
631 2892 719 2939 sutor
740 2877 824 2939 filius
841 2879 1015 2957 Valentini,
1034 2880 1175 2941 concivis
1192 2895 1309 2957 noster,
1335 2881 1522 2942 vendidit:

219 2983 422 3044 medietatem
449 2983 613 3044 cuiusdam
632 2983 758 3061 domus,
784 2983 873 3046 fundi
899 3000 929 3045 et
954 2985 1175 3047 hedificiorum
1195 2987 1225 3046 in
1251 2985 1336 3047 dicta
1356 2987 1519 3048 civitate

220 3090 301 3149 inter
333 3087 461 3166 fundos,
494 3090 610 3150 domos
642 3104 672 3149 et
704 3091 807 3150 curias
838 3091 1012 3153 liberorum
1039 3106 1069 3153 et
1100 3111 1320 3153 successorum
1346 3094 1499 3154 condam

220 3196 372 3278 Symonis
396 3196 472 3256 dicti
498 3195 663 3273 Chestnik,
688 3197 728 3256 ab
752 3216 825 3274 una,
851 3213 881 3258 et
897 3197 1059 3260 Valentini
1088 3219 1123 3259 ac
1148 3198 1277 3260 Andree
1302 3199 1343 3260 de
1368 3200 1498 3261 wlto-

219 3303 326 3363 merch
352 3317 532 3362 nostrorum
558 3303 739 3362 concivium
757 3304 796 3363 ab
826 3304 923 3365 altera
949 3305 1094 3386 partibus
1118 3305 1224 3366 habite
1249 3318 1280 3364 et
1309 3306 1489 3379 existentis,

220 3410 359 3471 mediam
385 3410 505 3470 curiam
538 3410 569 3469 in
602 3429 636 3470 se
668 3411 879 3487 continentis,
911 3430 1007 3471 unam
1032 3410 1181 3472 videlicet
1212 3425 1362 3493 quartam
1394 3413 1483 3473 inse

219 3517 448 3594 continentem,
473 3535 544 3576 cum
570 3515 635 3575 suis
659 3516 864 3596 pertinenciis
888 3517 997 3577 Marco
1020 3515 1089 3578 filio
1114 3516 1258 3592 Adriani,
1284 3517 1349 3595 jam
1375 3532 1478 3580 nostro

219 3624 354 3701 concivi,
381 3643 439 3705 pro
464 3623 574 3683 decem
593 3637 623 3683 et
647 3637 768 3704 septem
788 3623 894 3703 pensis
911 3624 1129 3702 denariorum,
1154 3623 1301 3684 vendidit
1325 3639 1476 3705 perpetuo

219 3730 466 3810 possidendam;
491 3728 716 3809 cuiusquidem
741 3729 857 3789 domus
874 3729 969 3789 aliam
994 3729 1200 3790 medietatem
1225 3728 1377 3790 Vrbanus
1400 3727 1476 3791 filius

221 3835 385 3897 Michaelis
409 3836 448 3896 de
474 3835 628 3919 Jarebych
653 3835 826 3895 literatorie
856 3835 1034 3896 dinoscitur
1058 3835 1231 3917 possidere.

325 3942 402 4003 Item
437 3942 535 4003 Elene
567 3943 694 4003 mulieri
728 3941 791 4002 filie
818 3942 995 4020 Laurentii,
1028 3943 1135 4003 relicte
1168 3941 1306 4002 condam
1334 3940 1475 4022 Gregorii

220 4049 294 4111 dicti
322 4049 509 4126 Paulouich,
534 4049 713 4110 habitatrici
735 4049 880 4126 civitatis,
908 4050 993 4130 juxta
1019 4049 1118 4130 ipsius
1143 4048 1291 4128 Gregorii
1317 4049 1475 4110 verbalem

218 4156 420 4237 legacionem
446 4157 477 4215 in
512 4155 660 4216 extremis
691 4155 754 4216 vite
789 4175 844 4215 sue
876 4155 1063 4236 temporalis
1095 4153 1210 4215 factam
1235 4155 1324 4216 etin
1350 4156 1477 4216 katerno

219 4277 327 4323 nostro
352 4263 516 4322 communi
535 4261 676 4342 judiciali
703 4262 936 4342 consignatam,
961 4261 1066 4322 eidem
1086 4261 1186 4322 Elene
1212 4273 1243 4322 et
1268 4259 1393 4341 Agathe
1418 4259 1477 4322 lilie

219 4389 274 4429 sue
300 4368 433 4428 domum
458 4367 621 4449 quandam
648 4368 678 4427 in
704 4368 775 4427 vico
800 4381 945 4428 sutorum
969 4368 1050 4427 inter
1073 4367 1189 4427 domos
1213 4366 1342 4427 Andree
1367 4378 1399 4428 et
1423 4365 1477 4426 Mi·

220 4475 337 4536 chaelis
361 4489 516 4551 sutorum,
542 4489 723 4534 nostrorum
750 4475 941 4550 concivium,
973 4493 1069 4534 unam
1094 4485 1239 4554 quartam
1266 4472 1298 4533 in
1323 4491 1356 4533 se
1381 4474 1478 4534 conti·

219 4596 359 4659 nentem,
384 4601 455 4642 curn
480 4582 545 4641 suis
569 4582 773 4661 pertinenciis
798 4582 966 4641 statuimus
992 4595 1147 4662 perpetuo
1172 4579 1413 4662 possidendam.

325 4688 400 4749 ltem
421 4687 573 4748 Nicolaus
590 4701 678 4747 sutor
702 4686 786 4747 filius
804 4686 948 4767 Georgii,
973 4687 1115 4748 concivis
1132 4701 1250 4763 noster,
1274 4686 1475 4749 medietatem

219 4795 384 4856 cuiusdam
410 4795 526 4855 domus
550 4807 580 4854 et
605 4791 694 4854 lundi
728 4795 809 4854 inter
834 4794 948 4854 domos
973 4809 1002 4853 et
1036 4791 1153 4854 fundos
1185 4791 1340 4873 Stephani
1364 4793 1475 4854 sutoris
