3142 5356
151 335 191 395 82
682 335 770 393 Anno
792 347 883 412 1395.

150 545 218 608 filio
249 546 393 629 chbyn
419 566 454 607 ac
487 544 616 607 Tbome
649 544 716 607 filio
749 546 921 624 Leonardi‚
949 547 1037 629 quod
1070 547 1130 630 ipsi
1160 549 1297 630 singulis
1322 551 1410 611 annis

150 667 295 735 tempore
320 653 482 714 vindemie
507 667 631 715 sextum
662 652 814 714 cubulum
840 653 904 713 vini
938 653 1013 715 dare
1036 655 1242 734 tenebuntur,
1267 670 1410 738 tempore

150 760 225 821 dicti
252 759 418 821 Johannis.

256 866 334 927 ltem
361 867 471 928 Banko
503 865 587 927 filius
612 865 773 947 chbyalr
799 880 828 926 et
858 866 970 927 Petrus
1001 865 1086 928 filius
1111 868 1236 929 Mateus
1259 869 1411 930 vendide-

150 988 224 1035 runt
249 973 384 1035 fundum
409 994 519 1035 eorum
548 973 647 1034 Paulo
671 970 740 1033 filio
759 973 906 1055 Mykech,
930 988 1075 1055 tempore
1100 975 1176 1036 dicti
1201 975 1369 1040 Johannis.

257 1080 334 1142 ltem
353 1079 513 1162 Georgius
537 1094 682 1160 generet
701 1079 802 1140 Elena
827 1099 957 1141 consors
974 1081 1117 1142 eiusdem
1135 1096 1167 1143 et
1183 1082 1297 1143 Petrus
1314 1097 1413 1145 sartor

150 1205 223 1247 cum
259 1186 459 1268 Margaretba
494 1186 563 1247 eius
595 1185 742 1266 conjuge,
767 1184 894 1247 filiabus
925 1187 1061 1248 condam
1087 1187 1244 1249 Anthonii
1269 1189 1414 1272 Jursycb,

150 1292 368 1354 vendiderunt
390 1307 507 1355 terram
532 1311 644 1353 eorum
670 1291 823 1352 arabilem
841 1291 979 1354 Johanni
1005 1291 1072 1354 filio
1094 1294 1204 1355 lacobi
1229 1294 1307 1356 dicti
1324 1296 1413 1375 Bole‚

108 1429 109 1432 ¹
150 1412 295 1481 tempore
321 1399 398 1459 dicti
424 1397 588 1460 Johannis.

255 1504 333 1567 Item
352 1505 508 1566 Martinus
533 1505 633 1566 Jalcbi
658 1521 688 1567 et
705 1509 797 1566 Anna
824 1525 955 1566 consors
979 1506 1124 1569 eiusdem
1145 1506 1304 1570 dederunt
1321 1528 1412 1590 quas·

150 1611 222 1673 dam
240 1626 338 1672 terras
350 1626 381 1672 et
398 1611 507 1671 vineas
521 1625 552 1672 et
568 1611 664 1672 silvas
681 1612 713 1672 in
728 1611 979 1690 Cbernomercb‚
995 1627 1141 1697 tempore
1158 1613 1234 1676 dicti
1248 1613 1412 1677 Johannis.

255 1717 332 1780 Item
357 1717 506 1778 dedimus
529 1717 637 1778 literas
661 1731 767 1779 nostre
785 1719 1025 1780 communitatis
1053 1739 1148 1801 super
1172 1733 1288 1782 terram
1314 1741 1412 1803 prope

150 1824 308 1906 Pobresya
327 1843 426 1905 prope
442 1837 558 1884 terram
583 1837 689 1885 nostre
714 1825 953 1885 communitatis
970 1827 1156 1887 existentem
1175 1826 1316 1888 Johanni
1335 1826 1412 1889 Gra·

150 1951 208 2013 cyu
240 1945 385 2012 tempore
410 1929 484 1991 dicti
509 1930 664 1991 lobannis
688 1931 740 2007 ita,
773 1930 860 2011 quod
895 1931 962 2011 ipse
986 1952 1082 2013 super
1107 1933 1206 2014 ipsam
1232 1946 1351 1994 terram
1375 1933 1411 1994 li·

149 2050 231 2099 teras
254 2038 402 2118 antiquas
426 2050 549 2097 nostras
574 2036 704 2098 babebit
728 2051 758 2098 et
783 2036 955 2099 exhibebit.

255 2144 331 2205 Item
350 2144 463 2205 Petrus
480 2157 580 2204 sartor
593 2157 624 2204 et
642 2143 786 2205 Andreas
802 2141 940 2205 carnifex
954 2145 1169 2207 vendiderunt
1185 2159 1283 2206 terras
1301 2166 1411 2208 eorum

149 2251 285 2312 arabiles
310 2251 447 2312 Johanni
473 2249 540 2311 filio
566 2251 675 2312 lacobi
694 2250 830 2312 condam
856 2251 965 2329 judici,
981 2265 1127 2333 tempore
1151 2251 1227 2314 dicti
1247 2253 1411 2331 lobannis,

150 2371 180 2418 et
204 2356 344 2418 Maricha
369 2355 433 2417 filia
459 2356 614 2418 Anthonii
640 2356 771 2440 Jursych
796 2357 953 2418 similiter.

255 2465 331 2525 ltem
357 2463 476 2544 Myhen
500 2461 585 2524 filius
610 2464 731 2524 Mareni
758 2462 851 2543 jurati
877 2464 1022 2525 vendidit
1039 2478 1137 2526 terras
1160 2485 1234 2526 suas
1258 2486 1333 2527 curn
1351 2467 1411 2527 vir·

148 2570 239 2651 gulto
264 2572 295 2631 in
321 2569 561 2632 Cbernomerch
588 2569 725 2630 Johanni
762 2568 829 2631 filio
855 2570 964 2631 Jacobi
998 2571 1073 2632 dicti
1099 2571 1177 2632 Bole
1202 2573 1341 2634 condam
1366 2572 1411 2653 ju·

149 2677 223 2755 dici,
247 2692 391 2758 ternpore
416 2677 491 2737 dicti
515 2675 679 2738 Johannis.

254 2783 330 2843 ltem
361 2782 510 2843 dedimus
542 2783 648 2843 literas
680 2797 787 2843 nostre
819 2783 1059 2843 communitatis
1091 2783 1209 2864 Myben
1243 2782 1311 2846 filio
1336 2785 1409 2847 dicti

149 2890 271 2950 Mareni
296 2909 390 2971 super
414 2889 493 2949 duas
515 2902 624 2966 terras,
648 2903 793 2970 tempore
818 2889 893 2950 dicti
919 2888 1084 2950 lobannis.

255 2995 330 3055 Item
357 2995 444 3075 quod
471 2995 545 3075 quia
572 2995 683 3056 Petrus
707 3010 808 3056 sartor
839 3015 909 3055 cum
939 2995 1078 3056 Maricha
1103 2995 1248 3057 eiusdem
1273 2997 1410 3079 conjuge

148 3098 213 3160 filia
238 3101 393 3161 Anthonii
420 3101 565 3182 Jursych,
590 3121 647 3182 pro
672 3101 789 3161 debitis
810 3101 884 3162 dicti
904 3101 1071 3180 Anthonii,
1096 3102 1234 3163 Johanni
1258 3101 1328 3166 filio
1361 3105 1406 3166 Ja-

149 3207 220 3267 cobi
254 3207 416 3269 dedissent
441 3222 472 3268 et
505 3207 725 3268 vendidissent
755 3221 786 3268 et
817 3221 879 3268 tres
912 3207 1012 3268 dietas
1035 3221 1117 3269 terre
1142 3208 1262 3270 ibidem
1296 3230 1354 3291 pro
1378 3230 1409 3272 ae

149 3329 371 3392 reservassent,
397 3315 470 3375 ideo
496 3314 554 3395 ipsi
572 3314 710 3374 Johanni
734 3313 882 3374 dedimus
900 3314 1007 3374 literas
1029 3328 1135 3375 nostre
1160 3316 1409 3394 communitatis,

149 3432 292 3500 tempore
318 3421 392 3481 dicti
419 3420 583 3481 Johannis.

254 3528 332 3590 ltem
355 3528 507 3588 Nicolaus
531 3527 667 3588 condam
694 3526 813 3605 juratus
846 3527 949 3588 dictus
974 3526 1116 3609 Mabnyn
1142 3528 1289 3591 vendidit
1312 3550 1408 3592 unam

149 3649 293 3715 quartam
313 3632 402 3694 fundi
417 3634 465 3694 sui
480 3634 510 3694 in
530 3634 600 3694 vico
617 3633 723 3694 lutoso
739 3633 838 3694 Paulo
853 3634 976 3711 sartori,
991 3647 1135 3715 tempore
1153 3633 1229 3695 dicti
1244 3634 1409 3699 lobannis.

255 3741 330 3800 ltem
357 3740 538 3800 Anthonius
554 3738 638 3800 filius
657 3739 784 3824 Gyliani
804 3740 892 3799 dedit
917 3754 948 3801 et
965 3740 1161 3802 condonavit
1184 3755 1301 3802 terram
1319 3762 1408 3804 suam

149 3847 302 3909 arabilem
329 3847 493 3907 Hermann
517 3845 585 3908 filio
610 3846 765 3908 lobannis
786 3846 877 3923 jurati
902 3845 959 3907 lilii
979 3846 1146 3926 Hermani,
1169 3861 1318 3930 tempore
1335 3849 1408 3912 dicti

149 3954 312 4016 Johannis.

255 4060 332 4120 ltem
357 4059 488 4119 domina
513 4065 606 4120 Anna
632 4060 739 4120 relicta
757 4059 909 4140 Stephani
935 4057 1015 4121 labri
1040 4079 1171 4121 consors
1195 4059 1305 4141 Egidii
1323 4062 1407 4122 sirni-

147 4166 219 4226 liter
243 4164 323 4225 labri
349 4165 437 4225 dedit
461 4186 557 4226 unam
581 4181 727 4247 quartam
752 4164 842 4227 fundi
871 4166 919 4226 sui
946 4165 1062 4246 Egidio
1087 4163 1239 4243 antelato,
1263 4180 1407 4249 tempore

148 4272 222 4332 dicti
248 4271 411 4332 lobannis.

254 4378 329 4437 ltem
355 4378 502 4438 dedimus
526 4378 632 4438 literas
656 4392 778 4438 nostras
798 4379 903 4438 Blasio
924 4377 991 4438 filio
1017 4378 1145 4438 Andree
1169 4376 1209 4438 ad
1235 4375 1409 4441 fassionem

148 4483 302 4544 lobannis
326 4487 413 4566 parvi
442 4505 537 4566 super
568 4484 705 4546 fundum
739 4500 769 4546 et
794 4486 925 4546 domum
961 4500 1130 4562 muratam,
1161 4499 1308 4566 tempore
1333 4486 1410 4548 dicti

147 4589 312 4653 lobannis.

254 4697 330 4758 ltem
356 4697 440 4758 idem
466 4698 589 4759 Blasius
606 4700 752 4761 vendidit
776 4699 870 4761 Gallo
889 4699 1000 4758 sartori
1026 4698 1065 4758 de
1088 4695 1193 4760 Miros
1217 4697 1354 4762 domum
1382 4715 1414 4764 et

147 4802 283 4864 fundum
310 4818 478 4881 muratam,
503 4819 647 4886 tempore
677 4806 752 4866 dicti
778 4805 942 4866 Johannis.
