<?xml version="1.0" encoding="UTF-8"?>
<!DOCTYPE html PUBLIC "-//W3C//DTD XHTML 1.0 Transitional//EN"
    "http://www.w3.org/TR/xhtml1/DTD/xhtml1-transitional.dtd">
<html xmlns="http://www.w3.org/1999/xhtml" xml:lang="en" lang="en">
 <head>
  <title>
</title>
<meta http-equiv="Content-Type" content="text/html;charset=utf-8" />
  <meta name='ocr-system' content='tesseract 3.04.00' />
  <meta name='ocr-capabilities' content='ocr_page ocr_carea ocr_par ocr_line ocrx_word'/>
</head>
<body>
  <div class='ocr_page' id='page_1' title='image "./monumentahistor17laszgoog_0727.png"; bbox 0 0 3142 5356; ppageno 0'>
   <div class='ocr_carea' id='block_1_1' title="bbox 146 516 1432 4330">
    <p class='ocr_par' dir='ltr' id='par_1_1' title="bbox 147 516 1422 1772">
     <span class='ocr_line' id='line_1_1' title="bbox 149 516 1412 603; baseline 0.003 -23"><span class='ocrx_word' id='word_1_1' title='bbox 149 520 324 580; x_wconf 91' lang='lat' dir='ltr'>liberorum</span> <span class='ocrx_word' id='word_1_2' title='bbox 351 519 489 580; x_wconf 84' lang='lat' dir='ltr'>condam</span> <span class='ocrx_word' id='word_1_3' title='bbox 508 518 597 580; x_wconf 87' lang='lat' dir='ltr'>Pauli</span> <span class='ocrx_word' id='word_1_4' title='bbox 624 516 681 579; x_wconf 90' lang='lat' dir='ltr'>filii</span> <span class='ocrx_word' id='word_1_5' title='bbox 699 519 828 581; x_wconf 89' lang='lat' dir='ltr'>Andree</span> <span class='ocrx_word' id='word_1_6' title='bbox 855 519 894 580; x_wconf 91' lang='lat' dir='ltr'>de</span> <span class='ocrx_word' id='word_1_7' title='bbox 912 519 1017 580; x_wconf 90' lang='lat' dir='ltr'>Turre</span> <span class='ocrx_word' id='word_1_8' title='bbox 1041 518 1162 598; x_wconf 91' lang='lat' dir='ltr'>habite,</span> <span class='ocrx_word' id='word_1_9' title='bbox 1188 541 1205 581; x_wconf 91' lang='lat' dir='ltr'>a</span> <span class='ocrx_word' id='word_1_10' title='bbox 1230 536 1321 603; x_wconf 90' lang='lat' dir='ltr'>parte</span> <span class='ocrx_word' id='word_1_11' title='bbox 1337 523 1412 584; x_wconf 88' lang='lat' dir='ltr'>occi·</span> 
     </span>
     <span class='ocr_line' id='line_1_2' title="bbox 147 624 1413 707; baseline 0.003 -20"><span class='ocrx_word' id='word_1_12' title='bbox 147 626 268 687; x_wconf 91' lang='lat' dir='ltr'>dentali</span> <span class='ocrx_word' id='word_1_13' title='bbox 293 624 475 707; x_wconf 89' lang='lat' dir='ltr'>supradicta</span> <span class='ocrx_word' id='word_1_14' title='bbox 499 625 557 685; x_wconf 89' lang='lat' dir='ltr'>sita</span> <span class='ocrx_word' id='word_1_15' title='bbox 582 639 613 686; x_wconf 94' lang='lat' dir='ltr'>et</span> <span class='ocrx_word' id='word_1_16' title='bbox 638 625 797 706; x_wconf 85' lang='lat' dir='ltr'>adjacens,</span> <span class='ocrx_word' id='word_1_17' title='bbox 822 625 964 686; x_wconf 89' lang='lat' dir='ltr'>mediam</span> <span class='ocrx_word' id='word_1_18' title='bbox 983 625 1103 686; x_wconf 89' lang='lat' dir='ltr'>curiam</span> <span class='ocrx_word' id='word_1_19' title='bbox 1129 627 1160 686; x_wconf 93' lang='lat' dir='ltr'>in</span> <span class='ocrx_word' id='word_1_20' title='bbox 1187 647 1221 689; x_wconf 89' lang='lat' dir='ltr'>se</span> <span class='ocrx_word' id='word_1_21' title='bbox 1238 631 1413 706; x_wconf 87' lang='lat' dir='ltr'>continens,</span> 
     </span>
     <span class='ocr_line' id='line_1_3' title="bbox 148 731 1412 815; baseline 0.002 -21"><span class='ocrx_word' id='word_1_22' title='bbox 148 754 184 794; x_wconf 83' lang='lat' dir='ltr'>ex</span> <span class='ocrx_word' id='word_1_23' title='bbox 209 733 376 814; x_wconf 83' lang='lat' dir='ltr'>legacione</span> <span class='ocrx_word' id='word_1_24' title='bbox 401 733 639 794; x_wconf 88' lang='lat' dir='ltr'>testamentaria</span> <span class='ocrx_word' id='word_1_25' title='bbox 658 731 795 793; x_wconf 87' lang='lat' dir='ltr'>condam</span> <span class='ocrx_word' id='word_1_26' title='bbox 813 733 937 794; x_wconf 92' lang='lat' dir='ltr'>domini</span> <span class='ocrx_word' id='word_1_27' title='bbox 956 732 1076 793; x_wconf 91' lang='lat' dir='ltr'>Vrbani</span> <span class='ocrx_word' id='word_1_28' title='bbox 1094 734 1276 814; x_wconf 78' lang='lat' dir='ltr'>presbiteri,</span> <span class='ocrx_word' id='word_1_29' title='bbox 1297 735 1412 815; x_wconf 86' lang='lat' dir='ltr'>Marga-</span> 
     </span>
     <span class='ocr_line' id='line_1_4' title="bbox 148 838 1412 921; baseline 0.002 -21"><span class='ocrx_word' id='word_1_30' title='bbox 148 838 238 900; x_wconf 89' lang='lat' dir='ltr'>rethe</span> <span class='ocrx_word' id='word_1_31' title='bbox 266 840 356 900; x_wconf 88' lang='lat' dir='ltr'>uxori</span> <span class='ocrx_word' id='word_1_32' title='bbox 382 838 535 921; x_wconf 82' lang='lat' dir='ltr'>Stephani</span> <span class='ocrx_word' id='word_1_33' title='bbox 561 838 796 921; x_wconf 81' lang='lat' dir='ltr'>Skerckovvych</span> <span class='ocrx_word' id='word_1_34' title='bbox 814 853 846 901; x_wconf 91' lang='lat' dir='ltr'>et</span> <span class='ocrx_word' id='word_1_35' title='bbox 870 839 987 920; x_wconf 77' lang='lat' dir='ltr'>Agneti</span> <span class='ocrx_word' id='word_1_36' title='bbox 1005 839 1115 900; x_wconf 88' lang='lat' dir='ltr'>relicte</span> <span class='ocrx_word' id='word_1_37' title='bbox 1139 841 1281 902; x_wconf 89' lang='lat' dir='ltr'>condam</span> <span class='ocrx_word' id='word_1_38' title='bbox 1309 842 1412 903; x_wconf 89' lang='lat' dir='ltr'>Domi·</span> 
     </span>
     <span class='ocr_line' id='line_1_5' title="bbox 151 944 1416 1030; baseline 0.004 -25"><span class='ocrx_word' id='word_1_39' title='bbox 151 945 213 1005; x_wconf 92' lang='lat' dir='ltr'>nici</span> <span class='ocrx_word' id='word_1_40' title='bbox 241 944 362 1006; x_wconf 90' lang='lat' dir='ltr'>Hrezth</span> <span class='ocrx_word' id='word_1_41' title='bbox 388 958 419 1006; x_wconf 89' lang='lat' dir='ltr'>et</span> <span class='ocrx_word' id='word_1_42' title='bbox 447 965 502 1026; x_wconf 90' lang='lat' dir='ltr'>per</span> <span class='ocrx_word' id='word_1_43' title='bbox 535 944 727 1006; x_wconf 92' lang='lat' dir='ltr'>divisionem</span> <span class='ocrx_word' id='word_1_44' title='bbox 761 945 843 1006; x_wconf 93' lang='lat' dir='ltr'>inter</span> <span class='ocrx_word' id='word_1_45' title='bbox 874 946 958 1026; x_wconf 87' lang='lat' dir='ltr'>ipsas</span> <span class='ocrx_word' id='word_1_46' title='bbox 982 959 1012 1007; x_wconf 93' lang='lat' dir='ltr'>et</span> <span class='ocrx_word' id='word_1_47' title='bbox 1044 945 1169 1007; x_wconf 91' lang='lat' dir='ltr'>vicinos</span> <span class='ocrx_word' id='word_1_48' title='bbox 1201 946 1416 1030; x_wconf 77' lang='lat' dir='ltr'>infrascriptos</span> 
     </span>
     <span class='ocr_line' id='line_1_6' title="bbox 151 1049 1416 1137; baseline 0.005 -27"><span class='ocrx_word' id='word_1_49' title='bbox 151 1049 277 1128; x_wconf 84' lang='lat' dir='ltr'>iactam,</span> <span class='ocrx_word' id='word_1_50' title='bbox 302 1053 361 1111; x_wconf 90' lang='lat' dir='ltr'>sub</span> <span class='ocrx_word' id='word_1_51' title='bbox 394 1051 546 1132; x_wconf 86' lang='lat' dir='ltr'>pendenti</span> <span class='ocrx_word' id='word_1_52' title='bbox 580 1051 688 1132; x_wconf 88' lang='lat' dir='ltr'>sigillo</span> <span class='ocrx_word' id='word_1_53' title='bbox 719 1052 960 1112; x_wconf 85' lang='lat' dir='ltr'>communitatis</span> <span class='ocrx_word' id='word_1_54' title='bbox 993 1052 1239 1133; x_wconf 88' lang='lat' dir='ltr'>privilegialiter</span> <span class='ocrx_word' id='word_1_55' title='bbox 1264 1071 1416 1137; x_wconf 88' lang='lat' dir='ltr'>perpetuo</span> 
     </span>
     <span class='ocr_line' id='line_1_7' title="bbox 149 1156 1417 1242; baseline 0.004 -25"><span class='ocrx_word' id='word_1_56' title='bbox 149 1156 364 1239; x_wconf 89' lang='lat' dir='ltr'>possidenda;</span> <span class='ocrx_word' id='word_1_57' title='bbox 389 1157 452 1218; x_wconf 91' lang='lat' dir='ltr'>alia</span> <span class='ocrx_word' id='word_1_58' title='bbox 477 1172 583 1218; x_wconf 90' lang='lat' dir='ltr'>autem</span> <span class='ocrx_word' id='word_1_59' title='bbox 602 1157 722 1218; x_wconf 91' lang='lat' dir='ltr'>directa</span> <span class='ocrx_word' id='word_1_60' title='bbox 746 1157 895 1219; x_wconf 87' lang='lat' dir='ltr'>similiter</span> <span class='ocrx_word' id='word_1_61' title='bbox 922 1172 953 1218; x_wconf 88' lang='lat' dir='ltr'>et</span> <span class='ocrx_word' id='word_1_62' title='bbox 969 1158 1092 1239; x_wconf 86' lang='lat' dir='ltr'>equalis</span> <span class='ocrx_word' id='word_1_63' title='bbox 1118 1159 1278 1221; x_wconf 85' lang='lat' dir='ltr'>medietas</span> <span class='ocrx_word' id='word_1_64' title='bbox 1302 1160 1417 1242; x_wconf 80' lang='lat' dir='ltr'>prefate</span> 
     </span>
     <span class='ocr_line' id='line_1_8' title="bbox 151 1263 1418 1345; baseline 0.005 -22"><span class='ocrx_word' id='word_1_65' title='bbox 151 1278 215 1324; x_wconf 91' lang='lat' dir='ltr'>tam</span> <span class='ocrx_word' id='word_1_66' title='bbox 242 1263 359 1323; x_wconf 91' lang='lat' dir='ltr'>domus</span> <span class='ocrx_word' id='word_1_67' title='bbox 383 1277 507 1324; x_wconf 78' lang='lat' dir='ltr'>mutate</span> <span class='ocrx_word' id='word_1_68' title='bbox 532 1283 628 1345; x_wconf 86' lang='lat' dir='ltr'>quam</span> <span class='ocrx_word' id='word_1_69' title='bbox 654 1264 761 1344; x_wconf 82' lang='lat' dir='ltr'>lignee</span> <span class='ocrx_word' id='word_1_70' title='bbox 786 1278 817 1324; x_wconf 92' lang='lat' dir='ltr'>et</span> <span class='ocrx_word' id='word_1_71' title='bbox 841 1264 950 1325; x_wconf 90' lang='lat' dir='ltr'>celarii</span> <span class='ocrx_word' id='word_1_72' title='bbox 968 1265 1166 1330; x_wconf 89' lang='lat' dir='ltr'>subterranei</span> <span class='ocrx_word' id='word_1_73' title='bbox 1193 1286 1232 1327; x_wconf 90' lang='lat' dir='ltr'>ac</span> <span class='ocrx_word' id='word_1_74' title='bbox 1257 1266 1418 1329; x_wconf 86' lang='lat' dir='ltr'>hedificio·</span> 
     </span>
     <span class='ocr_line' id='line_1_9' title="bbox 152 1369 1418 1451; baseline 0.005 -21"><span class='ocrx_word' id='word_1_75' title='bbox 152 1389 224 1430; x_wconf 90' lang='lat' dir='ltr'>rum</span> <span class='ocrx_word' id='word_1_76' title='bbox 249 1369 466 1450; x_wconf 91' lang='lat' dir='ltr'>predictorum</span> <span class='ocrx_word' id='word_1_77' title='bbox 493 1390 510 1430; x_wconf 92' lang='lat' dir='ltr'>a</span> <span class='ocrx_word' id='word_1_78' title='bbox 534 1384 622 1451; x_wconf 88' lang='lat' dir='ltr'>parte</span> <span class='ocrx_word' id='word_1_79' title='bbox 648 1371 781 1431; x_wconf 89' lang='lat' dir='ltr'>orientis</span> <span class='ocrx_word' id='word_1_80' title='bbox 806 1370 924 1448; x_wconf 91' lang='lat' dir='ltr'>habita,</span> <span class='ocrx_word' id='word_1_81' title='bbox 957 1370 1097 1432; x_wconf 91' lang='lat' dir='ltr'>mediam</span> <span class='ocrx_word' id='word_1_82' title='bbox 1122 1372 1273 1434; x_wconf 87' lang='lat' dir='ltr'>similiter</span> <span class='ocrx_word' id='word_1_83' title='bbox 1299 1376 1418 1436; x_wconf 90' lang='lat' dir='ltr'>curiam</span> 
     </span>
     <span class='ocr_line' id='line_1_10' title="bbox 147 1476 1422 1564; baseline 0.005 -27"><span class='ocrx_word' id='word_1_84' title='bbox 147 1478 178 1538; x_wconf 91' lang='lat' dir='ltr'>in</span> <span class='ocrx_word' id='word_1_85' title='bbox 204 1497 236 1537; x_wconf 89' lang='lat' dir='ltr'>se</span> <span class='ocrx_word' id='word_1_86' title='bbox 262 1477 442 1553; x_wconf 92' lang='lat' dir='ltr'>continens,</span> <span class='ocrx_word' id='word_1_87' title='bbox 476 1477 603 1561; x_wconf 84' lang='lat' dir='ltr'>Mathye</span> <span class='ocrx_word' id='word_1_88' title='bbox 637 1476 776 1539; x_wconf 86' lang='lat' dir='ltr'>carnifici</span> <span class='ocrx_word' id='word_1_89' title='bbox 811 1491 842 1539; x_wconf 89' lang='lat' dir='ltr'>et</span> <span class='ocrx_word' id='word_1_90' title='bbox 875 1478 1075 1558; x_wconf 88' lang='lat' dir='ltr'>Margaretbe</span> <span class='ocrx_word' id='word_1_91' title='bbox 1108 1499 1164 1539; x_wconf 90' lang='lat' dir='ltr'>sue</span> <span class='ocrx_word' id='word_1_92' title='bbox 1190 1483 1335 1543; x_wconf 89' lang='lat' dir='ltr'>consorti</span> <span class='ocrx_word' id='word_1_93' title='bbox 1368 1502 1422 1564; x_wconf 90' lang='lat' dir='ltr'>per</span> 
     </span>
     <span class='ocr_line' id='line_1_11' title="bbox 147 1583 1421 1665; baseline 0.004 -22"><span class='ocrx_word' id='word_1_94' title='bbox 147 1583 342 1644; x_wconf 86' lang='lat' dir='ltr'>eleccionem</span> <span class='ocrx_word' id='word_1_95' title='bbox 369 1602 480 1644; x_wconf 91' lang='lat' dir='ltr'>eorum</span> <span class='ocrx_word' id='word_1_96' title='bbox 514 1598 560 1644; x_wconf 91' lang='lat' dir='ltr'>est</span> <span class='ocrx_word' id='word_1_97' title='bbox 592 1584 739 1644; x_wconf 91' lang='lat' dir='ltr'>similiter</span> <span class='ocrx_word' id='word_1_98' title='bbox 763 1585 822 1645; x_wconf 92' lang='lat' dir='ltr'>sub</span> <span class='ocrx_word' id='word_1_99' title='bbox 857 1584 1010 1664; x_wconf 88' lang='lat' dir='ltr'>pendenti</span> <span class='ocrx_word' id='word_1_100' title='bbox 1043 1584 1151 1665; x_wconf 91' lang='lat' dir='ltr'>sigillo</span> <span class='ocrx_word' id='word_1_101' title='bbox 1177 1588 1421 1650; x_wconf 88' lang='lat' dir='ltr'>communitatis</span> 
     </span>
     <span class='ocr_line' id='line_1_12' title="bbox 148 1688 1018 1772; baseline 0.001 -22"><span class='ocrx_word' id='word_1_102' title='bbox 148 1690 392 1772; x_wconf 88' lang='lat' dir='ltr'>privilegialiter</span> <span class='ocrx_word' id='word_1_103' title='bbox 417 1688 603 1751; x_wconf 85' lang='lat' dir='ltr'>confirmata</span> <span class='ocrx_word' id='word_1_104' title='bbox 630 1705 786 1772; x_wconf 89' lang='lat' dir='ltr'>perpetuo</span> <span class='ocrx_word' id='word_1_105' title='bbox 811 1690 1018 1772; x_wconf 85' lang='lat' dir='ltr'>possidenda.</span> 
     </span>
    </p>

    <p class='ocr_par' dir='ltr' id='par_1_2' title="bbox 148 1797 1421 2497">
     <span class='ocr_line' id='line_1_13' title="bbox 254 1797 1418 1881; baseline 0.005 -24"><span class='ocrx_word' id='word_1_106' title='bbox 254 1798 330 1858; x_wconf 90' lang='lat' dir='ltr'>ltem</span> <span class='ocrx_word' id='word_1_107' title='bbox 357 1797 488 1858; x_wconf 91' lang='lat' dir='ltr'>domina</span> <span class='ocrx_word' id='word_1_108' title='bbox 514 1797 690 1881; x_wconf 89' lang='lat' dir='ltr'>Elyzabeth</span> <span class='ocrx_word' id='word_1_109' title='bbox 717 1798 825 1859; x_wconf 88' lang='lat' dir='ltr'>relicta</span> <span class='ocrx_word' id='word_1_110' title='bbox 843 1798 980 1858; x_wconf 89' lang='lat' dir='ltr'>condam</span> <span class='ocrx_word' id='word_1_111' title='bbox 1004 1799 1116 1860; x_wconf 87' lang='lat' dir='ltr'>Jacobi</span> <span class='ocrx_word' id='word_1_112' title='bbox 1142 1799 1303 1862; x_wconf 81' lang='lat' dir='ltr'>Horvvatb</span> <span class='ocrx_word' id='word_1_113' title='bbox 1334 1822 1418 1863; x_wconf 92' lang='lat' dir='ltr'>nunc</span> 
     </span>
     <span class='ocr_line' id='line_1_14' title="bbox 148 1903 1420 1987; baseline 0.004 -22"><span class='ocrx_word' id='word_1_114' title='bbox 148 1924 281 1965; x_wconf 91' lang='lat' dir='ltr'>consors</span> <span class='ocrx_word' id='word_1_115' title='bbox 306 1903 462 1984; x_wconf 90' lang='lat' dir='ltr'>legittima</span> <span class='ocrx_word' id='word_1_116' title='bbox 481 1904 591 1964; x_wconf 86' lang='lat' dir='ltr'>Fricze</span> <span class='ocrx_word' id='word_1_117' title='bbox 608 1903 702 1983; x_wconf 87' lang='lat' dir='ltr'>jurati</span> <span class='ocrx_word' id='word_1_118' title='bbox 721 1906 819 1965; x_wconf 88' lang='lat' dir='ltr'>nostri</span> <span class='ocrx_word' id='word_1_119' title='bbox 839 1904 999 1982; x_wconf 91' lang='lat' dir='ltr'>moderni,</span> <span class='ocrx_word' id='word_1_120' title='bbox 1024 1905 1189 1987; x_wconf 85' lang='lat' dir='ltr'>quoddam</span> <span class='ocrx_word' id='word_1_121' title='bbox 1210 1906 1309 1969; x_wconf 88' lang='lat' dir='ltr'>fenile</span> <span class='ocrx_word' id='word_1_122' title='bbox 1327 1928 1420 1971; x_wconf 89' lang='lat' dir='ltr'>suum</span> 
     </span>
     <span class='ocr_line' id='line_1_15' title="bbox 150 2009 1418 2094; baseline 0.004 -22"><span class='ocrx_word' id='word_1_123' title='bbox 150 2013 181 2072; x_wconf 92' lang='lat' dir='ltr'>in</span> <span class='ocrx_word' id='word_1_124' title='bbox 208 2031 322 2092; x_wconf 91' lang='lat' dir='ltr'>campo</span> <span class='ocrx_word' id='word_1_125' title='bbox 348 2011 484 2072; x_wconf 91' lang='lat' dir='ltr'>civitatis</span> <span class='ocrx_word' id='word_1_126' title='bbox 508 2011 649 2093; x_wconf 89' lang='lat' dir='ltr'>predicte</span> <span class='ocrx_word' id='word_1_127' title='bbox 675 2010 831 2087; x_wconf 89' lang='lat' dir='ltr'>habitum,</span> <span class='ocrx_word' id='word_1_128' title='bbox 857 2013 938 2072; x_wconf 91' lang='lat' dir='ltr'>inter</span> <span class='ocrx_word' id='word_1_129' title='bbox 960 2009 1057 2074; x_wconf 84' lang='lat' dir='ltr'>fenile</span> <span class='ocrx_word' id='word_1_130' title='bbox 1084 2014 1258 2094; x_wconf 83' lang='lat' dir='ltr'>Rapbaelis</span> <span class='ocrx_word' id='word_1_131' title='bbox 1284 2031 1316 2076; x_wconf 90' lang='lat' dir='ltr'>et</span> <span class='ocrx_word' id='word_1_132' title='bbox 1340 2017 1418 2077; x_wconf 90' lang='lat' dir='ltr'>libe·</span> 
     </span>
     <span class='ocr_line' id='line_1_16' title="bbox 149 2115 1421 2197; baseline 0.006 -20"><span class='ocrx_word' id='word_1_133' title='bbox 149 2136 257 2178; x_wconf 93' lang='lat' dir='ltr'>rorum</span> <span class='ocrx_word' id='word_1_134' title='bbox 283 2116 419 2177; x_wconf 88' lang='lat' dir='ltr'>condam</span> <span class='ocrx_word' id='word_1_135' title='bbox 447 2115 578 2197; x_wconf 82' lang='lat' dir='ltr'>Georgii</span> <span class='ocrx_word' id='word_1_136' title='bbox 612 2117 728 2178; x_wconf 89' lang='lat' dir='ltr'>sutoris</span> <span class='ocrx_word' id='word_1_137' title='bbox 753 2132 783 2178; x_wconf 93' lang='lat' dir='ltr'>et</span> <span class='ocrx_word' id='word_1_138' title='bbox 815 2116 925 2178; x_wconf 86' lang='lat' dir='ltr'>lenilia</span> <span class='ocrx_word' id='word_1_139' title='bbox 957 2133 1063 2179; x_wconf 91' lang='lat' dir='ltr'>nostre</span> <span class='ocrx_word' id='word_1_140' title='bbox 1097 2121 1342 2183; x_wconf 84' lang='lat' dir='ltr'>communitatis</span> <span class='ocrx_word' id='word_1_141' title='bbox 1368 2123 1421 2184; x_wconf 87' lang='lat' dir='ltr'>ha·</span> 
     </span>
     <span class='ocr_line' id='line_1_17' title="bbox 149 2221 1420 2305; baseline 0.006 -21"><span class='ocrx_word' id='word_1_142' title='bbox 149 2224 262 2302; x_wconf 83' lang='lat' dir='ltr'>bitum,</span> <span class='ocrx_word' id='word_1_143' title='bbox 279 2221 402 2304; x_wconf 84' lang='lat' dir='ltr'>prelato</span> <span class='ocrx_word' id='word_1_144' title='bbox 420 2224 540 2305; x_wconf 87' lang='lat' dir='ltr'>Frycze</span> <span class='ocrx_word' id='word_1_145' title='bbox 557 2223 660 2303; x_wconf 90' lang='lat' dir='ltr'>jurato</span> <span class='ocrx_word' id='word_1_146' title='bbox 679 2224 835 2285; x_wconf 90' lang='lat' dir='ltr'>moderno</span> <span class='ocrx_word' id='word_1_147' title='bbox 853 2224 987 2285; x_wconf 93' lang='lat' dir='ltr'>domino</span> <span class='ocrx_word' id='word_1_148' title='bbox 1012 2240 1042 2286; x_wconf 92' lang='lat' dir='ltr'>et</span> <span class='ocrx_word' id='word_1_149' title='bbox 1067 2227 1181 2287; x_wconf 89' lang='lat' dir='ltr'>marito</span> <span class='ocrx_word' id='word_1_150' title='bbox 1199 2246 1258 2288; x_wconf 89' lang='lat' dir='ltr'>suo</span> <span class='ocrx_word' id='word_1_151' title='bbox 1284 2229 1420 2291; x_wconf 91' lang='lat' dir='ltr'>donavit</span> 
     </span>
     <span class='ocr_line' id='line_1_18' title="bbox 148 2329 1421 2417; baseline 0.006 -27"><span class='ocrx_word' id='word_1_152' title='bbox 148 2343 303 2411; x_wconf 92' lang='lat' dir='ltr'>perpetuo</span> <span class='ocrx_word' id='word_1_153' title='bbox 328 2329 559 2410; x_wconf 89' lang='lat' dir='ltr'>possidendum</span> <span class='ocrx_word' id='word_1_154' title='bbox 586 2344 616 2391; x_wconf 91' lang='lat' dir='ltr'>et</span> <span class='ocrx_word' id='word_1_155' title='bbox 640 2329 812 2410; x_wconf 84' lang='lat' dir='ltr'>superinde</span> <span class='ocrx_word' id='word_1_156' title='bbox 845 2347 891 2391; x_wconf 92' lang='lat' dir='ltr'>est</span> <span class='ocrx_word' id='word_1_157' title='bbox 920 2331 1011 2392; x_wconf 90' lang='lat' dir='ltr'>litera</span> <span class='ocrx_word' id='word_1_158' title='bbox 1043 2334 1102 2393; x_wconf 88' lang='lat' dir='ltr'>sub</span> <span class='ocrx_word' id='word_1_159' title='bbox 1127 2332 1284 2414; x_wconf 90' lang='lat' dir='ltr'>pendenti</span> <span class='ocrx_word' id='word_1_160' title='bbox 1311 2335 1421 2417; x_wconf 88' lang='lat' dir='ltr'>sigillo</span> 
     </span>
     <span class='ocr_line' id='line_1_19' title="bbox 151 2436 573 2497; baseline 0.002 -1"><span class='ocrx_word' id='word_1_161' title='bbox 151 2436 391 2496; x_wconf 88' lang='lat' dir='ltr'>communitatis</span> <span class='ocrx_word' id='word_1_162' title='bbox 416 2450 573 2497; x_wconf 89' lang='lat' dir='ltr'>emanata.</span> 
     </span>
    </p>

    <p class='ocr_par' dir='ltr' id='par_1_3' title="bbox 146 2541 1432 4330">
     <span class='ocr_line' id='line_1_20' title="bbox 257 2541 1424 2630; baseline 0.009 -29"><span class='ocrx_word' id='word_1_163' title='bbox 257 2541 333 2602; x_wconf 92' lang='lat' dir='ltr'>ltem</span> <span class='ocrx_word' id='word_1_164' title='bbox 354 2542 565 2603; x_wconf 91' lang='lat' dir='ltr'>commissarii</span> <span class='ocrx_word' id='word_1_165' title='bbox 590 2556 620 2602; x_wconf 93' lang='lat' dir='ltr'>et</span> <span class='ocrx_word' id='word_1_166' title='bbox 638 2557 823 2603; x_wconf 85' lang='lat' dir='ltr'>executores</span> <span class='ocrx_word' id='word_1_167' title='bbox 840 2544 1022 2605; x_wconf 88' lang='lat' dir='ltr'>testamenti</span> <span class='ocrx_word' id='word_1_168' title='bbox 1041 2544 1100 2605; x_wconf 91' lang='lat' dir='ltr'>viri</span> <span class='ocrx_word' id='word_1_169' title='bbox 1124 2545 1263 2607; x_wconf 91' lang='lat' dir='ltr'>condam</span> <span class='ocrx_word' id='word_1_170' title='bbox 1292 2549 1424 2630; x_wconf 90' lang='lat' dir='ltr'>providi</span> 
     </span>
     <span class='ocr_line' id='line_1_21' title="bbox 155 2647 1428 2732; baseline 0.006 -23"><span class='ocrx_word' id='word_1_171' title='bbox 155 2647 307 2728; x_wconf 84' lang='lat' dir='ltr'>Stephani</span> <span class='ocrx_word' id='word_1_172' title='bbox 332 2648 462 2708; x_wconf 85' lang='lat' dir='ltr'>sartoris</span> <span class='ocrx_word' id='word_1_173' title='bbox 486 2648 561 2709; x_wconf 88' lang='lat' dir='ltr'>dieti</span> <span class='ocrx_word' id='word_1_174' title='bbox 588 2649 666 2727; x_wconf 91' lang='lat' dir='ltr'>Ban,</span> <span class='ocrx_word' id='word_1_175' title='bbox 699 2649 730 2709; x_wconf 91' lang='lat' dir='ltr'>in</span> <span class='ocrx_word' id='word_1_176' title='bbox 764 2649 890 2710; x_wconf 87' lang='lat' dir='ltr'>civitate</span> <span class='ocrx_word' id='word_1_177' title='bbox 919 2650 1060 2732; x_wconf 90' lang='lat' dir='ltr'>predicta</span> <span class='ocrx_word' id='word_1_178' title='bbox 1095 2651 1176 2713; x_wconf 90' lang='lat' dir='ltr'>inter</span> <span class='ocrx_word' id='word_1_179' title='bbox 1200 2651 1320 2715; x_wconf 89' lang='lat' dir='ltr'>domos</span> <span class='ocrx_word' id='word_1_180' title='bbox 1346 2656 1428 2717; x_wconf 91' lang='lat' dir='ltr'>libe·</span> 
     </span>
     <span class='ocr_line' id='line_1_22' title="bbox 156 2753 1425 2843; baseline 0.009 -29"><span class='ocrx_word' id='word_1_181' title='bbox 156 2773 263 2814; x_wconf 90' lang='lat' dir='ltr'>rorum</span> <span class='ocrx_word' id='word_1_182' title='bbox 291 2753 422 2834; x_wconf 88' lang='lat' dir='ltr'>Georgii</span> <span class='ocrx_word' id='word_1_183' title='bbox 448 2755 585 2815; x_wconf 92' lang='lat' dir='ltr'>condam</span> <span class='ocrx_word' id='word_1_184' title='bbox 602 2754 718 2832; x_wconf 90' lang='lat' dir='ltr'>judicis</span> <span class='ocrx_word' id='word_1_185' title='bbox 742 2769 772 2815; x_wconf 90' lang='lat' dir='ltr'>ct</span> <span class='ocrx_word' id='word_1_186' title='bbox 790 2756 931 2817; x_wconf 89' lang='lat' dir='ltr'>concivis</span> <span class='ocrx_word' id='word_1_187' title='bbox 948 2758 1048 2818; x_wconf 90' lang='lat' dir='ltr'>nostri</span> <span class='ocrx_word' id='word_1_188' title='bbox 1073 2777 1108 2819; x_wconf 90' lang='lat' dir='ltr'>ac</span> <span class='ocrx_word' id='word_1_189' title='bbox 1134 2758 1264 2843; x_wconf 87' lang='lat' dir='ltr'>Mathye</span> <span class='ocrx_word' id='word_1_190' title='bbox 1290 2764 1425 2825; x_wconf 90' lang='lat' dir='ltr'>sartoris</span> 
     </span>
     <span class='ocr_line' id='line_1_23' title="bbox 154 2858 1423 2944; baseline 0.008 -23"><span class='ocrx_word' id='word_1_191' title='bbox 154 2860 271 2938; x_wconf 91' lang='lat' dir='ltr'>habita,</span> <span class='ocrx_word' id='word_1_192' title='bbox 285 2860 419 2921; x_wconf 92' lang='lat' dir='ltr'>domum</span> <span class='ocrx_word' id='word_1_193' title='bbox 430 2875 460 2921; x_wconf 89' lang='lat' dir='ltr'>et</span> <span class='ocrx_word' id='word_1_194' title='bbox 471 2858 618 2938; x_wconf 91' lang='lat' dir='ltr'>sundum,</span> <span class='ocrx_word' id='word_1_195' title='bbox 633 2861 772 2922; x_wconf 87' lang='lat' dir='ltr'>mediam</span> <span class='ocrx_word' id='word_1_196' title='bbox 784 2862 902 2922; x_wconf 72' lang='lat' dir='ltr'>curiana</span> <span class='ocrx_word' id='word_1_197' title='bbox 921 2863 997 2923; x_wconf 90' lang='lat' dir='ltr'>inse</span> <span class='ocrx_word' id='word_1_198' title='bbox 1015 2865 1245 2944; x_wconf 91' lang='lat' dir='ltr'>continentem,</span> <span class='ocrx_word' id='word_1_199' title='bbox 1265 2868 1423 2931; x_wconf 86' lang='lat' dir='ltr'>Michaeli</span> 
     </span>
     <span class='ocr_line' id='line_1_24' title="bbox 154 2967 1428 3057; baseline 0.007 -28"><span class='ocrx_word' id='word_1_200' title='bbox 154 2969 265 3029; x_wconf 90' lang='lat' dir='ltr'>sartori</span> <span class='ocrx_word' id='word_1_201' title='bbox 292 2967 408 3029; x_wconf 90' lang='lat' dir='ltr'>claudo</span> <span class='ocrx_word' id='word_1_202' title='bbox 434 2981 467 3028; x_wconf 91' lang='lat' dir='ltr'>ut</span> <span class='ocrx_word' id='word_1_203' title='bbox 491 2988 577 3028; x_wconf 81' lang='lat' dir='ltr'>novo</span> <span class='ocrx_word' id='word_1_204' title='bbox 603 2969 727 3029; x_wconf 89' lang='lat' dir='ltr'>concivi</span> <span class='ocrx_word' id='word_1_205' title='bbox 754 2983 862 3030; x_wconf 90' lang='lat' dir='ltr'>nostro</span> <span class='ocrx_word' id='word_1_206' title='bbox 894 2971 1110 3032; x_wconf 89' lang='lat' dir='ltr'>vendiderunt</span> <span class='ocrx_word' id='word_1_207' title='bbox 1133 2986 1294 3054; x_wconf 89' lang='lat' dir='ltr'>perpetuo</span> <span class='ocrx_word' id='word_1_208' title='bbox 1321 2978 1428 3057; x_wconf 88' lang='lat' dir='ltr'>possi·</span> 
     </span>
     <span class='ocr_line' id='line_1_25' title="bbox 154 3074 1430 3159; baseline 0.009 -25"><span class='ocrx_word' id='word_1_209' title='bbox 154 3074 292 3135; x_wconf 86' lang='lat' dir='ltr'>dendam</span> <span class='ocrx_word' id='word_1_210' title='bbox 318 3090 348 3135; x_wconf 93' lang='lat' dir='ltr'>et</span> <span class='ocrx_word' id='word_1_211' title='bbox 372 3075 543 3156; x_wconf 90' lang='lat' dir='ltr'>superinde</span> <span class='ocrx_word' id='word_1_212' title='bbox 569 3089 614 3135; x_wconf 89' lang='lat' dir='ltr'>cst</span> <span class='ocrx_word' id='word_1_213' title='bbox 648 3075 738 3136; x_wconf 93' lang='lat' dir='ltr'>litera</span> <span class='ocrx_word' id='word_1_214' title='bbox 767 3077 826 3136; x_wconf 91' lang='lat' dir='ltr'>sub</span> <span class='ocrx_word' id='word_1_215' title='bbox 860 3076 1013 3157; x_wconf 92' lang='lat' dir='ltr'>pendenti</span> <span class='ocrx_word' id='word_1_216' title='bbox 1046 3078 1153 3159; x_wconf 90' lang='lat' dir='ltr'>sigillo</span> <span class='ocrx_word' id='word_1_217' title='bbox 1177 3083 1430 3145; x_wconf 88' lang='lat' dir='ltr'>communitatis</span> 
     </span>
     <span class='ocr_line' id='line_1_26' title="bbox 152 3180 802 3262; baseline 0.006 -22"><span class='ocrx_word' id='word_1_218' title='bbox 152 3180 395 3262; x_wconf 88' lang='lat' dir='ltr'>privilegialiter</span> <span class='ocrx_word' id='word_1_219' title='bbox 419 3180 564 3242; x_wconf 87' lang='lat' dir='ltr'>conlecta</span> <span class='ocrx_word' id='word_1_220' title='bbox 590 3195 620 3242; x_wconf 90' lang='lat' dir='ltr'>et</span> <span class='ocrx_word' id='word_1_221' title='bbox 645 3196 802 3245; x_wconf 88' lang='lat' dir='ltr'>emanata.</span> 
     </span>
     <span class='ocr_line' id='line_1_27' title="bbox 151 3287 1428 3375; baseline 0.01 -30"><span class='ocrx_word' id='word_1_222' title='bbox 151 3368 156 3375; x_wconf 88' lang='lat'>.</span> <span class='ocrx_word' id='word_1_223' title='bbox 256 3287 333 3348; x_wconf 88' lang='lat' dir='ltr'>ltetn</span> <span class='ocrx_word' id='word_1_224' title='bbox 359 3307 408 3348; x_wconf 91' lang='lat' dir='ltr'>res</span> <span class='ocrx_word' id='word_1_225' title='bbox 433 3303 462 3348; x_wconf 88' lang='lat' dir='ltr'>et</span> <span class='ocrx_word' id='word_1_226' title='bbox 487 3289 570 3348; x_wconf 87' lang='lat' dir='ltr'>bona</span> <span class='ocrx_word' id='word_1_227' title='bbox 589 3308 624 3348; x_wconf 90' lang='lat' dir='ltr'>ac</span> <span class='ocrx_word' id='word_1_228' title='bbox 649 3289 866 3370; x_wconf 89' lang='lat' dir='ltr'>possessiones</span> <span class='ocrx_word' id='word_1_229' title='bbox 883 3290 1045 3352; x_wconf 88' lang='lat' dir='ltr'>Valentini</span> <span class='ocrx_word' id='word_1_230' title='bbox 1070 3288 1241 3353; x_wconf 90' lang='lat' dir='ltr'>firmatoris</span> <span class='ocrx_word' id='word_1_231' title='bbox 1266 3314 1428 3358; x_wconf 88' lang='lat' dir='ltr'>vasorum</span> 
     </span>
     <span class='ocr_line' id='line_1_28' title="bbox 150 3392 1429 3482; baseline 0.011 -29"><span class='ocrx_word' id='word_1_232' title='bbox 150 3394 181 3453; x_wconf 91' lang='lat' dir='ltr'>in</span> <span class='ocrx_word' id='word_1_233' title='bbox 208 3392 290 3454; x_wconf 89' lang='lat' dir='ltr'>dicta</span> <span class='ocrx_word' id='word_1_234' title='bbox 317 3394 442 3454; x_wconf 84' lang='lat' dir='ltr'>civitate</span> <span class='ocrx_word' id='word_1_235' title='bbox 469 3410 498 3454; x_wconf 87' lang='lat' dir='ltr'>et</span> <span class='ocrx_word' id='word_1_236' title='bbox 523 3396 591 3455; x_wconf 90' lang='lat' dir='ltr'>eius</span> <span class='ocrx_word' id='word_1_237' title='bbox 619 3396 781 3456; x_wconf 91' lang='lat' dir='ltr'>territorio</span> <span class='ocrx_word' id='word_1_238' title='bbox 813 3396 921 3458; x_wconf 89' lang='lat' dir='ltr'>habite</span> <span class='ocrx_word' id='word_1_239' title='bbox 947 3412 977 3459; x_wconf 89' lang='lat' dir='ltr'>et</span> <span class='ocrx_word' id='word_1_240' title='bbox 1004 3399 1184 3477; x_wconf 84' lang='lat' dir='ltr'>existentes,</span> <span class='ocrx_word' id='word_1_241' title='bbox 1218 3403 1340 3482; x_wconf 90' lang='lat' dir='ltr'>quovis</span> <span class='ocrx_word' id='word_1_242' title='bbox 1367 3424 1429 3467; x_wconf 91' lang='lat' dir='ltr'>no·</span> 
     </span>
     <span class='ocr_line' id='line_1_29' title="bbox 149 3501 1427 3590; baseline 0.009 -30"><span class='ocrx_word' id='word_1_243' title='bbox 149 3501 244 3561; x_wconf 90' lang='lat' dir='ltr'>minis</span> <span class='ocrx_word' id='word_1_244' title='bbox 269 3501 428 3561; x_wconf 88' lang='lat' dir='ltr'>vocabulo</span> <span class='ocrx_word' id='word_1_245' title='bbox 462 3502 609 3578; x_wconf 84' lang='lat' dir='ltr'>vocitare,</span> <span class='ocrx_word' id='word_1_246' title='bbox 642 3522 700 3583; x_wconf 93' lang='lat' dir='ltr'>pro</span> <span class='ocrx_word' id='word_1_247' title='bbox 733 3502 849 3564; x_wconf 90' lang='lat' dir='ltr'>debitis</span> <span class='ocrx_word' id='word_1_248' title='bbox 881 3505 1083 3586; x_wconf 89' lang='lat' dir='ltr'>septuaginta</span> <span class='ocrx_word' id='word_1_249' title='bbox 1117 3506 1214 3566; x_wconf 90' lang='lat' dir='ltr'>trium</span> <span class='ocrx_word' id='word_1_250' title='bbox 1240 3506 1313 3571; x_wconf 91' lang='lat' dir='ltr'>flor.</span> <span class='ocrx_word' id='word_1_251' title='bbox 1340 3512 1427 3590; x_wconf 88' lang='lat' dir='ltr'>auri,</span> 
     </span>
     <span class='ocr_line' id='line_1_30' title="bbox 149 3606 1428 3689; baseline 0.009 -22"><span class='ocrx_word' id='word_1_252' title='bbox 149 3609 266 3688; x_wconf 88' lang='lat' dir='ltr'>quibus</span> <span class='ocrx_word' id='word_1_253' title='bbox 291 3609 356 3689; x_wconf 88' lang='lat' dir='ltr'>ipse</span> <span class='ocrx_word' id='word_1_254' title='bbox 383 3606 526 3687; x_wconf 87' lang='lat' dir='ltr'>Georgio</span> <span class='ocrx_word' id='word_1_255' title='bbox 544 3623 574 3667; x_wconf 88' lang='lat' dir='ltr'>et</span> <span class='ocrx_word' id='word_1_256' title='bbox 593 3609 700 3669; x_wconf 85' lang='lat' dir='ltr'>Blasio</span> <span class='ocrx_word' id='word_1_257' title='bbox 718 3607 792 3669; x_wconf 87' lang='lat' dir='ltr'>liliis</span> <span class='ocrx_word' id='word_1_258' title='bbox 811 3609 964 3671; x_wconf 88' lang='lat' dir='ltr'>Demetrii</span> <span class='ocrx_word' id='word_1_259' title='bbox 990 3611 1029 3672; x_wconf 93' lang='lat' dir='ltr'>de</span> <span class='ocrx_word' id='word_1_260' title='bbox 1049 3611 1137 3673; x_wconf 88' lang='lat' dir='ltr'>Odra</span> <span class='ocrx_word' id='word_1_261' title='bbox 1156 3612 1319 3676; x_wconf 90' lang='lat' dir='ltr'>debitorie</span> <span class='ocrx_word' id='word_1_262' title='bbox 1341 3617 1428 3679; x_wconf 92' lang='lat' dir='ltr'>obli·</span> 
     </span>
     <span class='ocr_line' id='line_1_31' title="bbox 147 3715 1424 3794; baseline 0.009 -20"><span class='ocrx_word' id='word_1_263' title='bbox 147 3716 213 3794; x_wconf 83' lang='lat' dir='ltr'>gari</span> <span class='ocrx_word' id='word_1_264' title='bbox 247 3715 484 3791; x_wconf 87' lang='lat' dir='ltr'>dinoscebatur,</span> <span class='ocrx_word' id='word_1_265' title='bbox 517 3734 573 3794; x_wconf 87' lang='lat' dir='ltr'>per</span> <span class='ocrx_word' id='word_1_266' title='bbox 605 3715 885 3794; x_wconf 83' lang='lat' dir='ltr'>adjudicacionem</span> <span class='ocrx_word' id='word_1_267' title='bbox 918 3730 948 3777; x_wconf 91' lang='lat' dir='ltr'>et</span> <span class='ocrx_word' id='word_1_268' title='bbox 981 3718 1176 3779; x_wconf 88' lang='lat' dir='ltr'>sentenciam</span> <span class='ocrx_word' id='word_1_269' title='bbox 1207 3717 1424 3785; x_wconf 87' lang='lat' dir='ltr'>diffinitivam</span> 
     </span>
     <span class='ocr_line' id='line_1_32' title="bbox 148 3821 1432 3905; baseline 0.009 -24"><span class='ocrx_word' id='word_1_270' title='bbox 148 3822 263 3901; x_wconf 87' lang='lat' dir='ltr'>judicis</span> <span class='ocrx_word' id='word_1_271' title='bbox 288 3835 317 3882; x_wconf 91' lang='lat' dir='ltr'>et</span> <span class='ocrx_word' id='word_1_272' title='bbox 341 3821 520 3901; x_wconf 85' lang='lat' dir='ltr'>juratorum</span> <span class='ocrx_word' id='word_1_273' title='bbox 546 3821 776 3883; x_wconf 85' lang='lat' dir='ltr'>modernorum</span> <span class='ocrx_word' id='word_1_274' title='bbox 805 3824 978 3903; x_wconf 88' lang='lat' dir='ltr'>superinde</span> <span class='ocrx_word' id='word_1_275' title='bbox 1003 3825 1158 3905; x_wconf 90' lang='lat' dir='ltr'>legittime</span> <span class='ocrx_word' id='word_1_276' title='bbox 1184 3824 1372 3890; x_wconf 87' lang='lat' dir='ltr'>conlectam</span> <span class='ocrx_word' id='word_1_277' title='bbox 1399 3845 1432 3893; x_wconf 89' lang='lat' dir='ltr'>et</span> 
     </span>
     <span class='ocr_line' id='line_1_33' title="bbox 147 3928 1429 4011; baseline 0.006 -21"><span class='ocrx_word' id='word_1_278' title='bbox 147 3930 207 3990; x_wconf 89' lang='lat' dir='ltr'>sub</span> <span class='ocrx_word' id='word_1_279' title='bbox 235 3928 387 4009; x_wconf 89' lang='lat' dir='ltr'>pendenti</span> <span class='ocrx_word' id='word_1_280' title='bbox 414 3928 521 4007; x_wconf 85' lang='lat' dir='ltr'>sigillo</span> <span class='ocrx_word' id='word_1_281' title='bbox 547 3929 787 3990; x_wconf 88' lang='lat' dir='ltr'>communitatis</span> <span class='ocrx_word' id='word_1_282' title='bbox 812 3930 1055 4011; x_wconf 85' lang='lat' dir='ltr'>privilegialiter</span> <span class='ocrx_word' id='word_1_283' title='bbox 1080 3945 1272 4009; x_wconf 88' lang='lat' dir='ltr'>emanatam,</span> <span class='ocrx_word' id='word_1_284' title='bbox 1300 3935 1429 3998; x_wconf 90' lang='lat' dir='ltr'>eisdem</span> 
     </span>
     <span class='ocr_line' id='line_1_34' title="bbox 150 4036 1431 4123; baseline 0.006 -26"><span class='ocrx_word' id='word_1_285' title='bbox 150 4036 294 4116; x_wconf 86' lang='lat' dir='ltr'>Georgio</span> <span class='ocrx_word' id='word_1_286' title='bbox 319 4049 349 4097; x_wconf 91' lang='lat' dir='ltr'>et</span> <span class='ocrx_word' id='word_1_287' title='bbox 382 4036 488 4096; x_wconf 87' lang='lat' dir='ltr'>Blasio</span> <span class='ocrx_word' id='word_1_288' title='bbox 513 4056 570 4117; x_wconf 90' lang='lat' dir='ltr'>pro</span> <span class='ocrx_word' id='word_1_289' title='bbox 602 4036 680 4117; x_wconf 91' lang='lat' dir='ltr'>ipsis</span> <span class='ocrx_word' id='word_1_290' title='bbox 712 4056 824 4097; x_wconf 93' lang='lat' dir='ltr'>eorum</span> <span class='ocrx_word' id='word_1_291' title='bbox 861 4036 977 4097; x_wconf 89' lang='lat' dir='ltr'>debitis</span> <span class='ocrx_word' id='word_1_292' title='bbox 1009 4037 1160 4119; x_wconf 91' lang='lat' dir='ltr'>predictis</span> <span class='ocrx_word' id='word_1_293' title='bbox 1184 4057 1242 4119; x_wconf 87' lang='lat' dir='ltr'>pro</span> <span class='ocrx_word' id='word_1_294' title='bbox 1277 4041 1431 4123; x_wconf 92' lang='lat' dir='ltr'>ipsorum</span> 
     </span>
     <span class='ocr_line' id='line_1_35' title="bbox 146 4141 1431 4228; baseline 0.006 -26"><span class='ocrx_word' id='word_1_295' title='bbox 146 4141 367 4203; x_wconf 82' lang='lat' dir='ltr'>satisfaccione</span> <span class='ocrx_word' id='word_1_296' title='bbox 392 4156 464 4203; x_wconf 88' lang='lat' dir='ltr'>sunt</span> <span class='ocrx_word' id='word_1_297' title='bbox 489 4143 584 4203; x_wconf 92' lang='lat' dir='ltr'>vendi</span> <span class='ocrx_word' id='word_1_298' title='bbox 611 4144 779 4204; x_wconf 88' lang='lat' dir='ltr'>commisse</span> <span class='ocrx_word' id='word_1_299' title='bbox 815 4163 873 4224; x_wconf 93' lang='lat' dir='ltr'>pro</span> <span class='ocrx_word' id='word_1_300' title='bbox 906 4145 1152 4205; x_wconf 89' lang='lat' dir='ltr'>contentacione</span> <span class='ocrx_word' id='word_1_301' title='bbox 1178 4164 1293 4206; x_wconf 90' lang='lat' dir='ltr'>eorum</span> <span class='ocrx_word' id='word_1_302' title='bbox 1321 4146 1431 4228; x_wconf 82' lang='lat' dir='ltr'>finali,</span> 
     </span>
     <span class='ocr_line' id='line_1_36' title="bbox 147 4249 1231 4330; baseline 0.003 -21"><span class='ocrx_word' id='word_1_303' title='bbox 147 4269 209 4329; x_wconf 92' lang='lat' dir='ltr'>que</span> <span class='ocrx_word' id='word_1_304' title='bbox 233 4269 358 4310; x_wconf 90' lang='lat' dir='ltr'>summa</span> <span class='ocrx_word' id='word_1_305' title='bbox 384 4264 430 4310; x_wconf 91' lang='lat' dir='ltr'>est</span> <span class='ocrx_word' id='word_1_306' title='bbox 456 4249 608 4330; x_wconf 92' lang='lat' dir='ltr'>pendenti</span> <span class='ocrx_word' id='word_1_307' title='bbox 633 4250 741 4330; x_wconf 86' lang='lat' dir='ltr'>sigillo</span> <span class='ocrx_word' id='word_1_308' title='bbox 767 4251 1008 4311; x_wconf 90' lang='lat' dir='ltr'>communitatis</span> <span class='ocrx_word' id='word_1_309' title='bbox 1032 4249 1231 4312; x_wconf 87' lang='lat' dir='ltr'>confirmata.</span> 
     </span>
    </p>
   </div>
   <div class='ocr_carea' id='block_1_2' title="bbox 200 4415 1371 4625">
    <p class='ocr_par' dir='ltr' id='par_1_4' title="bbox 200 4415 1371 4625">
     <span class='ocr_line' id='line_1_37' title="bbox 200 4415 1371 4507; baseline 0.008 -22"><span class='ocrx_word' id='word_1_310' title='bbox 200 4416 283 4486; x_wconf 89' lang='lat' dir='ltr'>ltem</span> <span class='ocrx_word' id='word_1_311' title='bbox 313 4417 453 4488; x_wconf 81' lang='lat' dir='ltr'>infesto</span> <span class='ocrx_word' id='word_1_312' title='bbox 480 4415 731 4488; x_wconf 87' lang='lat' dir='ltr'>Purificacionis</span> <span class='ocrx_word' id='word_1_313' title='bbox 752 4417 898 4505; x_wconf 81' lang='lat' dir='ltr'>gloriose</span> <span class='ocrx_word' id='word_1_314' title='bbox 919 4438 1049 4507; x_wconf 88' lang='lat' dir='ltr'>semper</span> <span class='ocrx_word' id='word_1_315' title='bbox 1076 4417 1216 4506; x_wconf 84' lang='lat' dir='ltr'>virginis</span> <span class='ocrx_word' id='word_1_316' title='bbox 1247 4420 1371 4494; x_wconf 84' lang='lat' dir='ltr'>llarie.</span> 
     </span>
     <span class='ocr_line' id='line_1_38' title="bbox 639 4554 873 4625; baseline 0.004 -15"><span class='ocrx_word' id='word_1_317' title='bbox 639 4559 680 4625; x_wconf 87' lang='lat'>(2.</span> <span class='ocrx_word' id='word_1_318' title='bbox 702 4554 873 4625; x_wconf 78' lang='lat' dir='ltr'>februarii).</span> 
     </span>
    </p>
   </div>
   <div class='ocr_carea' id='block_1_3' title="bbox 154 4691 1431 4891">
    <p class='ocr_par' dir='ltr' id='par_1_5' title="bbox 154 4691 1431 4891">
     <span class='ocr_line' id='line_1_39' title="bbox 253 4691 1427 4781; baseline 0.01 -30"><span class='ocrx_word' id='word_1_319' title='bbox 253 4691 332 4752; x_wconf 88' lang='lat' dir='ltr'>ltem</span> <span class='ocrx_word' id='word_1_320' title='bbox 358 4692 485 4771; x_wconf 90' lang='lat' dir='ltr'>domus,</span> <span class='ocrx_word' id='word_1_321' title='bbox 510 4693 640 4772; x_wconf 85' lang='lat' dir='ltr'>fundus,</span> <span class='ocrx_word' id='word_1_322' title='bbox 666 4693 820 4754; x_wconf 89' lang='lat' dir='ltr'>celarium</span> <span class='ocrx_word' id='word_1_323' title='bbox 852 4708 882 4754; x_wconf 91' lang='lat' dir='ltr'>et</span> <span class='ocrx_word' id='word_1_324' title='bbox 911 4692 1059 4755; x_wconf 87' lang='lat' dir='ltr'>hedificia</span> <span class='ocrx_word' id='word_1_325' title='bbox 1083 4695 1142 4756; x_wconf 90' lang='lat' dir='ltr'>viri</span> <span class='ocrx_word' id='word_1_326' title='bbox 1176 4695 1319 4759; x_wconf 87' lang='lat' dir='ltr'>condam</span> <span class='ocrx_word' id='word_1_327' title='bbox 1344 4719 1427 4781; x_wconf 92' lang='lat' dir='ltr'>pro-</span> 
     </span>
     <span class='ocr_line' id='line_1_40' title="bbox 154 4799 1431 4891; baseline 0.007 -33"><span class='ocrx_word' id='word_1_328' title='bbox 154 4799 221 4859; x_wconf 91' lang='lat' dir='ltr'>vidi</span> <span class='ocrx_word' id='word_1_329' title='bbox 248 4799 330 4860; x_wconf 83' lang='lat' dir='ltr'>lwan</span> <span class='ocrx_word' id='word_1_330' title='bbox 358 4800 513 4862; x_wconf 79' lang='lat' dir='ltr'>Jalchievv</span> <span class='ocrx_word' id='word_1_331' title='bbox 550 4800 624 4861; x_wconf 93' lang='lat' dir='ltr'>dicti</span> <span class='ocrx_word' id='word_1_332' title='bbox 650 4801 682 4861; x_wconf 92' lang='lat' dir='ltr'>in</span> <span class='ocrx_word' id='word_1_333' title='bbox 709 4800 835 4862; x_wconf 90' lang='lat' dir='ltr'>civitate</span> <span class='ocrx_word' id='word_1_334' title='bbox 868 4801 1009 4882; x_wconf 90' lang='lat' dir='ltr'>predicta</span> <span class='ocrx_word' id='word_1_335' title='bbox 1036 4802 1119 4863; x_wconf 91' lang='lat' dir='ltr'>inter</span> <span class='ocrx_word' id='word_1_336' title='bbox 1145 4802 1261 4865; x_wconf 87' lang='lat' dir='ltr'>domos</span> <span class='ocrx_word' id='word_1_337' title='bbox 1287 4802 1431 4891; x_wconf 90' lang='lat' dir='ltr'>Georgii</span> 
     </span>
    </p>
   </div>
   <div class='ocr_carea' id='block_1_4' title="bbox 0 0 1576 5356">
    <p class='ocr_par' dir='ltr' id='par_1_6' title="bbox 0 0 1576 5356">
     <span class='ocr_line' id='line_1_41' title="bbox 0 0 1576 5356; baseline 0 3"><span class='ocrx_word' id='word_1_338' title='bbox 0 0 1576 5356; x_wconf 95' lang='lat' dir='ltr'> </span> 
     </span>
    </p>
   </div>
  </div>
 </body>
</html>
