3142 5356
209 286 266 368 198
735 289 937 365 Anno1430.

311 497 388 559 Item
414 497 561 579 Mathyas
592 512 681 559 sutor
713 496 798 559 filius
823 497 970 578 Gregorii
995 498 1149 560 directam
1175 514 1206 561 et
1230 501 1380 582 equalem
1405 521 1472 563 me-

203 603 356 665 dietatem
380 603 673 667 cuiusdamvinee
707 605 738 665 in
773 605 936 666 territorio
961 605 1099 666 civitatis
1131 605 1213 667 inter
1237 608 1349 668 vineas
1374 607 1472 669 Elene

205 709 349 771 mulieris
372 707 437 769 filie
463 708 555 769 Pauli
572 709 688 791 Wgrin
714 730 732 771 a
756 710 1010 791 septemtrionali
1029 709 1122 792 plaga
1148 724 1179 772 et
1203 711 1379 773 liberorum
1397 732 1472 774 con·

204 815 279 876 dam
305 812 453 894 Gregorii
477 815 592 876 literati
617 836 634 876 a
659 816 752 897 plaga
777 815 981 877 meridionali
1007 815 1125 892 habite,
1150 836 1168 878 a
1194 831 1283 899 parte
1308 818 1470 880 dictorum

206 921 383 982 liberorum
417 920 565 1001 Gregorii
597 922 713 984 literati
745 922 849 1000 sitam,
882 941 954 983 cum
988 922 1128 1004 virgulto
1157 923 1262 984 eidem
1295 924 1472 1002 subjacenti

211 1041 241 1089 et
260 1027 331 1088 aliis
355 1027 420 1088 suis
438 1027 653 1108 pertinenciis,
670 1028 807 1110 desuper
823 1049 839 1089 a
857 1029 907 1089 via
925 1029 1090 1090 communi
1116 1027 1195 1090 infra
1213 1049 1316 1111 usque
1332 1031 1472 1092 rivulum

207 1152 240 1193 se
265 1133 500 1210 extendentem,
525 1133 655 1196 Vrbano
672 1135 772 1196 sutori
797 1134 865 1196 filio
887 1134 993 1215 Egidii
1010 1135 1157 1197 vendidit
1180 1135 1355 1198 literatorie
1372 1139 1472 1218 possi·

210 1239 349 1300 dendam
375 1259 412 1301 ex
436 1259 595 1300 consensu
626 1240 806 1301 vicinorum
831 1241 1070 1323 predictorum
1102 1242 1189 1302 salva
1214 1242 1276 1302 alia
1301 1243 1474 1306 medietate

208 1345 352 1406 eiusdem
376 1347 468 1407 vinee
494 1361 578 1407 recta
604 1360 635 1408 et
665 1347 827 1427 equali,a
862 1361 950 1429 parte
974 1348 1067 1408 vinee
1094 1348 1178 1410 dicte
1209 1349 1309 1431 ipsius
1341 1350 1473 1411 domine

142 1478 143 1481 ¹
208 1452 308 1513 Eleae
332 1452 402 1532 sita,
427 1454 572 1515 Fabiano
596 1455 720 1516 sororio
756 1455 854 1536 ipsius
879 1454 972 1516 Pauli
997 1455 1114 1536 Wgrin
1147 1455 1250 1517 libera
1274 1472 1474 1519 remanente.

314 1559 392 1620 ltem
417 1560 518 1622 Elena
544 1560 660 1622 mulier
685 1559 749 1622 lilia
774 1560 912 1622 condam
937 1561 1021 1622 Petri
1051 1562 1126 1624 dicti
1153 1562 1261 1641 Pazar‚
1287 1584 1373 1626 nunc
1398 1585 1473 1626 con·

207 1687 275 1728 sors
299 1665 448 1747 Gregorii
473 1667 589 1729 sutoris
605 1666 662 1729 filii
689 1667 865 1746 Michaelis,
888 1666 1052 1748 quandam
1076 1668 1210 1729 domum
1235 1689 1326 1731 suam
1345 1671 1473 1732 civilem

207 1773 303 1834 simul
328 1792 400 1835 cum
425 1771 526 1834 lando
550 1787 581 1835 et
604 1772 772 1853 hedificiis,
786 1774 970 1855 celarioque
992 1774 1202 1836 subterraneo
1227 1775 1334 1837 eidem
1358 1779 1418 1837 sub
1444 1791 1474 1839 et

209 1878 483 1960 superjacentibus
508 1879 539 1939 in
564 1880 636 1941 vico
669 1895 778 1942 nostro
803 1880 953 1942 exteriori
984 1879 1218 1942 theuthonicali
1252 1881 1335 1942 inter
1359 1882 1474 1944 domos

210 1998 241 2046 et
264 1983 381 2047 fundos
414 2005 449 2046 ac
480 1984 628 2047 hedificia
661 1987 837 2048 liberorum
871 1986 1008 2048 condam
1041 1985 1197 2048 lobannis
1228 1988 1410 2050 stacionarii
1435 1985 1474 2074 :et

210 2091 371 2152 Dominici
395 2092 548 2173 sagiparis
571 2112 607 2153 ac
631 2093 737 2175 Drage
761 2114 816 2155 sue
834 2094 990 2155 consortis
1015 2093 1169 2172 habitam,
1194 2093 1335 2155 mediam
1352 2096 1471 2156 curiam

209 2199 241 2259 in
268 2219 301 2260 se
326 2199 557 2277 continentem,
578 2219 651 2260 curn
669 2201 734 2287 suis
752 2201 958 2283 pertinenciis
975 2201 1080 2261 eidem
1100 2199 1258 2281 Gregorio
1282 2220 1319 2261 ac
1344 2220 1381 2262 ex
1399 2202 1474 2283 ipsis

208 2304 424 2386 superviventi
449 2318 480 2365 et
504 2323 616 2366 eorum
640 2304 813 2387 heredibus
833 2307 966 2368 donavit
990 2321 1148 2389 perpetuo
1173 2306 1350 2368 literatorie
1374 2309 1472 2389 possi·

209 2409 359 2473 dendam.

314 2516 392 2578 ltem
417 2517 621 2579 Theodricus
639 2516 723 2578 lilius
748 2519 858 2579 Jacobi
884 2518 1062 2596 castellani,
1080 2518 1221 2579 concivis
1237 2533 1357 2598 noster,
1374 2539 1472 2601 quan·

210 2622 283 2683 dam
309 2622 442 2684 domum
467 2643 557 2685 suam
583 2644 654 2685 cum
688 2623 790 2686 fundo
819 2639 850 2686 et
882 2622 1040 2685 hedificiis
1065 2625 1095 2685 in
1122 2624 1207 2687 dicta
1240 2625 1368 2688 civitate
1393 2627 1473 2687 inter

210 2731 324 2792 domos
356 2731 521 2792 Jacomelli
554 2730 646 2810 jurati
675 2745 706 2793 et
740 2731 869 2815 Mathye
902 2732 1018 2794 literati
1052 2731 1155 2793 fratris
1187 2732 1263 2794 dicti
1296 2732 1472 2796 Theodrici

209 2837 361 2915 habitam,
386 2838 525 2899 mediam
551 2839 670 2899 curiam
697 2840 727 2899 in
753 2859 785 2900 se
803 2840 1033 2917 continentem,
1058 2839 1193 2901 Nicolao
1218 2838 1382 2902 aurifabro
1406 2840 1472 2903 filio

210 2944 293 3005 Petri
318 2944 462 3005 vendidit
485 2964 522 3006 ex
547 2964 703 3007 consensu
727 2946 905 3007 vicinorum
932 2960 1087 3027 perpetuo
1111 2946 1351 3027 possidendam.

316 3049 393 3110 ltem
418 3051 556 3130 quedam
582 3052 738 3133 particula
766 3053 900 3113 vinealis
925 3053 957 3112 in
974 3053 1135 3114 territorio
1159 3053 1296 3115 civitatis
1320 3054 1404 3115 inter
1427 3054 1471 3115 vi-

211 3176 286 3218 neas
318 3176 373 3217 seu
405 3158 545 3218 vineales
577 3158 748 3238 particulas
780 3159 880 3220 Elene
913 3158 1022 3220 relicte
1054 3173 1085 3220 et
1116 3159 1206 3221 Jelke
1237 3158 1302 3221 filie
1335 3160 1492 3222 condam·

210 3263 367 3324 Anthonii
384 3261 440 3324 filii
466 3263 561 3341 Petri,
578 3265 617 3324 ab
643 3284 707 3325 una
729 3279 828 3346 parte,
852 3267 891 3326 ab
916 3265 1014 3326 altera
1032 3285 1107 3326 vero
1125 3265 1298 3346 Augustini
1315 3265 1472 3328 carnificis

211 3371 320 3430 Kusne
346 3370 422 3430 dicti
447 3368 566 3448 habita,
591 3390 663 3431 curn
688 3372 738 3431 via
763 3391 780 3432 a
805 3385 893 3453 parte
911 3372 987 3433 dicti
1011 3373 1184 3453 Augustini
1209 3372 1315 3433 habita
1346 3373 1471 3454 utrique

211 3477 291 3559 parti
316 3476 526 3554 deserviente,
551 3491 581 3537 et
605 3491 689 3538 meta
714 3477 849 3538 duarum
866 3479 1017 3539 arborum
1043 3497 1228 3540 cerasorum
1249 3497 1344 3540 cruce
1368 3479 1470 3560 signa-

211 3597 318 3646 tarum
344 3603 360 3644 a
385 3596 474 3665 parte
499 3583 581 3643 dicte
614 3583 708 3644 vinee
741 3582 840 3665 ipsius
864 3584 965 3645 Eleae
991 3599 1021 3645 et
1053 3584 1136 3646 dicte
1160 3583 1224 3645 filie
1249 3603 1305 3645 sue
1330 3584 1470 3661 sitarum,

209 3709 282 3751 cum
309 3689 421 3751 semita
446 3703 477 3749 et
501 3689 620 3749 eisdem
645 3690 813 3751 arboribus
837 3691 992 3751 ambabus
1025 3691 1101 3772 ipsis
1124 3690 1268 3772 partibus
1292 3691 1333 3750 ab
1360 3690 1469 3751 eadem

209 3810 299 3877 parte
334 3795 595 3872 deservientibus,
625 3796 762 3857 Nicolao
794 3797 879 3857 dicto
902 3795 1046 3857 Wrchek
1078 3796 1298 3858 commissario
1334 3797 1470 3857 condam

211 3902 340 3965 Martini
366 3900 441 3963 dictl
469 3901 666 3982 Zagorchich
691 3916 737 3963 est
762 3902 934 3963 literatorie
961 3915 1076 3964 statuta
1094 3916 1249 3984 perpetuo
1267 3902 1469 3984 possidenda.

315 4009 392 4068 ltem
425 4008 572 4068 universe
605 4009 823 4089 possessiones
855 4009 1029 4070 inmobiles
1054 4008 1164 4070 Jacobi
1196 4007 1276 4069 alias
1308 4008 1470 4070 castellani

209 4117 248 4177 de
276 4113 480 4193 Medwewar,
495 4115 526 4175 in
544 4114 627 4175 dicta
645 4115 772 4175 civitate
797 4131 827 4176 et
852 4115 921 4175 eius
937 4115 1098 4175 territorio
1115 4113 1222 4175 habite
1244 4127 1275 4176 et
1292 4115 1470 4192 existentes,

208 4224 324 4305 quovis
341 4223 482 4284 nominis
506 4222 665 4282 vocabulo
682 4222 830 4299 vocitate,
856 4222 960 4302 ipsum
979 4222 1134 4282 Jacobum
1153 4220 1285 4302 juridice
1312 4235 1344 4283 et
1367 4223 1468 4285 litera·

124 4347 127 4353 ’
208 4331 289 4391 torie
307 4341 546 4405 concernentes,
570 4342 641 4409 post
658 4329 781 4388 obitum
807 4327 906 4408 ipsius
924 4328 1033 4389 Jacobi
1052 4329 1198 4389 intestate
1222 4327 1344 4389 decessi
1373 4348 1466 4410 super

208 4438 293 4518 ipsos
318 4451 480 4516 tamquam
499 4433 631 4495 heredes
648 4448 679 4494 et
695 4434 879 4514 superstites
897 4435 995 4515 ipsius
1013 4434 1125 4496 unicos
1142 4434 1232 4495 vivos
1264 4449 1466 4496 remanentes

207 4545 264 4603 rite
290 4557 320 4604 et
344 4541 500 4623 legittime
524 4555 597 4600 sunt
621 4540 783 4617 devolute,
808 4561 887 4621 quas
905 4540 1035 4602 tandem
1060 4541 1197 4601 interae
1221 4539 1265 4601 sic
1290 4540 1467 4603 diviserunt

206 4650 273 4731 jure
289 4664 443 4731 perpetuo
461 4647 680 4729 possidendas,
698 4647 784 4727 quod
803 4647 959 4708 medietas
977 4647 1142 4708 cuiusdam
1161 4647 1276 4708 domus
1295 4662 1326 4709 et
1343 4647 1467 4730 pallacii

207 4757 323 4818 murati
349 4776 404 4818 seu
422 4755 517 4818 turris
540 4774 575 4815 ac
594 4752 682 4815 luridi
701 4768 732 4814 et
753 4754 860 4815 celarii
880 4752 987 4814 eidem
1005 4752 1208 4834 subjacentis,
1226 4768 1467 4836 ceterorumque
