<?xml version="1.0" encoding="UTF-8"?>
<!DOCTYPE html PUBLIC "-//W3C//DTD XHTML 1.0 Transitional//EN"
    "http://www.w3.org/TR/xhtml1/DTD/xhtml1-transitional.dtd">
<html xmlns="http://www.w3.org/1999/xhtml" xml:lang="en" lang="en">
 <head>
  <title>
</title>
<meta http-equiv="Content-Type" content="text/html;charset=utf-8" />
  <meta name='ocr-system' content='tesseract 3.04.00' />
  <meta name='ocr-capabilities' content='ocr_page ocr_carea ocr_par ocr_line ocrx_word'/>
</head>
<body>
  <div class='ocr_page' id='page_1' title='image "./monumentahistor17laszgoog_0071.png"; bbox 0 0 3142 5356; ppageno 0'>
   <div class='ocr_carea' id='block_1_1' title="bbox 527 457 1035 2012">
    <p class='ocr_par' dir='ltr' id='par_1_1' title="bbox 527 457 1035 860">
     <span class='ocr_line' id='line_1_1' title="bbox 527 457 1035 539; baseline 0.004 -20"><span class='ocrx_word' id='word_1_1' title='bbox 527 463 613 520; x_wconf 85' lang='lat' dir='ltr'>Anno</span> <span class='ocrx_word' id='word_1_2' title='bbox 637 457 729 539; x_wconf 74' lang='lat'><em>1483.</em></span> <span class='ocrx_word' id='word_1_3' title='bbox 755 495 796 504; x_wconf 94' lang='lat'>—</span> <span class='ocrx_word' id='word_1_4' title='bbox 815 473 849 536; x_wconf 84' lang='lat'>5.</span> <span class='ocrx_word' id='word_1_5' title='bbox 875 461 1035 521; x_wconf 79' lang='lat' dir='ltr'><em>decembris.</em></span> 
     </span>
     <span class='ocr_line' id='line_1_2' title="bbox 676 672 848 735; baseline 0 0"><span class='ocrx_word' id='word_1_6' title='bbox 676 672 848 735; x_wconf 85' lang='lat' dir='ltr'>Iohannes.</span> 
     </span>
     <span class='ocr_line' id='line_1_3' title="bbox 677 779 848 860; baseline 0 -18"><span class='ocrx_word' id='word_1_7' title='bbox 677 779 848 860; x_wconf 85' lang='lat' dir='ltr'><strong>Georgius.</strong></span> 
     </span>
    </p>

    <p class='ocr_par' dir='ltr' id='par_1_2' title="bbox 622 886 871 2012">
     <span class='ocr_line' id='line_1_4' title="bbox 622 886 850 968; baseline -0.009 -17"><span class='ocrx_word' id='word_1_8' title='bbox 622 908 624 913; x_wconf 89' lang='lat'>·</span> <span class='ocrx_word' id='word_1_9' title='bbox 679 886 850 968; x_wconf 83' lang='lat' dir='ltr'><strong>Georgius.</strong></span> 
     </span>
     <span class='ocr_line' id='line_1_5' title="bbox 678 992 871 1055; baseline -0.005 0"><span class='ocrx_word' id='word_1_10' title='bbox 678 992 871 1055; x_wconf 79' lang='lat' dir='ltr'>Anthonius.</span> 
     </span>
     <span class='ocr_line' id='line_1_6' title="bbox 676 1098 841 1162; baseline 0.006 -1"><span class='ocrx_word' id='word_1_11' title='bbox 676 1098 841 1162; x_wconf 89' lang='lat' dir='ltr'>Brelchek.</span> 
     </span>
     <span class='ocr_line' id='line_1_7' title="bbox 677 1204 815 1267; baseline -0.007 0"><span class='ocrx_word' id='word_1_12' title='bbox 677 1204 815 1267; x_wconf 88' lang='lat' dir='ltr'>Mathec.</span> 
     </span>
     <span class='ocr_line' id='line_1_8' title="bbox 676 1311 820 1375; baseline 0.007 -1"><span class='ocrx_word' id='word_1_13' title='bbox 676 1311 820 1375; x_wconf 89' lang='lat' dir='ltr'>Emerih.</span> 
     </span>
     <span class='ocr_line' id='line_1_9' title="bbox 676 1417 825 1481; baseline 0 -1"><span class='ocrx_word' id='word_1_14' title='bbox 676 1417 825 1481; x_wconf 89' lang='lat' dir='ltr'>Michael.</span> 
     </span>
     <span class='ocr_line' id='line_1_10' title="bbox 677 1523 830 1588; baseline 0.013 -2"><span class='ocrx_word' id='word_1_15' title='bbox 677 1523 830 1588; x_wconf 87' lang='lat' dir='ltr'>Michula.</span> 
     </span>
     <span class='ocr_line' id='line_1_11' title="bbox 675 1632 800 1694; baseline 0.008 -1"><span class='ocrx_word' id='word_1_16' title='bbox 675 1632 800 1694; x_wconf 86' lang='lat' dir='ltr'>Valent.</span> 
     </span>
     <span class='ocr_line' id='line_1_12' title="bbox 674 1738 865 1820; baseline 0 -20"><span class='ocrx_word' id='word_1_17' title='bbox 674 1738 865 1820; x_wconf 84' lang='lat' dir='ltr'>Stephanus.</span> 
     </span>
     <span class='ocr_line' id='line_1_13' title="bbox 676 1845 819 1907; baseline 0.007 -1"><span class='ocrx_word' id='word_1_18' title='bbox 676 1845 819 1907; x_wconf 87' lang='lat' dir='ltr'>Barthol.</span> 
     </span>
     <span class='ocr_line' id='line_1_14' title="bbox 676 1951 782 2012; baseline 0 0"><span class='ocrx_word' id='word_1_19' title='bbox 676 1951 782 2012; x_wconf 88' lang='lat' dir='ltr'>Pavel.</span> 
     </span>
    </p>
   </div>
   <div class='ocr_carea' id='block_1_2' title="bbox 675 2056 816 2225">
    <p class='ocr_par' dir='ltr' id='par_1_3' title="bbox 675 2056 816 2225">
     <span class='ocr_line' id='line_1_15' title="bbox 675 2056 798 2120; baseline -0.016 0"><span class='ocrx_word' id='word_1_20' title='bbox 675 2056 798 2120; x_wconf 88' lang='lat' dir='ltr'>Gurko.</span> 
     </span>
     <span class='ocr_line' id='line_1_16' title="bbox 677 2164 816 2225; baseline -0.007 0"><span class='ocrx_word' id='word_1_21' title='bbox 677 2164 816 2225; x_wconf 81' lang='lat' dir='ltr'>Marian.</span> 
     </span>
    </p>
   </div>
   <div class='ocr_carea' id='block_1_3' title="bbox 147 2356 1415 3164">
    <p class='ocr_par' dir='ltr' id='par_1_4' title="bbox 147 2356 1415 3164">
     <span class='ocr_line' id='line_1_17' title="bbox 253 2356 1415 2440; baseline 0 -21"><span class='ocrx_word' id='word_1_22' title='bbox 253 2357 332 2420; x_wconf 86' lang='lat' dir='ltr'>Item</span> <span class='ocrx_word' id='word_1_23' title='bbox 365 2357 530 2440; x_wconf 85' lang='lat' dir='ltr'>prescripti</span> <span class='ocrx_word' id='word_1_24' title='bbox 564 2357 726 2418; x_wconf 88' lang='lat' dir='ltr'>Iohannes</span> <span class='ocrx_word' id='word_1_25' title='bbox 757 2356 851 2438; x_wconf 88' lang='lat' dir='ltr'>judex</span> <span class='ocrx_word' id='word_1_26' title='bbox 881 2371 912 2418; x_wconf 91' lang='lat' dir='ltr'>et</span> <span class='ocrx_word' id='word_1_27' title='bbox 943 2357 1038 2436; x_wconf 89' lang='lat' dir='ltr'>jurati</span> <span class='ocrx_word' id='word_1_28' title='bbox 1063 2377 1099 2418; x_wconf 89' lang='lat' dir='ltr'>ac</span> <span class='ocrx_word' id='word_1_29' title='bbox 1131 2357 1308 2418; x_wconf 89' lang='lat' dir='ltr'>consiliarii</span> <span class='ocrx_word' id='word_1_30' title='bbox 1340 2377 1415 2419; x_wconf 91' lang='lat' dir='ltr'>cum</span> 
     </span>
     <span class='ocr_line' id='line_1_18' title="bbox 149 2463 1414 2526; baseline 0 0"><span class='ocrx_word' id='word_1_31' title='bbox 149 2483 306 2526; x_wconf 88' lang='lat' dir='ltr'>consensu</span> <span class='ocrx_word' id='word_1_32' title='bbox 331 2477 361 2525; x_wconf 92' lang='lat' dir='ltr'>et</span> <span class='ocrx_word' id='word_1_33' title='bbox 385 2464 612 2525; x_wconf 85' lang='lat' dir='ltr'>commissione</span> <span class='ocrx_word' id='word_1_34' title='bbox 637 2464 781 2525; x_wconf 85' lang='lat' dir='ltr'>unanImi</span> <span class='ocrx_word' id='word_1_35' title='bbox 799 2483 834 2524; x_wconf 92' lang='lat' dir='ltr'>ac</span> <span class='ocrx_word' id='word_1_36' title='bbox 859 2463 1013 2524; x_wconf 86' lang='lat' dir='ltr'>concordi</span> <span class='ocrx_word' id='word_1_37' title='bbox 1037 2463 1203 2524; x_wconf 90' lang='lat' dir='ltr'>voluntate</span> <span class='ocrx_word' id='word_1_38' title='bbox 1230 2477 1261 2525; x_wconf 93' lang='lat' dir='ltr'>et</span> <span class='ocrx_word' id='word_1_39' title='bbox 1285 2463 1414 2526; x_wconf 92' lang='lat' dir='ltr'>decreto</span> 
     </span>
     <span class='ocr_line' id='line_1_19' title="bbox 147 2568 1414 2651; baseline 0 -20"><span class='ocrx_word' id='word_1_40' title='bbox 147 2569 251 2632; x_wconf 91' lang='lat' dir='ltr'>tocius</span> <span class='ocrx_word' id='word_1_41' title='bbox 274 2569 514 2631; x_wconf 82' lang='lat' dir='ltr'>communitatis</span> <span class='ocrx_word' id='word_1_42' title='bbox 538 2569 647 2630; x_wconf 88' lang='lat' dir='ltr'>omnia</span> <span class='ocrx_word' id='word_1_43' title='bbox 665 2568 801 2647; x_wconf 89' lang='lat' dir='ltr'>decreta,</span> <span class='ocrx_word' id='word_1_44' title='bbox 820 2582 934 2630; x_wconf 88' lang='lat' dir='ltr'>statuta</span> <span class='ocrx_word' id='word_1_45' title='bbox 951 2585 1015 2630; x_wconf 88' lang='lat' dir='ltr'>tam</span> <span class='ocrx_word' id='word_1_46' title='bbox 1034 2570 1066 2630; x_wconf 84' lang='lat' dir='ltr'>In</span> <span class='ocrx_word' id='word_1_47' title='bbox 1090 2570 1229 2651; x_wconf 88' lang='lat' dir='ltr'>presenti</span> <span class='ocrx_word' id='word_1_48' title='bbox 1255 2589 1353 2650; x_wconf 88' lang='lat' dir='ltr'>quam</span> <span class='ocrx_word' id='word_1_49' title='bbox 1380 2569 1414 2631; x_wconf 93' lang='lat' dir='ltr'>in</span> 
     </span>
     <span class='ocr_line' id='line_1_20' title="bbox 148 2675 1415 2758; baseline 0 -20"><span class='ocrx_word' id='word_1_50' title='bbox 148 2677 290 2758; x_wconf 85' lang='lat' dir='ltr'>antiquis</span> <span class='ocrx_word' id='word_1_51' title='bbox 314 2675 475 2737; x_wconf 86' lang='lat' dir='ltr'>kathernis</span> <span class='ocrx_word' id='word_1_52' title='bbox 499 2677 615 2737; x_wconf 90' lang='lat' dir='ltr'>nostris</span> <span class='ocrx_word' id='word_1_53' title='bbox 637 2689 785 2736; x_wconf 88' lang='lat' dir='ltr'>contenta</span> <span class='ocrx_word' id='word_1_54' title='bbox 810 2690 841 2737; x_wconf 88' lang='lat' dir='ltr'>et</span> <span class='ocrx_word' id='word_1_55' title='bbox 858 2676 974 2757; x_wconf 90' lang='lat' dir='ltr'>scripta</span> <span class='ocrx_word' id='word_1_56' title='bbox 999 2676 1107 2757; x_wconf 91' lang='lat' dir='ltr'>quoad</span> <span class='ocrx_word' id='word_1_57' title='bbox 1124 2695 1238 2736; x_wconf 90' lang='lat' dir='ltr'>omnes</span> <span class='ocrx_word' id='word_1_58' title='bbox 1262 2675 1415 2738; x_wconf 84' lang='lat' dir='ltr'>articulos</span> 
     </span>
     <span class='ocr_line' id='line_1_21' title="bbox 149 2782 1412 2865; baseline -0.002 -20"><span class='ocrx_word' id='word_1_59' title='bbox 149 2797 181 2845; x_wconf 89' lang='lat' dir='ltr'>et</span> <span class='ocrx_word' id='word_1_60' title='bbox 204 2797 320 2865; x_wconf 90' lang='lat' dir='ltr'>puncta</span> <span class='ocrx_word' id='word_1_61' title='bbox 345 2802 380 2843; x_wconf 91' lang='lat' dir='ltr'>ac</span> <span class='ocrx_word' id='word_1_62' title='bbox 413 2782 572 2843; x_wconf 84' lang='lat' dir='ltr'>clausulas</span> <span class='ocrx_word' id='word_1_63' title='bbox 605 2782 795 2843; x_wconf 90' lang='lat' dir='ltr'>eorumdem</span> <span class='ocrx_word' id='word_1_64' title='bbox 828 2782 1028 2844; x_wconf 88' lang='lat' dir='ltr'>decretorum</span> <span class='ocrx_word' id='word_1_65' title='bbox 1063 2795 1093 2844; x_wconf 91' lang='lat' dir='ltr'>et</span> <span class='ocrx_word' id='word_1_66' title='bbox 1130 2797 1322 2843; x_wconf 87' lang='lat' dir='ltr'>statutorum</span> <span class='ocrx_word' id='word_1_67' title='bbox 1355 2801 1412 2864; x_wconf 88' lang='lat' dir='ltr'>per</span> 
     </span>
     <span class='ocr_line' id='line_1_22' title="bbox 148 2889 1412 2971; baseline -0.001 -20"><span class='ocrx_word' id='word_1_68' title='bbox 148 2903 252 2952; x_wconf 92' lang='lat' dir='ltr'>totum</span> <span class='ocrx_word' id='word_1_69' title='bbox 286 2909 406 2951; x_wconf 89' lang='lat' dir='ltr'>annum</span> <span class='ocrx_word' id='word_1_70' title='bbox 431 2889 585 2971; x_wconf 87' lang='lat' dir='ltr'>presentis</span> <span class='ocrx_word' id='word_1_71' title='bbox 610 2889 767 2968; x_wconf 81' lang='lat' dir='ltr'>judicatus</span> <span class='ocrx_word' id='word_1_72' title='bbox 796 2889 894 2970; x_wconf 89' lang='lat' dir='ltr'>ipsius</span> <span class='ocrx_word' id='word_1_73' title='bbox 926 2889 1080 2950; x_wconf 85' lang='lat' dir='ltr'>Iohannis</span> <span class='ocrx_word' id='word_1_74' title='bbox 1104 2889 1219 2970; x_wconf 89' lang='lat' dir='ltr'>judicis</span> <span class='ocrx_word' id='word_1_75' title='bbox 1243 2902 1274 2950; x_wconf 93' lang='lat' dir='ltr'>et</span> <span class='ocrx_word' id='word_1_76' title='bbox 1298 2908 1412 2950; x_wconf 86' lang='lat' dir='ltr'>conse·</span> 
     </span>
     <span class='ocr_line' id='line_1_23' title="bbox 150 2995 1412 3079; baseline -0.001 -21"><span class='ocrx_word' id='word_1_77' title='bbox 150 3012 284 3079; x_wconf 88' lang='lat' dir='ltr'>quenter</span> <span class='ocrx_word' id='word_1_78' title='bbox 309 2996 460 3078; x_wconf 87' lang='lat' dir='ltr'>deinceps</span> <span class='ocrx_word' id='word_1_79' title='bbox 485 2997 516 3057; x_wconf 93' lang='lat' dir='ltr'>in</span> <span class='ocrx_word' id='word_1_80' title='bbox 541 3010 697 3078; x_wconf 88' lang='lat' dir='ltr'>perpetuo</span> <span class='ocrx_word' id='word_1_81' title='bbox 714 2997 966 3057; x_wconf 85' lang='lat' dir='ltr'>irrevocabiliter</span> <span class='ocrx_word' id='word_1_82' title='bbox 990 2995 1261 3057; x_wconf 86' lang='lat' dir='ltr'>confirmaverunt</span> <span class='ocrx_word' id='word_1_83' title='bbox 1284 3016 1412 3079; x_wconf 85' lang='lat' dir='ltr'>semper</span> 
     </span>
     <span class='ocr_line' id='line_1_24' title="bbox 150 3101 732 3164; baseline 0.002 -1"><span class='ocrx_word' id='word_1_84' title='bbox 150 3102 285 3164; x_wconf 86' lang='lat' dir='ltr'>valitura</span> <span class='ocrx_word' id='word_1_85' title='bbox 311 3117 341 3164; x_wconf 93' lang='lat' dir='ltr'>et</span> <span class='ocrx_word' id='word_1_86' title='bbox 365 3101 498 3164; x_wconf 85' lang='lat' dir='ltr'>firmiter</span> <span class='ocrx_word' id='word_1_87' title='bbox 522 3102 732 3164; x_wconf 88' lang='lat' dir='ltr'>observanda.</span> 
     </span>
    </p>
   </div>
   <div class='ocr_carea' id='block_1_4' title="bbox 215 3338 1350 3432">
    <p class='ocr_par' dir='ltr' id='par_1_5' title="bbox 215 3338 1350 3432">
     <span class='ocr_line' id='line_1_25' title="bbox 215 3338 1350 3432; baseline 0.002 -20"><span class='ocrx_word' id='word_1_88' title='bbox 215 3338 309 3412; x_wconf 83' lang='lat' dir='ltr'>Feria</span> <span class='ocrx_word' id='word_1_89' title='bbox 340 3348 436 3410; x_wconf 84' lang='lat' dir='ltr'>sexta</span> <span class='ocrx_word' id='word_1_90' title='bbox 472 3339 622 3428; x_wconf 85' lang='lat' dir='ltr'>proxima</span> <span class='ocrx_word' id='word_1_91' title='bbox 652 3348 729 3411; x_wconf 91' lang='lat' dir='ltr'>ante</span> <span class='ocrx_word' id='word_1_92' title='bbox 757 3339 879 3411; x_wconf 87' lang='lat' dir='ltr'>festum</span> <span class='ocrx_word' id='word_1_93' title='bbox 917 3339 1006 3411; x_wconf 86' lang='lat' dir='ltr'>beati</span> <span class='ocrx_word' id='word_1_94' title='bbox 1037 3340 1162 3413; x_wconf 85' lang='lat' dir='ltr'>Nicolai</span> <span class='ocrx_word' id='word_1_95' title='bbox 1192 3344 1350 3432; x_wconf 87' lang='lat' dir='ltr'>episcopi.</span> 
     </span>
    </p>
   </div>
   <div class='ocr_carea' id='block_1_5' title="bbox 662 3493 901 3569">
    <p class='ocr_par' dir='ltr' id='par_1_6' title="bbox 662 3493 901 3569">
     <span class='ocr_line' id='line_1_26' title="bbox 662 3493 901 3569; baseline 0.017 -18"><span class='ocrx_word' id='word_1_96' title='bbox 662 3506 704 3569; x_wconf 81' lang='lat'>(5.</span> <span class='ocrx_word' id='word_1_97' title='bbox 728 3493 901 3555; x_wconf 80' lang='lat' dir='ltr'>decembris).</span> 
     </span>
    </p>
   </div>
   <div class='ocr_carea' id='block_1_6' title="bbox 151 3631 1417 4250">
    <p class='ocr_par' dir='ltr' id='par_1_7' title="bbox 152 3631 1417 3908">
     <span class='ocr_line' id='line_1_27' title="bbox 256 3631 1417 3700; baseline 0.007 -8"><span class='ocrx_word' id='word_1_98' title='bbox 256 3631 334 3692; x_wconf 89' lang='lat' dir='ltr'>Item</span> <span class='ocrx_word' id='word_1_99' title='bbox 360 3652 486 3694; x_wconf 86' lang='lat' dir='ltr'>causam</span> <span class='ocrx_word' id='word_1_100' title='bbox 512 3633 593 3694; x_wconf 86' lang='lat' dir='ltr'>Inter</span> <span class='ocrx_word' id='word_1_101' title='bbox 617 3633 825 3694; x_wconf 87' lang='lat' dir='ltr'>Valentinum</span> <span class='ocrx_word' id='word_1_102' title='bbox 858 3634 1038 3696; x_wconf 88' lang='lat' dir='ltr'>carnificem</span> <span class='ocrx_word' id='word_1_103' title='bbox 1071 3650 1102 3696; x_wconf 93' lang='lat' dir='ltr'>et</span> <span class='ocrx_word' id='word_1_104' title='bbox 1132 3633 1271 3697; x_wconf 80' lang='lat' dir='ltr'>famulos</span> <span class='ocrx_word' id='word_1_105' title='bbox 1296 3637 1417 3700; x_wconf 91' lang='lat' dir='ltr'>Kelecz</span> 
     </span>
     <span class='ocr_line' id='line_1_28' title="bbox 152 3738 1417 3825; baseline 0.006 -26"><span class='ocrx_word' id='word_1_106' title='bbox 152 3753 182 3800; x_wconf 92' lang='lat' dir='ltr'>et</span> <span class='ocrx_word' id='word_1_107' title='bbox 207 3739 345 3800; x_wconf 91' lang='lat' dir='ltr'>Emerici</span> <span class='ocrx_word' id='word_1_108' title='bbox 370 3738 450 3799; x_wconf 89' lang='lat' dir='ltr'>Iabri</span> <span class='ocrx_word' id='word_1_109' title='bbox 475 3759 534 3821; x_wconf 90' lang='lat' dir='ltr'>pro</span> <span class='ocrx_word' id='word_1_110' title='bbox 559 3740 698 3820; x_wconf 87' lang='lat' dir='ltr'>quadam</span> <span class='ocrx_word' id='word_1_111' title='bbox 732 3740 831 3802; x_wconf 93' lang='lat' dir='ltr'>domo</span> <span class='ocrx_word' id='word_1_112' title='bbox 863 3761 919 3822; x_wconf 86' lang='lat' dir='ltr'>per</span> <span class='ocrx_word' id='word_1_113' title='bbox 944 3742 1029 3823; x_wconf 91' lang='lat' dir='ltr'>ipsos</span> <span class='ocrx_word' id='word_1_114' title='bbox 1061 3743 1214 3821; x_wconf 90' lang='lat' dir='ltr'>desolata,</span> <span class='ocrx_word' id='word_1_115' title='bbox 1240 3757 1286 3804; x_wconf 92' lang='lat' dir='ltr'>est</span> <span class='ocrx_word' id='word_1_116' title='bbox 1311 3745 1417 3825; x_wconf 87' lang='lat' dir='ltr'>prIma</span> 
     </span>
     <span class='ocr_line' id='line_1_29' title="bbox 153 3846 278 3908; baseline -0.008 -1"><span class='ocrx_word' id='word_1_117' title='bbox 153 3846 278 3908; x_wconf 89' lang='lat' dir='ltr'>citacio.</span> 
     </span>
    </p>

    <p class='ocr_par' dir='ltr' id='par_1_8' title="bbox 151 3950 1417 4250">
     <span class='ocr_line' id='line_1_30' title="bbox 258 3950 1417 4038; baseline 0.007 -27"><span class='ocrx_word' id='word_1_118' title='bbox 258 3950 336 4013; x_wconf 92' lang='lat' dir='ltr'>Item</span> <span class='ocrx_word' id='word_1_119' title='bbox 362 3952 392 4012; x_wconf 89' lang='lat' dir='ltr'>in</span> <span class='ocrx_word' id='word_1_120' title='bbox 418 3972 511 4013; x_wconf 89' lang='lat' dir='ltr'>causa</span> <span class='ocrx_word' id='word_1_121' title='bbox 537 3952 618 4013; x_wconf 89' lang='lat' dir='ltr'>inter</span> <span class='ocrx_word' id='word_1_122' title='bbox 644 3953 816 4015; x_wconf 84' lang='lat' dir='ltr'>Mikulicza</span> <span class='ocrx_word' id='word_1_123' title='bbox 841 3968 872 4015; x_wconf 90' lang='lat' dir='ltr'>et</span> <span class='ocrx_word' id='word_1_124' title='bbox 894 3954 1071 4036; x_wconf 87' lang='lat' dir='ltr'>Georgium</span> <span class='ocrx_word' id='word_1_125' title='bbox 1090 3969 1231 4016; x_wconf 89' lang='lat' dir='ltr'>sutorem</span> <span class='ocrx_word' id='word_1_126' title='bbox 1256 3975 1315 4038; x_wconf 90' lang='lat' dir='ltr'>pro</span> <span class='ocrx_word' id='word_1_127' title='bbox 1333 3977 1417 4038; x_wconf 93' lang='lat' dir='ltr'>quo-</span> 
     </span>
     <span class='ocr_line' id='line_1_31' title="bbox 151 4057 1415 4147; baseline 0.006 -30"><span class='ocrx_word' id='word_1_128' title='bbox 151 4057 225 4118; x_wconf 87' lang='lat' dir='ltr'>dam</span> <span class='ocrx_word' id='word_1_129' title='bbox 250 4077 347 4138; x_wconf 80' lang='lat' dir='ltr'>eqnn,</span> <span class='ocrx_word' id='word_1_130' title='bbox 375 4058 468 4137; x_wconf 83' lang='lat' dir='ltr'>jurati</span> <span class='ocrx_word' id='word_1_131' title='bbox 493 4058 766 4138; x_wconf 86' lang='lat' dir='ltr'>adjudicaverunt,</span> <span class='ocrx_word' id='word_1_132' title='bbox 792 4060 879 4141; x_wconf 92' lang='lat' dir='ltr'>quod</span> <span class='ocrx_word' id='word_1_133' title='bbox 898 4060 1057 4142; x_wconf 89' lang='lat' dir='ltr'>Georgius</span> <span class='ocrx_word' id='word_1_134' title='bbox 1080 4076 1169 4123; x_wconf 90' lang='lat' dir='ltr'>sutor</span> <span class='ocrx_word' id='word_1_135' title='bbox 1193 4062 1289 4124; x_wconf 87' lang='lat' dir='ltr'>debet</span> <span class='ocrx_word' id='word_1_136' title='bbox 1314 4064 1415 4147; x_wconf 92' lang='lat' dir='ltr'>depo-</span> 
     </span>
     <span class='ocr_line' id='line_1_32' title="bbox 151 4162 1416 4250; baseline 0.008 -26"><span class='ocrx_word' id='word_1_137' title='bbox 151 4183 226 4225; x_wconf 91' lang='lat' dir='ltr'>nere</span> <span class='ocrx_word' id='word_1_138' title='bbox 250 4162 464 4244; x_wconf 88' lang='lat' dir='ltr'>juramentum</span> <span class='ocrx_word' id='word_1_139' title='bbox 497 4165 585 4225; x_wconf 88' lang='lat' dir='ltr'>solus</span> <span class='ocrx_word' id='word_1_140' title='bbox 610 4165 640 4225; x_wconf 96' lang='lat' dir='ltr'>in</span> <span class='ocrx_word' id='word_1_141' title='bbox 674 4186 727 4226; x_wconf 87' lang='lat' dir='ltr'>ara</span> <span class='ocrx_word' id='word_1_142' title='bbox 760 4181 867 4227; x_wconf 88' lang='lat' dir='ltr'>sancte</span> <span class='ocrx_word' id='word_1_143' title='bbox 901 4167 1013 4229; x_wconf 90' lang='lat' dir='ltr'>Crucis</span> <span class='ocrx_word' id='word_1_144' title='bbox 1045 4166 1122 4228; x_wconf 90' lang='lat' dir='ltr'>Ieria</span> <span class='ocrx_word' id='word_1_145' title='bbox 1155 4184 1242 4230; x_wconf 84' lang='lat' dir='ltr'>sexta</span> <span class='ocrx_word' id='word_1_146' title='bbox 1267 4171 1416 4250; x_wconf 85' lang='lat' dir='ltr'>proxime</span> 
     </span>
    </p>
   </div>
   <div class='ocr_carea' id='block_1_7' title="bbox 151 4270 1415 4459">
    <p class='ocr_par' dir='ltr' id='par_1_9' title="bbox 151 4270 1415 4459">
     <span class='ocr_line' id='line_1_33' title="bbox 151 4270 1415 4360; baseline 0.009 -30"><span class='ocrx_word' id='word_1_147' title='bbox 151 4285 296 4348; x_wconf 81' lang='lat' dir='ltr'>ventura,</span> <span class='ocrx_word' id='word_1_148' title='bbox 331 4270 373 4330; x_wconf 92' lang='lat' dir='ltr'>ita</span> <span class='ocrx_word' id='word_1_149' title='bbox 406 4271 493 4351; x_wconf 91' lang='lat' dir='ltr'>quod</span> <span class='ocrx_word' id='word_1_150' title='bbox 526 4272 591 4352; x_wconf 93' lang='lat' dir='ltr'>ipse</span> <span class='ocrx_word' id='word_1_151' title='bbox 626 4270 785 4352; x_wconf 85' lang='lat' dir='ltr'>Georgius</span> <span class='ocrx_word' id='word_1_152' title='bbox 816 4293 882 4334; x_wconf 92' lang='lat' dir='ltr'>non</span> <span class='ocrx_word' id='word_1_153' title='bbox 919 4276 1089 4357; x_wconf 91' lang='lat' dir='ltr'>assumpsit</span> <span class='ocrx_word' id='word_1_154' title='bbox 1120 4277 1259 4337; x_wconf 88' lang='lat' dir='ltr'>eundem</span> <span class='ocrx_word' id='word_1_155' title='bbox 1293 4297 1415 4360; x_wconf 92' lang='lat' dir='ltr'>equum</span> 
     </span>
     <span class='ocr_line' id='line_1_34' title="bbox 152 4377 1214 4459; baseline 0.005 -20"><span class='ocrx_word' id='word_1_156' title='bbox 152 4377 312 4439; x_wconf 90' lang='lat' dir='ltr'>custodire</span> <span class='ocrx_word' id='word_1_157' title='bbox 337 4397 394 4438; x_wconf 89' lang='lat' dir='ltr'>nec</span> <span class='ocrx_word' id='word_1_158' title='bbox 420 4393 465 4438; x_wconf 91' lang='lat' dir='ltr'>est</span> <span class='ocrx_word' id='word_1_159' title='bbox 490 4377 674 4459; x_wconf 89' lang='lat' dir='ltr'>deperditus</span> <span class='ocrx_word' id='word_1_160' title='bbox 699 4399 771 4440; x_wconf 91' lang='lat' dir='ltr'>cum</span> <span class='ocrx_word' id='word_1_161' title='bbox 796 4381 960 4443; x_wconf 88' lang='lat' dir='ltr'>voluntate</span> <span class='ocrx_word' id='word_1_162' title='bbox 986 4396 1017 4442; x_wconf 90' lang='lat' dir='ltr'>et</span> <span class='ocrx_word' id='word_1_163' title='bbox 1041 4382 1121 4443; x_wconf 93' lang='lat' dir='ltr'>scitu</span> <span class='ocrx_word' id='word_1_164' title='bbox 1145 4403 1214 4444; x_wconf 91' lang='lat' dir='ltr'>su0.</span> 
     </span>
    </p>
   </div>
   <div class='ocr_carea' id='block_1_8' title="bbox 151 4483 1414 5000">
    <p class='ocr_par' dir='ltr' id='par_1_10' title="bbox 151 4483 1414 4781">
     <span class='ocr_line' id='line_1_35' title="bbox 257 4483 1414 4566; baseline 0.008 -22"><span class='ocrx_word' id='word_1_165' title='bbox 257 4483 335 4544; x_wconf 93' lang='lat' dir='ltr'>Item</span> <span class='ocrx_word' id='word_1_166' title='bbox 361 4483 507 4544; x_wconf 86' lang='lat' dir='ltr'>similiter</span> <span class='ocrx_word' id='word_1_167' title='bbox 531 4505 589 4564; x_wconf 87' lang='lat' dir='ltr'>pro</span> <span class='ocrx_word' id='word_1_168' title='bbox 616 4484 731 4546; x_wconf 89' lang='lat' dir='ltr'>eodem</span> <span class='ocrx_word' id='word_1_169' title='bbox 757 4506 841 4566; x_wconf 90' lang='lat' dir='ltr'>equo</span> <span class='ocrx_word' id='word_1_170' title='bbox 863 4488 1046 4548; x_wconf 83' lang='lat' dir='ltr'>Anthonius</span> <span class='ocrx_word' id='word_1_171' title='bbox 1071 4487 1173 4549; x_wconf 89' lang='lat' dir='ltr'>dictus</span> <span class='ocrx_word' id='word_1_172' title='bbox 1199 4490 1300 4551; x_wconf 89' lang='lat' dir='ltr'>Janko</span> <span class='ocrx_word' id='word_1_173' title='bbox 1325 4491 1414 4554; x_wconf 83' lang='lat' dir='ltr'>slmi-</span> 
     </span>
     <span class='ocr_line' id='line_1_36' title="bbox 152 4591 1412 4678; baseline 0.006 -25"><span class='ocrx_word' id='word_1_174' title='bbox 152 4591 224 4653; x_wconf 88' lang='lat' dir='ltr'>Iiter</span> <span class='ocrx_word' id='word_1_175' title='bbox 249 4592 344 4653; x_wconf 88' lang='lat' dir='ltr'>debet</span> <span class='ocrx_word' id='word_1_176' title='bbox 368 4591 530 4671; x_wconf 88' lang='lat' dir='ltr'>deponere</span> <span class='ocrx_word' id='word_1_177' title='bbox 554 4592 769 4672; x_wconf 87' lang='lat' dir='ltr'>juramentum</span> <span class='ocrx_word' id='word_1_178' title='bbox 795 4594 882 4675; x_wconf 92' lang='lat' dir='ltr'>quod</span> <span class='ocrx_word' id='word_1_179' title='bbox 908 4596 975 4677; x_wconf 90' lang='lat' dir='ltr'>ipse</span> <span class='ocrx_word' id='word_1_180' title='bbox 992 4616 1056 4657; x_wconf 93' lang='lat' dir='ltr'>non</span> <span class='ocrx_word' id='word_1_181' title='bbox 1082 4611 1244 4678; x_wconf 89' lang='lat' dir='ltr'>receperat</span> <span class='ocrx_word' id='word_1_182' title='bbox 1269 4599 1412 4662; x_wconf 90' lang='lat' dir='ltr'>eundem</span> 
     </span>
     <span class='ocr_line' id='line_1_37' title="bbox 151 4699 933 4781; baseline 0.003 -21"><span class='ocrx_word' id='word_1_183' title='bbox 151 4718 272 4780; x_wconf 90' lang='lat' dir='ltr'>equum</span> <span class='ocrx_word' id='word_1_184' title='bbox 297 4718 402 4780; x_wconf 89' lang='lat' dir='ltr'>neque</span> <span class='ocrx_word' id='word_1_185' title='bbox 427 4713 472 4759; x_wconf 89' lang='lat' dir='ltr'>est</span> <span class='ocrx_word' id='word_1_186' title='bbox 497 4699 639 4781; x_wconf 88' lang='lat' dir='ltr'>perditus</span> <span class='ocrx_word' id='word_1_187' title='bbox 664 4720 735 4761; x_wconf 91' lang='lat' dir='ltr'>cum</span> <span class='ocrx_word' id='word_1_188' title='bbox 761 4721 819 4761; x_wconf 92' lang='lat' dir='ltr'>suo</span> <span class='ocrx_word' id='word_1_189' title='bbox 843 4702 933 4763; x_wconf 90' lang='lat' dir='ltr'>scitu.</span> 
     </span>
    </p>

    <p class='ocr_par' dir='ltr' id='par_1_11' title="bbox 151 4805 1413 5000">
     <span class='ocr_line' id='line_1_38' title="bbox 257 4805 1413 4874; baseline 0.007 -9"><span class='ocrx_word' id='word_1_190' title='bbox 257 4805 335 4867; x_wconf 91' lang='lat' dir='ltr'>Item</span> <span class='ocrx_word' id='word_1_191' title='bbox 360 4825 488 4866; x_wconf 89' lang='lat' dir='ltr'>causam</span> <span class='ocrx_word' id='word_1_192' title='bbox 513 4806 593 4866; x_wconf 91' lang='lat' dir='ltr'>inter</span> <span class='ocrx_word' id='word_1_193' title='bbox 619 4805 750 4868; x_wconf 88' lang='lat' dir='ltr'>Gallum</span> <span class='ocrx_word' id='word_1_194' title='bbox 784 4808 938 4870; x_wconf 88' lang='lat' dir='ltr'>Kodelicz</span> <span class='ocrx_word' id='word_1_195' title='bbox 964 4822 993 4869; x_wconf 93' lang='lat' dir='ltr'>et</span> <span class='ocrx_word' id='word_1_196' title='bbox 1018 4809 1174 4870; x_wconf 87' lang='lat' dir='ltr'>Iacobum</span> <span class='ocrx_word' id='word_1_197' title='bbox 1200 4823 1230 4871; x_wconf 88' lang='lat' dir='ltr'>et</span> <span class='ocrx_word' id='word_1_198' title='bbox 1255 4810 1413 4874; x_wconf 78' lang='lat' dir='ltr'>Valentele</span> 
     </span>
     <span class='ocr_line' id='line_1_39' title="bbox 151 4912 1411 5000; baseline 0.008 -28"><span class='ocrx_word' id='word_1_199' title='bbox 151 4930 209 4994; x_wconf 91' lang='lat' dir='ltr'>pro</span> <span class='ocrx_word' id='word_1_200' title='bbox 227 4912 418 4994; x_wconf 88' lang='lat' dir='ltr'>quibusdam</span> <span class='ocrx_word' id='word_1_201' title='bbox 437 4912 655 4993; x_wconf 84' lang='lat' dir='ltr'>stramInibus‚</span> <span class='ocrx_word' id='word_1_202' title='bbox 674 4913 785 4975; x_wconf 86' lang='lat' dir='ltr'>Gallus</span> <span class='ocrx_word' id='word_1_203' title='bbox 801 4916 975 4999; x_wconf 87' lang='lat' dir='ltr'>appellavit</span> <span class='ocrx_word' id='word_1_204' title='bbox 993 4917 1033 4978; x_wconf 89' lang='lat' dir='ltr'>ad</span> <span class='ocrx_word' id='word_1_205' title='bbox 1053 4917 1195 4980; x_wconf 90' lang='lat' dir='ltr'>seniores</span> <span class='ocrx_word' id='word_1_206' title='bbox 1211 4918 1286 5000; x_wconf 86' lang='lat' dir='ltr'>quia</span> <span class='ocrx_word' id='word_1_207' title='bbox 1303 4919 1411 4983; x_wconf 92' lang='lat' dir='ltr'>eidem</span> 
     </span>
    </p>
   </div>
   <div class='ocr_carea' id='block_1_9' title="bbox 0 0 1578 5356">
    <p class='ocr_par' dir='ltr' id='par_1_12' title="bbox 0 0 1578 5356">
     <span class='ocr_line' id='line_1_40' title="bbox 0 0 1578 5356; baseline 0 0"><span class='ocrx_word' id='word_1_208' title='bbox 0 0 1578 5356; x_wconf 95' lang='lat' dir='ltr'> </span> 
     </span>
    </p>
   </div>
  </div>
 </body>
</html>
