3142 5356
540 109 627 165 Anno
649 120 741 181 1509.
771 139 812 149 —
837 122 886 185 19.
904 105 1057 181 januarii.
1375 104 1428 166 181

272 321 377 384 Causa
403 321 485 382 inter
510 319 683 381 Nicolaum
710 318 905 400 Merzloclep
939 332 969 379 et
994 317 1189 398 Gregorium
1221 331 1361 379 sutorem
1386 339 1433 380 ra·

130 426 259 490 :ione
281 427 499 510 percussionis
523 426 556 487 in
582 424 698 486 faciem
724 425 800 486 dicti
818 424 944 485 Nicolai
969 423 1128 506 usquead
1154 422 1344 485 effusionem
1363 445 1433 486 san·

130 534 272 610 guinis
295 555 331 596 ac
356 548 467 595 mutue
494 531 756 614 vituperacionis,
789 530 882 610 jurati
914 530 1150 609 adjudicarunt,
1182 530 1269 611 quod
1296 549 1332 591 ex
1367 550 1433 611 quo

130 640 304 718 prefatus
330 640 508 721 Gregorius
531 639 620 721 prius
645 639 826 719 vituperare
845 639 929 718 cepit
947 652 976 699 et
1003 637 1134 698 tandem
1160 637 1192 697 in
1218 636 1331 698 faciem
1350 637 1433 699 eius·

130 743 243 806 dem
264 747 417 829 percussit
441 765 543 826 usque
576 745 616 806 ad
650 745 817 824 sanguinis
850 743 1052 822 effusionem,
1080 749 1122 804 ob
1158 743 1218 804 hoc
1243 743 1329 804 idem
1354 743 1433 806 Gre-

130 854 274 930 gorius
297 869 407 916 contra
433 850 592 935 prefatum
621 851 793 913 Nicolaum
827 851 995 912 convictus
1018 864 1065 912 est
1097 870 1196 931 penes
1220 863 1374 912 statutum
1400 851 1431 912 in

135 957 275 1022 decem
300 962 407 1043 pensis
432 959 650 1036 denariorum,
675 972 705 1018 et
722 958 796 1039 quia
816 972 927 1019 mutue
946 957 1202 1039 vituperaciones
1226 957 1308 1019 inter
1331 958 1433 1020 dictos

141 1059 252 1126 facte
272 1068 490 1149 perhibentur,
505 1066 579 1127 ideo
605 1065 672 1147 pari
697 1066 863 1125 voluntate
889 1079 919 1125 et
943 1077 1057 1124 mutuo
1086 1065 1272 1142 sustineant,
1298 1078 1431 1146 utraque

146 1187 245 1247 pars
264 1175 404 1236 convicta
431 1173 535 1236 estin
560 1186 688 1235 centum
714 1171 854 1232 denariis
871 1171 990 1252 judici;
1015 1185 1121 1252 partes
1145 1190 1221 1231 vero
1246 1171 1285 1232 de
1309 1170 1431 1251 judicio

152 1270 341 1347 iuratorum
366 1299 433 1342 non
459 1292 609 1341 contente
633 1278 689 1339 sed
713 1278 959 1359 appellaverunt
986 1277 1027 1338 ad
1051 1278 1195 1338 seniores
1219 1277 1351 1358 judices,
1375 1278 1431 1359 qui

154 1383 295 1448 tandem
317 1406 448 1449 causam
471 1384 629 1468 prefatam
654 1385 865 1464 ruminantes,
891 1383 1173 1447 confirmaverunt.

295 1645 442 1716 Sabbata
472 1645 524 1714 die
552 1636 704 1733 proximo
734 1650 812 1714 ante
840 1641 1039 1714 dominicam
1069 1643 1285 1732 Nupclarum.

668 1795 732 1874 (13.
750 1795 919 1875 januaria).

274 1937 422 2000 Seniores
446 1937 568 2018 judices
592 1956 719 1999 causam
752 1935 907 2018 prefatam
933 1937 1014 1998 inter
1039 1936 1150 1998 fratres
1174 1937 1275 1998 sancti
1299 1936 1425 1999 Nicolai

183 2037 209 2085 ⁶1
228 2033 429 2107 Dominicum
454 2043 641 2126 Perowych,
664 2044 752 2125 prius
777 2064 832 2124 per
860 2043 979 2124 juratos
1011 2043 1192 2123 adjudicata
1217 2058 1248 2105 et
1271 2044 1373 2105 revisa
1399 2057 1429 2106 et

181 2137 292 2243 [aldem
318 2151 357 2212 ad
382 2151 525 2212 seniores
548 2149 669 2231 judices
691 2149 862 2232 appellata,
881 2151 1009 2211 racione
1024 2150 1189 2211 cuiusdam
1215 2151 1304 2228 silve,
1330 2170 1427 2232 quam

180 2237 264 2316 ”dem
287 2256 399 2319 fratres
422 2258 605 2318 asserebant
629 2275 697 2318 esse
723 2275 834 2316 eorum
860 2271 890 2315 et
914 2255 1045 2317 tandem
1070 2255 1214 2338 prefatus
1238 2257 1429 2318 Dominicus

179 2354 267 2439 turm,
283 2363 482 2444 quequidem
497 2376 602 2445 partes
618 2376 714 2424 testes
732 2374 954 2443 competentes
972 2362 1147 2444 producere
1163 2383 1226 2424 non
1244 2376 1428 2446 potuerunt,

177 2448 207 2509 ⁰b
228 2459 290 2530 hoc
313 2470 457 2531 seniores
480 2469 603 2550 judices
628 2467 751 2550 prefato
775 2467 953 2530 Dominico
975 2469 1140 2531 Perowich
1166 2469 1206 2530 ad
1231 2468 1342 2531 feriam
1360 2491 1428 2531 sex·

176 2563 226 2622 ¹²⁰¹
254 2571 389 2636 futuram
415 2575 448 2636 in
473 2574 563 2636 altari
589 2589 696 2636 sancte
730 2574 843 2636 Crucis
875 2575 1090 2656 juramentum
1117 2577 1278 2658 deponere
1302 2576 1428 2655 adjudi-

178 2678 286 2759 clfllnt,
309 2681 398 2763 quod
423 2681 509 2743 idem
545 2682 736 2743 Dominicus
770 2701 835 2742 non
867 2683 1003 2743 adictis
1035 2681 1185 2744 fratribus
1209 2696 1304 2764 prout
1328 2683 1427 2745 iidem

179 2787 347 2850 asserebant
369 2788 425 2849 sed
450 2789 490 2850 ab
514 2789 738 2849 executoribus
760 2788 898 2849 condam
917 2789 1046 2850 Martini
1071 2789 1162 2850 aliter
1180 2790 1354 2850 Martinecz
1371 2809 1426 2850 vo·

182 2882 243 2964 eati,
256 2895 402 2956 videlicet
418 2895 458 2955 ab
475 2894 641 2956 Anthonio
655 2894 693 2954 dc
705 2894 852 2956 Klolroch
867 2909 897 2956 et
908 2895 1081 2956 Valentino
1093 2895 1248 2956 Saronich
1262 2895 1425 2976 (emerat);

184 2986 312 3070 deposito
344 3002 452 3083 itaque
484 3000 670 3062 huiusmodi
703 3001 883 3081 juramento
918 3001 1024 3062 eidem
1057 3001 1230 3062 Dominico
1259 3001 1424 3063 Perowich

185 3104 389 3178 possidendam
415 3107 670 3188 adjudicavimus
694 3107 934 3188 perpetualiter.

269 3230 343 3294 ltem
370 3231 507 3293 Mathias
531 3228 661 3313 pellifex
686 3231 726 3292 ad
751 3231 940 3292 instanciam
971 3231 1108 3291 Barbare
1134 3231 1242 3291 uxoris
1267 3231 1424 3292 Lodouici

182 3328 269 3415 primo
291 3340 405 3401 citatus
429 3358 493 3400 non
519 3339 709 3420 comparuit.

269 3464 417 3527 Seniores
441 3462 563 3543 judices
587 3483 716 3524 causam
741 3476 862 3525 motam
885 3464 966 3524 inter
993 3461 1170 3542 Georgium
1195 3461 1375 3543 sclliparem
1393 3474 1424 3522 et

174 3564 339 3650 Georgium
365 3569 534 3631 Mandlecz
560 3583 590 3631 et
606 3589 663 3651 per
687 3569 807 3650 juratos
824 3568 1050 3647 adjudicatam,
1072 3588 1129 3650 per
1145 3567 1286 3629 seniores
1303 3566 1424 3648 judices

168 3689 267 3759 partes
288 3675 482 3739 concordate
506 3675 614 3757 (sunt).

239 3931 332 4005 feria
360 3940 459 4004 sexta
488 3924 642 4021 proxima
671 3939 746 4019 post
776 3930 897 4002 festum
927 3932 1022 4001 beate
1052 3929 1167 4001 Prisce
1193 3928 1344 4018 virginis.

656 4085 720 4159 (19.
746 4084 906 4150 r'anuarii).

267 4226 344 4289 ltcm
370 4226 507 4288 Mathias
531 4224 664 4308 pellifex
688 4225 728 4287 ad
753 4226 942 4288 instanciam
969 4228 1105 4288 Barbare
1131 4228 1238 4288 uxoris
1264 4227 1421 4289 Lodouici

149 4333 300 4400 secundo
324 4334 438 4395 citatus
462 4353 526 4395 non
552 4333 741 4415 comparuit.

263 4458 342 4521 ltem
376 4456 553 4540 Gregorius
585 4457 753 4519 Thurchin
786 4458 826 4519 ad
859 4459 1046 4520 instanciam
1080 4459 1246 4520 Elizabeth
1278 4459 1420 4522 secundo

147 4570 272 4636 citatus
295 4584 362 4628 non
386 4564 576 4648 comparuit.
