<?xml version="1.0" encoding="UTF-8"?>
<!DOCTYPE html PUBLIC "-//W3C//DTD XHTML 1.0 Transitional//EN"
    "http://www.w3.org/TR/xhtml1/DTD/xhtml1-transitional.dtd">
<html xmlns="http://www.w3.org/1999/xhtml" xml:lang="en" lang="en">
 <head>
  <title>
</title>
<meta http-equiv="Content-Type" content="text/html;charset=utf-8" />
  <meta name='ocr-system' content='tesseract 3.04.00' />
  <meta name='ocr-capabilities' content='ocr_page ocr_carea ocr_par ocr_line ocrx_word'/>
</head>
<body>
  <div class='ocr_page' id='page_1' title='image "./monumentahistor17laszgoog_0691.png"; bbox 0 0 3142 5356; ppageno 0'>
   <div class='ocr_carea' id='block_1_1' title="bbox 200 312 927 396">
    <p class='ocr_par' dir='ltr' id='par_1_1' title="bbox 200 312 927 396">
     <span class='ocr_line' id='line_1_1' title="bbox 200 312 927 396; baseline -0.007 -19"><span class='ocrx_word' id='word_1_1' title='bbox 200 312 262 396; x_wconf 80' lang='lat'>306</span> <span class='ocrx_word' id='word_1_2' title='bbox 728 317 816 371; x_wconf 78' lang='lat' dir='ltr'>Anno</span> <span class='ocrx_word' id='word_1_3' title='bbox 837 321 927 390; x_wconf 74' lang='lat'><em>1437.</em></span> 
     </span>
    </p>
   </div>
   <div class='ocr_carea' id='block_1_2' title="bbox 197 521 1476 4873">
    <p class='ocr_par' dir='ltr' id='par_1_2' title="bbox 197 521 1468 929">
     <span class='ocr_line' id='line_1_2' title="bbox 199 521 1466 608; baseline -0.004 -19"><span class='ocrx_word' id='word_1_4' title='bbox 199 525 343 589; x_wconf 79' lang='lat' dir='ltr'>inferiori</span> <span class='ocrx_word' id='word_1_5' title='bbox 367 525 564 608; x_wconf 89' lang='lat' dir='ltr'>Lompnicza</span> <span class='ocrx_word' id='word_1_6' title='bbox 581 538 612 586; x_wconf 91' lang='lat' dir='ltr'>et</span> <span class='ocrx_word' id='word_1_7' title='bbox 629 522 806 605; x_wconf 79' lang='lat' dir='ltr'>Georgium</span> <span class='ocrx_word' id='word_1_8' title='bbox 823 521 926 585; x_wconf 92' lang='lat' dir='ltr'>filium</span> <span class='ocrx_word' id='word_1_9' title='bbox 944 523 1107 586; x_wconf 90' lang='lat' dir='ltr'>Valentini</span> <span class='ocrx_word' id='word_1_10' title='bbox 1125 523 1182 586; x_wconf 91' lang='lat' dir='ltr'>filii</span> <span class='ocrx_word' id='word_1_11' title='bbox 1208 523 1346 607; x_wconf 79' lang='lat' dir='ltr'>predicti</span> <span class='ocrx_word' id='word_1_12' title='bbox 1367 523 1466 600; x_wconf 88' lang='lat' dir='ltr'>lwan,</span> 
     </span>
     <span class='ocr_line' id='line_1_3' title="bbox 199 629 1468 695; baseline -0.003 -1"><span class='ocrx_word' id='word_1_13' title='bbox 199 633 348 695; x_wconf 83' lang='lat' dir='ltr'>Emerico</span> <span class='ocrx_word' id='word_1_14' title='bbox 372 631 483 693; x_wconf 88' lang='lat' dir='ltr'>sartori</span> <span class='ocrx_word' id='word_1_15' title='bbox 508 629 576 692; x_wconf 90' lang='lat' dir='ltr'>filio</span> <span class='ocrx_word' id='word_1_16' title='bbox 602 631 699 692; x_wconf 80' lang='lat' dir='ltr'><strong>Blasii</strong></span> <span class='ocrx_word' id='word_1_17' title='bbox 724 631 854 692; x_wconf 88' lang='lat' dir='ltr'>sartoris</span> <span class='ocrx_word' id='word_1_18' title='bbox 878 645 909 691; x_wconf 91' lang='lat' dir='ltr'>et</span> <span class='ocrx_word' id='word_1_19' title='bbox 932 630 1046 692; x_wconf 87' lang='lat' dir='ltr'>Vrsule</span> <span class='ocrx_word' id='word_1_20' title='bbox 1070 650 1127 692; x_wconf 89' lang='lat' dir='ltr'>sue</span> <span class='ocrx_word' id='word_1_21' title='bbox 1151 631 1292 692; x_wconf 85' lang='lat' dir='ltr'>consorti</span> <span class='ocrx_word' id='word_1_22' title='bbox 1318 645 1368 692; x_wconf 89' lang='lat' dir='ltr'>est</span> <span class='ocrx_word' id='word_1_23' title='bbox 1390 649 1468 690; x_wconf 90' lang='lat' dir='ltr'>ven·</span> 
     </span>
     <span class='ocr_line' id='line_1_4' title="bbox 198 737 1467 822; baseline -0.003 -21"><span class='ocrx_word' id='word_1_24' title='bbox 198 740 264 801; x_wconf 93' lang='lat' dir='ltr'>dita</span> <span class='ocrx_word' id='word_1_25' title='bbox 288 752 444 822; x_wconf 88' lang='lat' dir='ltr'>perpetuo</span> <span class='ocrx_word' id='word_1_26' title='bbox 479 737 672 820; x_wconf 87' lang='lat' dir='ltr'>possidenda</span> <span class='ocrx_word' id='word_1_27' title='bbox 704 751 736 799; x_wconf 92' lang='lat' dir='ltr'>et</span> <span class='ocrx_word' id='word_1_28' title='bbox 765 737 937 820; x_wconf 80' lang='lat' dir='ltr'>superinde</span> <span class='ocrx_word' id='word_1_29' title='bbox 963 751 1010 798; x_wconf 90' lang='lat' dir='ltr'>est</span> <span class='ocrx_word' id='word_1_30' title='bbox 1041 737 1132 799; x_wconf 89' lang='lat' dir='ltr'>litera</span> <span class='ocrx_word' id='word_1_31' title='bbox 1157 739 1218 799; x_wconf 88' lang='lat' dir='ltr'>sub</span> <span class='ocrx_word' id='word_1_32' title='bbox 1243 738 1402 819; x_wconf 85' lang='lat' dir='ltr'>pendenti</span> <span class='ocrx_word' id='word_1_33' title='bbox 1427 738 1467 797; x_wconf 91' lang='lat' dir='ltr'>si·</span> 
     </span>
     <span class='ocr_line' id='line_1_5' title="bbox 197 846 460 929; baseline -0.008 -22"><span class='ocrx_word' id='word_1_34' title='bbox 197 846 278 929; x_wconf 91' lang='lat' dir='ltr'>gillo</span> <span class='ocrx_word' id='word_1_35' title='bbox 303 857 460 907; x_wconf 80' lang='lat' dir='ltr'>emanata.</span> 
     </span>
    </p>

    <p class='ocr_par' dir='ltr' id='par_1_3' title="bbox 199 947 1467 1550">
     <span class='ocr_line' id='line_1_6' title="bbox 305 947 1467 1033; baseline -0.002 -20"><span class='ocrx_word' id='word_1_36' title='bbox 305 951 383 1014; x_wconf 90' lang='lat' dir='ltr'>ltem</span> <span class='ocrx_word' id='word_1_37' title='bbox 408 949 548 1033; x_wconf 90' lang='lat' dir='ltr'>quedam</span> <span class='ocrx_word' id='word_1_38' title='bbox 566 950 694 1028; x_wconf 89' lang='lat' dir='ltr'>domus,</span> <span class='ocrx_word' id='word_1_39' title='bbox 719 947 839 1011; x_wconf 83' lang='lat' dir='ltr'>fundus</span> <span class='ocrx_word' id='word_1_40' title='bbox 856 963 887 1012; x_wconf 91' lang='lat' dir='ltr'>et</span> <span class='ocrx_word' id='word_1_41' title='bbox 903 948 1052 1011; x_wconf 87' lang='lat' dir='ltr'>hedificia</span> <span class='ocrx_word' id='word_1_42' title='bbox 1077 950 1108 1011; x_wconf 90' lang='lat' dir='ltr'>in</span> <span class='ocrx_word' id='word_1_43' title='bbox 1126 951 1199 1011; x_wconf 92' lang='lat' dir='ltr'>vico</span> <span class='ocrx_word' id='word_1_44' title='bbox 1224 950 1374 1012; x_wconf 84' lang='lat' dir='ltr'>exteriori</span> <span class='ocrx_word' id='word_1_45' title='bbox 1393 950 1467 1011; x_wconf 91' lang='lat' dir='ltr'>luti·</span> 
     </span>
     <span class='ocr_line' id='line_1_7' title="bbox 199 1055 1465 1142; baseline -0.004 -20"><span class='ocrx_word' id='word_1_46' title='bbox 199 1059 372 1142; x_wconf 77' lang='lat' dir='ltr'>figulorum</span> <span class='ocrx_word' id='word_1_47' title='bbox 397 1059 478 1120; x_wconf 88' lang='lat' dir='ltr'>iuter</span> <span class='ocrx_word' id='word_1_48' title='bbox 502 1055 621 1118; x_wconf 87' lang='lat' dir='ltr'>fundos</span> <span class='ocrx_word' id='word_1_49' title='bbox 644 1056 753 1118; x_wconf 92' lang='lat' dir='ltr'>relicte</span> <span class='ocrx_word' id='word_1_50' title='bbox 779 1055 932 1138; x_wconf 89' lang='lat' dir='ltr'>Stephani</span> <span class='ocrx_word' id='word_1_51' title='bbox 959 1070 990 1118; x_wconf 92' lang='lat' dir='ltr'>et</span> <span class='ocrx_word' id='word_1_52' title='bbox 1014 1056 1177 1118; x_wconf 92' lang='lat' dir='ltr'>Dominici</span> <span class='ocrx_word' id='word_1_53' title='bbox 1205 1055 1365 1118; x_wconf 87' lang='lat' dir='ltr'>carnificis</span> <span class='ocrx_word' id='word_1_54' title='bbox 1389 1056 1465 1118; x_wconf 92' lang='lat' dir='ltr'>dicti</span> 
     </span>
     <span class='ocr_line' id='line_1_8' title="bbox 199 1161 1465 1246; baseline -0.004 -17"><span class='ocrx_word' id='word_1_55' title='bbox 199 1166 321 1229; x_wconf 87' lang='lat' dir='ltr'>Hrezth</span> <span class='ocrx_word' id='word_1_56' title='bbox 345 1165 464 1245; x_wconf 89' lang='lat' dir='ltr'>hahita,</span> <span class='ocrx_word' id='word_1_57' title='bbox 482 1163 623 1226; x_wconf 89' lang='lat' dir='ltr'>mediam</span> <span class='ocrx_word' id='word_1_58' title='bbox 647 1163 767 1224; x_wconf 88' lang='lat' dir='ltr'>curiam</span> <span class='ocrx_word' id='word_1_59' title='bbox 794 1163 825 1224; x_wconf 93' lang='lat' dir='ltr'>in</span> <span class='ocrx_word' id='word_1_60' title='bbox 849 1183 881 1224; x_wconf 91' lang='lat' dir='ltr'>se</span> <span class='ocrx_word' id='word_1_61' title='bbox 898 1163 1078 1241; x_wconf 90' lang='lat' dir='ltr'>continens,</span> <span class='ocrx_word' id='word_1_62' title='bbox 1098 1183 1156 1246; x_wconf 88' lang='lat' dir='ltr'>per</span> <span class='ocrx_word' id='word_1_63' title='bbox 1180 1163 1343 1226; x_wconf 84' lang='lat' dir='ltr'>Andream</span> <span class='ocrx_word' id='word_1_64' title='bbox 1362 1161 1465 1225; x_wconf 91' lang='lat' dir='ltr'>filium</span> 
     </span>
     <span class='ocr_line' id='line_1_9' title="bbox 199 1268 1466 1357; baseline -0.003 -21"><span class='ocrx_word' id='word_1_65' title='bbox 199 1274 279 1357; x_wconf 85' lang='lat' dir='ltr'>Elye</span> <span class='ocrx_word' id='word_1_66' title='bbox 312 1274 351 1334; x_wconf 94' lang='lat' dir='ltr'>de</span> <span class='ocrx_word' id='word_1_67' title='bbox 377 1271 523 1350; x_wconf 87' lang='lat' dir='ltr'>Kochan,</span> <span class='ocrx_word' id='word_1_68' title='bbox 548 1271 642 1332; x_wconf 87' lang='lat' dir='ltr'>Petro</span> <span class='ocrx_word' id='word_1_69' title='bbox 674 1268 741 1331; x_wconf 89' lang='lat' dir='ltr'>filio</span> <span class='ocrx_word' id='word_1_70' title='bbox 774 1269 865 1331; x_wconf 86' lang='lat' dir='ltr'>Pauli</span> <span class='ocrx_word' id='word_1_71' title='bbox 891 1269 930 1330; x_wconf 96' lang='lat' dir='ltr'>de</span> <span class='ocrx_word' id='word_1_72' title='bbox 955 1269 1050 1352; x_wconf 87' lang='lat' dir='ltr'>Japra</span> <span class='ocrx_word' id='word_1_73' title='bbox 1082 1284 1130 1332; x_wconf 91' lang='lat' dir='ltr'>est</span> <span class='ocrx_word' id='word_1_74' title='bbox 1153 1270 1283 1333; x_wconf 90' lang='lat' dir='ltr'>vendita</span> <span class='ocrx_word' id='word_1_75' title='bbox 1308 1285 1466 1353; x_wconf 91' lang='lat' dir='ltr'>perpetuo</span> 
     </span>
     <span class='ocr_line' id='line_1_10' title="bbox 199 1376 1464 1463; baseline -0.002 -21"><span class='ocrx_word' id='word_1_76' title='bbox 199 1379 392 1463; x_wconf 84' lang='lat' dir='ltr'>possidenda</span> <span class='ocrx_word' id='word_1_77' title='bbox 428 1392 459 1439; x_wconf 89' lang='lat' dir='ltr'>et</span> <span class='ocrx_word' id='word_1_78' title='bbox 482 1376 655 1460; x_wconf 88' lang='lat' dir='ltr'>superinde</span> <span class='ocrx_word' id='word_1_79' title='bbox 681 1391 728 1438; x_wconf 92' lang='lat' dir='ltr'>est</span> <span class='ocrx_word' id='word_1_80' title='bbox 760 1377 851 1439; x_wconf 88' lang='lat' dir='ltr'>litera</span> <span class='ocrx_word' id='word_1_81' title='bbox 879 1380 938 1440; x_wconf 93' lang='lat' dir='ltr'>sub</span> <span class='ocrx_word' id='word_1_82' title='bbox 964 1377 1116 1460; x_wconf 89' lang='lat' dir='ltr'>pendenti</span> <span class='ocrx_word' id='word_1_83' title='bbox 1149 1379 1257 1459; x_wconf 91' lang='lat' dir='ltr'>sigillo</span> <span class='ocrx_word' id='word_1_84' title='bbox 1282 1380 1464 1440; x_wconf 89' lang='lat' dir='ltr'>communi·</span> 
     </span>
     <span class='ocr_line' id='line_1_11' title="bbox 199 1488 460 1550; baseline 0.004 -1"><span class='ocrx_word' id='word_1_85' title='bbox 199 1488 272 1549; x_wconf 92' lang='lat' dir='ltr'>tatis</span> <span class='ocrx_word' id='word_1_86' title='bbox 303 1501 460 1550; x_wconf 88' lang='lat' dir='ltr'>emanata.</span> 
     </span>
    </p>

    <p class='ocr_par' dir='ltr' id='par_1_4' title="bbox 199 1589 1465 2189">
     <span class='ocr_line' id='line_1_12' title="bbox 305 1589 1462 1674; baseline -0.003 -19"><span class='ocrx_word' id='word_1_87' title='bbox 305 1594 382 1655; x_wconf 90' lang='lat' dir='ltr'>ltem</span> <span class='ocrx_word' id='word_1_88' title='bbox 409 1592 549 1654; x_wconf 88' lang='lat' dir='ltr'>Briccius</span> <span class='ocrx_word' id='word_1_89' title='bbox 572 1589 657 1652; x_wconf 90' lang='lat' dir='ltr'>filius</span> <span class='ocrx_word' id='word_1_90' title='bbox 682 1589 822 1669; x_wconf 88' lang='lat' dir='ltr'>Thome,</span> <span class='ocrx_word' id='word_1_91' title='bbox 847 1591 999 1653; x_wconf 89' lang='lat' dir='ltr'>directam</span> <span class='ocrx_word' id='word_1_92' title='bbox 1025 1606 1056 1653; x_wconf 91' lang='lat' dir='ltr'>et</span> <span class='ocrx_word' id='word_1_93' title='bbox 1080 1592 1229 1674; x_wconf 88' lang='lat' dir='ltr'>equalem</span> <span class='ocrx_word' id='word_1_94' title='bbox 1254 1592 1462 1654; x_wconf 89' lang='lat' dir='ltr'>medietatem</span> 
     </span>
     <span class='ocr_line' id='line_1_13' title="bbox 199 1697 1465 1776; baseline -0.004 -13"><span class='ocrx_word' id='word_1_95' title='bbox 199 1700 364 1763; x_wconf 89' lang='lat' dir='ltr'>cuiusdam</span> <span class='ocrx_word' id='word_1_96' title='bbox 382 1699 508 1776; x_wconf 91' lang='lat' dir='ltr'>domus,</span> <span class='ocrx_word' id='word_1_97' title='bbox 529 1697 632 1776; x_wconf 87' lang='lat' dir='ltr'>fundi,</span> <span class='ocrx_word' id='word_1_98' title='bbox 650 1697 757 1759; x_wconf 89' lang='lat' dir='ltr'>celarii</span> <span class='ocrx_word' id='word_1_99' title='bbox 776 1712 807 1760; x_wconf 89' lang='lat' dir='ltr'>et</span> <span class='ocrx_word' id='word_1_100' title='bbox 823 1697 1046 1761; x_wconf 88' lang='lat' dir='ltr'>hedificiorum</span> <span class='ocrx_word' id='word_1_101' title='bbox 1064 1699 1147 1761; x_wconf 89' lang='lat' dir='ltr'>inter</span> <span class='ocrx_word' id='word_1_102' title='bbox 1164 1699 1280 1761; x_wconf 92' lang='lat' dir='ltr'>domos</span> <span class='ocrx_word' id='word_1_103' title='bbox 1297 1714 1328 1761; x_wconf 92' lang='lat' dir='ltr'>et</span> <span class='ocrx_word' id='word_1_104' title='bbox 1346 1697 1465 1761; x_wconf 85' lang='lat' dir='ltr'>fundos</span> 
     </span>
     <span class='ocr_line' id='line_1_14' title="bbox 201 1803 1464 1891; baseline -0.002 -22"><span class='ocrx_word' id='word_1_105' title='bbox 201 1808 348 1891; x_wconf 89' lang='lat' dir='ltr'>Dyonisii</span> <span class='ocrx_word' id='word_1_106' title='bbox 372 1806 539 1889; x_wconf 89' lang='lat' dir='ltr'>piscatoris</span> <span class='ocrx_word' id='word_1_107' title='bbox 556 1819 587 1865; x_wconf 88' lang='lat' dir='ltr'>et</span> <span class='ocrx_word' id='word_1_108' title='bbox 611 1803 745 1886; x_wconf 83' lang='lat' dir='ltr'>Georgii</span> <span class='ocrx_word' id='word_1_109' title='bbox 763 1804 1043 1889; x_wconf 86' lang='lat' dir='ltr'>Charanthowych</span> <span class='ocrx_word' id='word_1_110' title='bbox 1060 1805 1179 1884; x_wconf 89' lang='lat' dir='ltr'>habite,</span> <span class='ocrx_word' id='word_1_111' title='bbox 1196 1825 1293 1866; x_wconf 93' lang='lat' dir='ltr'>unam</span> <span class='ocrx_word' id='word_1_112' title='bbox 1319 1821 1464 1886; x_wconf 89' lang='lat' dir='ltr'>quartam</span> 
     </span>
     <span class='ocr_line' id='line_1_15' title="bbox 200 1911 1465 1996; baseline -0.002 -19"><span class='ocrx_word' id='word_1_113' title='bbox 200 1916 286 1977; x_wconf 91' lang='lat' dir='ltr'>curie</span> <span class='ocrx_word' id='word_1_114' title='bbox 311 1915 343 1975; x_wconf 94' lang='lat' dir='ltr'>in</span> <span class='ocrx_word' id='word_1_115' title='bbox 367 1934 400 1975; x_wconf 88' lang='lat' dir='ltr'>se</span> <span class='ocrx_word' id='word_1_116' title='bbox 434 1913 664 1990; x_wconf 89' lang='lat' dir='ltr'>continentem,</span> <span class='ocrx_word' id='word_1_117' title='bbox 697 1912 805 1973; x_wconf 90' lang='lat' dir='ltr'>lwano</span> <span class='ocrx_word' id='word_1_118' title='bbox 838 1912 1005 1995; x_wconf 87' lang='lat' dir='ltr'>Chaplych</span> <span class='ocrx_word' id='word_1_119' title='bbox 1037 1911 1106 1974; x_wconf 90' lang='lat' dir='ltr'>filio</span> <span class='ocrx_word' id='word_1_120' title='bbox 1140 1913 1295 1996; x_wconf 90' lang='lat' dir='ltr'>Stephani</span> <span class='ocrx_word' id='word_1_121' title='bbox 1320 1914 1465 1975; x_wconf 91' lang='lat' dir='ltr'>vendidit</span> 
     </span>
     <span class='ocr_line' id='line_1_16' title="bbox 200 2018 1464 2104; baseline -0.002 -22"><span class='ocrx_word' id='word_1_122' title='bbox 200 2035 355 2104; x_wconf 92' lang='lat' dir='ltr'>perpetuo</span> <span class='ocrx_word' id='word_1_123' title='bbox 380 2018 607 2102; x_wconf 81' lang='lat' dir='ltr'>possidendam</span> <span class='ocrx_word' id='word_1_124' title='bbox 633 2032 663 2079; x_wconf 92' lang='lat' dir='ltr'>et</span> <span class='ocrx_word' id='word_1_125' title='bbox 694 2019 868 2100; x_wconf 87' lang='lat' dir='ltr'>superinde</span> <span class='ocrx_word' id='word_1_126' title='bbox 893 2033 939 2079; x_wconf 89' lang='lat' dir='ltr'>est</span> <span class='ocrx_word' id='word_1_127' title='bbox 967 2019 1058 2081; x_wconf 92' lang='lat' dir='ltr'>litera</span> <span class='ocrx_word' id='word_1_128' title='bbox 1091 2021 1149 2081; x_wconf 89' lang='lat' dir='ltr'>sub</span> <span class='ocrx_word' id='word_1_129' title='bbox 1175 2019 1330 2101; x_wconf 89' lang='lat' dir='ltr'>pendenti</span> <span class='ocrx_word' id='word_1_130' title='bbox 1356 2020 1464 2101; x_wconf 85' lang='lat' dir='ltr'>sigillo</span> 
     </span>
     <span class='ocr_line' id='line_1_17' title="bbox 200 2125 620 2189; baseline -0.005 0"><span class='ocrx_word' id='word_1_131' title='bbox 200 2125 440 2189; x_wconf 82' lang='lat' dir='ltr'>communitatis</span> <span class='ocrx_word' id='word_1_132' title='bbox 463 2138 620 2187; x_wconf 84' lang='lat' dir='ltr'>emanata.</span> 
     </span>
    </p>

    <p class='ocr_par' dir='ltr' id='par_1_5' title="bbox 307 2228 1465 2312">
     <span class='ocr_line' id='line_1_18' title="bbox 307 2228 1465 2312; baseline -0.002 -18"><span class='ocrx_word' id='word_1_133' title='bbox 307 2232 385 2294; x_wconf 89' lang='lat' dir='ltr'>Item</span> <span class='ocrx_word' id='word_1_134' title='bbox 409 2231 559 2312; x_wconf 87' lang='lat' dir='ltr'>magister</span> <span class='ocrx_word' id='word_1_135' title='bbox 584 2230 730 2292; x_wconf 89' lang='lat' dir='ltr'>Matbeus</span> <span class='ocrx_word' id='word_1_136' title='bbox 759 2228 844 2292; x_wconf 91' lang='lat' dir='ltr'>filius</span> <span class='ocrx_word' id='word_1_137' title='bbox 869 2231 955 2293; x_wconf 87' lang='lat' dir='ltr'>Luce</span> <span class='ocrx_word' id='word_1_138' title='bbox 980 2232 1123 2293; x_wconf 90' lang='lat' dir='ltr'>notarius</span> <span class='ocrx_word' id='word_1_139' title='bbox 1140 2245 1170 2292; x_wconf 92' lang='lat' dir='ltr'>et</span> <span class='ocrx_word' id='word_1_140' title='bbox 1187 2231 1329 2292; x_wconf 88' lang='lat' dir='ltr'>concivis</span> <span class='ocrx_word' id='word_1_141' title='bbox 1346 2245 1465 2310; x_wconf 89' lang='lat' dir='ltr'>noster,</span> 
     </span>
    </p>

    <p class='ocr_par' dir='ltr' id='par_1_6' title="bbox 197 2335 1473 4227">
     <span class='ocr_line' id='line_1_19' title="bbox 201 2335 1462 2421; baseline -0.001 -21"><span class='ocrx_word' id='word_1_142' title='bbox 201 2337 358 2421; x_wconf 90' lang='lat' dir='ltr'>quosdam</span> <span class='ocrx_word' id='word_1_143' title='bbox 376 2337 457 2399; x_wconf 92' lang='lat' dir='ltr'>duos</span> <span class='ocrx_word' id='word_1_144' title='bbox 474 2336 610 2419; x_wconf 82' lang='lat' dir='ltr'>(h)ortos</span> <span class='ocrx_word' id='word_1_145' title='bbox 626 2356 701 2398; x_wconf 87' lang='lat' dir='ltr'>auos</span> <span class='ocrx_word' id='word_1_146' title='bbox 719 2337 749 2398; x_wconf 92' lang='lat' dir='ltr'>in</span> <span class='ocrx_word' id='word_1_147' title='bbox 768 2337 928 2399; x_wconf 91' lang='lat' dir='ltr'>territorio</span> <span class='ocrx_word' id='word_1_148' title='bbox 942 2338 1079 2400; x_wconf 91' lang='lat' dir='ltr'>civitatis</span> <span class='ocrx_word' id='word_1_149' title='bbox 1095 2335 1215 2420; x_wconf 79' lang='lat' dir='ltr'>prefate</span> <span class='ocrx_word' id='word_1_150' title='bbox 1233 2351 1319 2399; x_wconf 87' lang='lat' dir='ltr'>extra</span> <span class='ocrx_word' id='word_1_151' title='bbox 1337 2338 1462 2400; x_wconf 89' lang='lat' dir='ltr'>Novam</span> 
     </span>
     <span class='ocr_line' id='line_1_20' title="bbox 202 2442 1464 2529; baseline -0.002 -22"><span class='ocrx_word' id='word_1_152' title='bbox 202 2460 325 2529; x_wconf 90' lang='lat' dir='ltr'>portam</span> <span class='ocrx_word' id='word_1_153' title='bbox 351 2444 485 2506; x_wconf 90' lang='lat' dir='ltr'>civitatis</span> <span class='ocrx_word' id='word_1_154' title='bbox 509 2442 629 2525; x_wconf 84' lang='lat' dir='ltr'>prefate</span> <span class='ocrx_word' id='word_1_155' title='bbox 655 2444 737 2504; x_wconf 91' lang='lat' dir='ltr'>inter</span> <span class='ocrx_word' id='word_1_156' title='bbox 753 2443 888 2525; x_wconf 89' lang='lat' dir='ltr'>(h)ortos</span> <span class='ocrx_word' id='word_1_157' title='bbox 913 2444 1045 2506; x_wconf 89' lang='lat' dir='ltr'>Fabiani</span> <span class='ocrx_word' id='word_1_158' title='bbox 1069 2443 1161 2525; x_wconf 91' lang='lat' dir='ltr'>jurati</span> <span class='ocrx_word' id='word_1_159' title='bbox 1187 2458 1218 2507; x_wconf 94' lang='lat' dir='ltr'>et</span> <span class='ocrx_word' id='word_1_160' title='bbox 1244 2444 1401 2506; x_wconf 87' lang='lat' dir='ltr'>Demetrii</span> <span class='ocrx_word' id='word_1_161' title='bbox 1418 2444 1464 2526; x_wconf 87' lang='lat' dir='ltr'>ju·</span> 
     </span>
     <span class='ocr_line' id='line_1_21' title="bbox 202 2547 1465 2628; baseline -0.001 -15"><span class='ocrx_word' id='word_1_162' title='bbox 202 2551 272 2628; x_wconf 89' lang='lat' dir='ltr'>rati,</span> <span class='ocrx_word' id='word_1_163' title='bbox 297 2549 441 2612; x_wconf 89' lang='lat' dir='ltr'>eiusdem</span> <span class='ocrx_word' id='word_1_164' title='bbox 467 2549 601 2610; x_wconf 86' lang='lat' dir='ltr'>Fabiani</span> <span class='ocrx_word' id='word_1_165' title='bbox 620 2547 734 2628; x_wconf 87' lang='lat' dir='ltr'>lratris,</span> <span class='ocrx_word' id='word_1_166' title='bbox 758 2569 794 2610; x_wconf 93' lang='lat' dir='ltr'>ac</span> <span class='ocrx_word' id='word_1_167' title='bbox 818 2549 899 2611; x_wconf 88' lang='lat' dir='ltr'>inter</span> <span class='ocrx_word' id='word_1_168' title='bbox 916 2548 1069 2612; x_wconf 89' lang='lat' dir='ltr'>fossatum</span> <span class='ocrx_word' id='word_1_169' title='bbox 1095 2563 1200 2611; x_wconf 88' lang='lat' dir='ltr'>nostre</span> <span class='ocrx_word' id='word_1_170' title='bbox 1224 2551 1465 2612; x_wconf 88' lang='lat' dir='ltr'>communitatis</span> 
     </span>
     <span class='ocr_line' id='line_1_22' title="bbox 202 2655 1463 2739; baseline -0.001 -20"><span class='ocrx_word' id='word_1_171' title='bbox 202 2656 338 2734; x_wconf 87' lang='lat' dir='ltr'>habitos,</span> <span class='ocrx_word' id='word_1_172' title='bbox 363 2675 464 2717; x_wconf 91' lang='lat' dir='ltr'>unum</span> <span class='ocrx_word' id='word_1_173' title='bbox 489 2655 616 2718; x_wconf 89' lang='lat' dir='ltr'>civilem</span> <span class='ocrx_word' id='word_1_174' title='bbox 634 2656 784 2718; x_wconf 90' lang='lat' dir='ltr'>videlicet</span> <span class='ocrx_word' id='word_1_175' title='bbox 805 2657 1014 2739; x_wconf 90' lang='lat' dir='ltr'>superiorem,</span> <span class='ocrx_word' id='word_1_176' title='bbox 1032 2676 1128 2719; x_wconf 91' lang='lat' dir='ltr'>unam</span> <span class='ocrx_word' id='word_1_177' title='bbox 1147 2671 1292 2739; x_wconf 90' lang='lat' dir='ltr'>quartam</span> <span class='ocrx_word' id='word_1_178' title='bbox 1319 2658 1408 2720; x_wconf 89' lang='lat' dir='ltr'>curie</span> <span class='ocrx_word' id='word_1_179' title='bbox 1433 2658 1463 2718; x_wconf 91' lang='lat' dir='ltr'>in</span> 
     </span>
     <span class='ocr_line' id='line_1_23' title="bbox 203 2761 1467 2845; baseline 0.002 -21"><span class='ocrx_word' id='word_1_180' title='bbox 203 2782 235 2824; x_wconf 92' lang='lat' dir='ltr'>se</span> <span class='ocrx_word' id='word_1_181' title='bbox 260 2763 489 2839; x_wconf 88' lang='lat' dir='ltr'>continentem,</span> <span class='ocrx_word' id='word_1_182' title='bbox 513 2777 543 2822; x_wconf 91' lang='lat' dir='ltr'>et</span> <span class='ocrx_word' id='word_1_183' title='bbox 566 2762 665 2823; x_wconf 90' lang='lat' dir='ltr'>alium</span> <span class='ocrx_word' id='word_1_184' title='bbox 691 2761 874 2825; x_wconf 88' lang='lat' dir='ltr'>inferiorem</span> <span class='ocrx_word' id='word_1_185' title='bbox 905 2763 1053 2842; x_wconf 88' lang='lat' dir='ltr'>liberum,</span> <span class='ocrx_word' id='word_1_186' title='bbox 1078 2784 1096 2825; x_wconf 95' lang='lat' dir='ltr'>a</span> <span class='ocrx_word' id='word_1_187' title='bbox 1120 2763 1264 2845; x_wconf 92' lang='lat' dir='ltr'>predicto</span> <span class='ocrx_word' id='word_1_188' title='bbox 1291 2762 1410 2845; x_wconf 78' lang='lat' dir='ltr'>(hlorto</span> <span class='ocrx_word' id='word_1_189' title='bbox 1435 2779 1467 2826; x_wconf 88' lang='lat' dir='ltr'>et</span> 
     </span>
     <span class='ocr_line' id='line_1_24' title="bbox 204 2867 1466 2950; baseline 0.002 -20"><span class='ocrx_word' id='word_1_190' title='bbox 204 2868 284 2930; x_wconf 84' lang='lat' dir='ltr'>infra</span> <span class='ocrx_word' id='word_1_191' title='bbox 310 2888 411 2949; x_wconf 89' lang='lat' dir='ltr'>usque</span> <span class='ocrx_word' id='word_1_192' title='bbox 436 2867 569 2929; x_wconf 87' lang='lat' dir='ltr'>fluvium</span> <span class='ocrx_word' id='word_1_193' title='bbox 593 2889 626 2928; x_wconf 92' lang='lat' dir='ltr'>se</span> <span class='ocrx_word' id='word_1_194' title='bbox 651 2869 888 2948; x_wconf 82' lang='lat' dir='ltr'>extendentem,</span> <span class='ocrx_word' id='word_1_195' title='bbox 914 2869 1037 2930; x_wconf 90' lang='lat' dir='ltr'>Briccio</span> <span class='ocrx_word' id='word_1_196' title='bbox 1056 2867 1217 2950; x_wconf 83' lang='lat' dir='ltr'>lutifigulo</span> <span class='ocrx_word' id='word_1_197' title='bbox 1241 2867 1310 2930; x_wconf 92' lang='lat' dir='ltr'>filio</span> <span class='ocrx_word' id='word_1_198' title='bbox 1336 2869 1466 2932; x_wconf 90' lang='lat' dir='ltr'>Thome</span> 
     </span>
     <span class='ocr_line' id='line_1_25' title="bbox 204 2974 1467 3058; baseline 0 -21"><span class='ocrx_word' id='word_1_199' title='bbox 204 2975 326 3037; x_wconf 90' lang='lat' dir='ltr'>concivi</span> <span class='ocrx_word' id='word_1_200' title='bbox 357 2987 466 3035; x_wconf 89' lang='lat' dir='ltr'>nostro</span> <span class='ocrx_word' id='word_1_201' title='bbox 490 2993 547 3055; x_wconf 89' lang='lat' dir='ltr'>pro</span> <span class='ocrx_word' id='word_1_202' title='bbox 572 2988 655 3036; x_wconf 88' lang='lat' dir='ltr'>certa</span> <span class='ocrx_word' id='word_1_203' title='bbox 687 2975 897 3057; x_wconf 90' lang='lat' dir='ltr'>pecuniarum</span> <span class='ocrx_word' id='word_1_204' title='bbox 930 2975 1105 3057; x_wconf 90' lang='lat' dir='ltr'>quantitate</span> <span class='ocrx_word' id='word_1_205' title='bbox 1129 2974 1275 3037; x_wconf 89' lang='lat' dir='ltr'>vendidit</span> <span class='ocrx_word' id='word_1_206' title='bbox 1308 2990 1467 3058; x_wconf 92' lang='lat' dir='ltr'>perpetuo</span> 
     </span>
     <span class='ocr_line' id='line_1_26' title="bbox 203 3079 1469 3163; baseline 0.002 -22"><span class='ocrx_word' id='word_1_207' title='bbox 203 3079 425 3163; x_wconf 89' lang='lat' dir='ltr'>possidendos,</span> <span class='ocrx_word' id='word_1_208' title='bbox 450 3093 481 3140; x_wconf 90' lang='lat' dir='ltr'>et</span> <span class='ocrx_word' id='word_1_209' title='bbox 504 3080 676 3162; x_wconf 89' lang='lat' dir='ltr'>superinde</span> <span class='ocrx_word' id='word_1_210' title='bbox 699 3095 773 3143; x_wconf 89' lang='lat' dir='ltr'>aunt</span> <span class='ocrx_word' id='word_1_211' title='bbox 797 3096 941 3142; x_wconf 88' lang='lat' dir='ltr'>emanate</span> <span class='ocrx_word' id='word_1_212' title='bbox 960 3082 1051 3143; x_wconf 89' lang='lat' dir='ltr'>litere</span> <span class='ocrx_word' id='word_1_213' title='bbox 1076 3081 1139 3144; x_wconf 89' lang='lat' dir='ltr'>due</span> <span class='ocrx_word' id='word_1_214' title='bbox 1164 3081 1383 3163; x_wconf 90' lang='lat' dir='ltr'>privilegiales</span> <span class='ocrx_word' id='word_1_215' title='bbox 1409 3084 1469 3144; x_wconf 90' lang='lat' dir='ltr'>sub</span> 
     </span>
     <span class='ocr_line' id='line_1_27' title="bbox 204 3185 760 3269; baseline 0.002 -22"><span class='ocrx_word' id='word_1_216' title='bbox 204 3186 354 3269; x_wconf 89' lang='lat' dir='ltr'>pendenti</span> <span class='ocrx_word' id='word_1_217' title='bbox 379 3185 486 3266; x_wconf 92' lang='lat' dir='ltr'>sigillo</span> <span class='ocrx_word' id='word_1_218' title='bbox 511 3187 760 3248; x_wconf 90' lang='lat' dir='ltr'>communitatis.</span> 
     </span>
     <span class='ocr_line' id='line_1_28' title="bbox 197 3290 1468 3372; baseline 0.005 -22"><span class='ocrx_word' id='word_1_219' title='bbox 197 3360 201 3368; x_wconf 35' lang='grc'>,</span> <span class='ocrx_word' id='word_1_220' title='bbox 310 3291 386 3351; x_wconf 90' lang='lat' dir='ltr'>ltem</span> <span class='ocrx_word' id='word_1_221' title='bbox 414 3290 593 3372; x_wconf 84' lang='lat' dir='ltr'>Stephanus</span> <span class='ocrx_word' id='word_1_222' title='bbox 618 3307 706 3353; x_wconf 88' lang='lat' dir='ltr'>sutor</span> <span class='ocrx_word' id='word_1_223' title='bbox 729 3292 816 3354; x_wconf 88' lang='lat' dir='ltr'>lilius</span> <span class='ocrx_word' id='word_1_224' title='bbox 840 3293 936 3370; x_wconf 88' lang='lat' dir='ltr'>lwan,</span> <span class='ocrx_word' id='word_1_225' title='bbox 970 3293 1168 3355; x_wconf 89' lang='lat' dir='ltr'>cohabitator</span> <span class='ocrx_word' id='word_1_226' title='bbox 1200 3307 1319 3371; x_wconf 87' lang='lat' dir='ltr'>noster,</span> <span class='ocrx_word' id='word_1_227' title='bbox 1344 3294 1468 3356; x_wconf 90' lang='lat' dir='ltr'>medie-</span> 
     </span>
     <span class='ocr_line' id='line_1_29' title="bbox 203 3398 1468 3482; baseline 0.002 -22"><span class='ocrx_word' id='word_1_228' title='bbox 203 3413 299 3460; x_wconf 87' lang='lat' dir='ltr'>tatem</span> <span class='ocrx_word' id='word_1_229' title='bbox 325 3398 491 3458; x_wconf 90' lang='lat' dir='ltr'>cuiusdam</span> <span class='ocrx_word' id='word_1_230' title='bbox 510 3399 636 3478; x_wconf 90' lang='lat' dir='ltr'>domus,</span> <span class='ocrx_word' id='word_1_231' title='bbox 661 3399 764 3478; x_wconf 83' lang='lat' dir='ltr'>fundi,</span> <span class='ocrx_word' id='word_1_232' title='bbox 781 3401 953 3482; x_wconf 87' lang='lat' dir='ltr'>celariique</span> <span class='ocrx_word' id='word_1_233' title='bbox 970 3401 1167 3464; x_wconf 89' lang='lat' dir='ltr'>subterranei</span> <span class='ocrx_word' id='word_1_234' title='bbox 1185 3415 1216 3462; x_wconf 91' lang='lat' dir='ltr'>et</span> <span class='ocrx_word' id='word_1_235' title='bbox 1240 3399 1468 3464; x_wconf 90' lang='lat' dir='ltr'>hedificiorum</span> 
     </span>
     <span class='ocr_line' id='line_1_30' title="bbox 204 3505 1470 3589; baseline 0.002 -22"><span class='ocrx_word' id='word_1_236' title='bbox 204 3506 235 3567; x_wconf 91' lang='lat' dir='ltr'>in</span> <span class='ocrx_word' id='word_1_237' title='bbox 261 3505 332 3565; x_wconf 91' lang='lat' dir='ltr'>vico</span> <span class='ocrx_word' id='word_1_238' title='bbox 357 3519 468 3565; x_wconf 89' lang='lat' dir='ltr'>nostro</span> <span class='ocrx_word' id='word_1_239' title='bbox 494 3505 640 3566; x_wconf 83' lang='lat' dir='ltr'>exteriori</span> <span class='ocrx_word' id='word_1_240' title='bbox 665 3527 721 3568; x_wconf 92' lang='lat' dir='ltr'>seu</span> <span class='ocrx_word' id='word_1_241' title='bbox 746 3507 851 3589; x_wconf 90' lang='lat' dir='ltr'>platea</span> <span class='ocrx_word' id='word_1_242' title='bbox 874 3507 1105 3569; x_wconf 91' lang='lat' dir='ltr'>theuthonicali</span> <span class='ocrx_word' id='word_1_243' title='bbox 1135 3508 1217 3569; x_wconf 91' lang='lat' dir='ltr'>inter</span> <span class='ocrx_word' id='word_1_244' title='bbox 1241 3507 1358 3570; x_wconf 93' lang='lat' dir='ltr'>domos</span> <span class='ocrx_word' id='word_1_245' title='bbox 1384 3509 1470 3570; x_wconf 89' lang='lat' dir='ltr'>Mar·</span> 
     </span>
     <span class='ocr_line' id='line_1_31' title="bbox 203 3610 1471 3696; baseline 0.004 -24"><span class='ocrx_word' id='word_1_246' title='bbox 203 3612 260 3672; x_wconf 90' lang='lat' dir='ltr'>tini</span> <span class='ocrx_word' id='word_1_247' title='bbox 286 3610 462 3692; x_wconf 89' lang='lat' dir='ltr'>sagipparis</span> <span class='ocrx_word' id='word_1_248' title='bbox 487 3624 517 3671; x_wconf 90' lang='lat' dir='ltr'>et</span> <span class='ocrx_word' id='word_1_249' title='bbox 542 3611 639 3672; x_wconf 88' lang='lat' dir='ltr'>Lucie</span> <span class='ocrx_word' id='word_1_250' title='bbox 658 3613 801 3674; x_wconf 89' lang='lat' dir='ltr'>mulieris</span> <span class='ocrx_word' id='word_1_251' title='bbox 825 3616 865 3675; x_wconf 89' lang='lat' dir='ltr'>ab</span> <span class='ocrx_word' id='word_1_252' title='bbox 883 3634 957 3692; x_wconf 92' lang='lat' dir='ltr'>una,</span> <span class='ocrx_word' id='word_1_253' title='bbox 981 3629 1070 3696; x_wconf 91' lang='lat' dir='ltr'>parte</span> <span class='ocrx_word' id='word_1_254' title='bbox 1095 3616 1134 3676; x_wconf 91' lang='lat' dir='ltr'>ab</span> <span class='ocrx_word' id='word_1_255' title='bbox 1156 3614 1254 3676; x_wconf 89' lang='lat' dir='ltr'>altera</span> <span class='ocrx_word' id='word_1_256' title='bbox 1278 3634 1356 3676; x_wconf 90' lang='lat' dir='ltr'>vero</span> <span class='ocrx_word' id='word_1_257' title='bbox 1375 3616 1471 3677; x_wconf 89' lang='lat' dir='ltr'>Pauli</span> 
     </span>
     <span class='ocr_line' id='line_1_32' title="bbox 204 3716 1472 3803; baseline 0.005 -25"><span class='ocrx_word' id='word_1_258' title='bbox 204 3731 234 3778; x_wconf 89' lang='lat' dir='ltr'>et</span> <span class='ocrx_word' id='word_1_259' title='bbox 251 3716 384 3798; x_wconf 88' lang='lat' dir='ltr'>Georgii</span> <span class='ocrx_word' id='word_1_260' title='bbox 402 3731 546 3778; x_wconf 92' lang='lat' dir='ltr'>sutorum</span> <span class='ocrx_word' id='word_1_261' title='bbox 565 3717 682 3797; x_wconf 89' lang='lat' dir='ltr'>habite,</span> <span class='ocrx_word' id='word_1_262' title='bbox 701 3740 797 3781; x_wconf 90' lang='lat' dir='ltr'>unam</span> <span class='ocrx_word' id='word_1_263' title='bbox 819 3721 968 3782; x_wconf 90' lang='lat' dir='ltr'>videlicet</span> <span class='ocrx_word' id='word_1_264' title='bbox 985 3735 1130 3803; x_wconf 89' lang='lat' dir='ltr'>quartam</span> <span class='ocrx_word' id='word_1_265' title='bbox 1148 3721 1235 3782; x_wconf 88' lang='lat' dir='ltr'>curie</span> <span class='ocrx_word' id='word_1_266' title='bbox 1254 3720 1472 3784; x_wconf 89' lang='lat' dir='ltr'>redundative</span> 
     </span>
     <span class='ocr_line' id='line_1_33' title="bbox 205 3825 1473 3910; baseline 0.005 -24"><span class='ocrx_word' id='word_1_267' title='bbox 205 3826 236 3886; x_wconf 93' lang='lat' dir='ltr'>in</span> <span class='ocrx_word' id='word_1_268' title='bbox 254 3847 285 3886; x_wconf 88' lang='lat' dir='ltr'>se</span> <span class='ocrx_word' id='word_1_269' title='bbox 300 3825 529 3902; x_wconf 90' lang='lat' dir='ltr'>continentem,</span> <span class='ocrx_word' id='word_1_270' title='bbox 549 3826 723 3888; x_wconf 89' lang='lat' dir='ltr'>Benedicto</span> <span class='ocrx_word' id='word_1_271' title='bbox 736 3826 803 3889; x_wconf 90' lang='lat' dir='ltr'>filio</span> <span class='ocrx_word' id='word_1_272' title='bbox 823 3829 951 3907; x_wconf 81' lang='lat' dir='ltr'>Mathai,</span> <span class='ocrx_word' id='word_1_273' title='bbox 970 3830 1032 3910; x_wconf 91' lang='lat' dir='ltr'>jam</span> <span class='ocrx_word' id='word_1_274' title='bbox 1046 3849 1131 3891; x_wconf 93' lang='lat' dir='ltr'>novo</span> <span class='ocrx_word' id='word_1_275' title='bbox 1145 3830 1269 3891; x_wconf 87' lang='lat' dir='ltr'>concivi</span> <span class='ocrx_word' id='word_1_276' title='bbox 1290 3844 1414 3907; x_wconf 90' lang='lat' dir='ltr'>nostro,</span> <span class='ocrx_word' id='word_1_277' title='bbox 1432 3852 1473 3892; x_wconf 82' lang='lat' dir='ltr'>ex</span> 
     </span>
     <span class='ocr_line' id='line_1_34' title="bbox 205 3932 1473 4014; baseline 0.004 -21"><span class='ocrx_word' id='word_1_278' title='bbox 205 3952 361 3993; x_wconf 90' lang='lat' dir='ltr'>consensu</span> <span class='ocrx_word' id='word_1_279' title='bbox 387 3932 567 3993; x_wconf 88' lang='lat' dir='ltr'>vicinorum</span> <span class='ocrx_word' id='word_1_280' title='bbox 592 3934 807 4014; x_wconf 88' lang='lat' dir='ltr'>predictorum</span> <span class='ocrx_word' id='word_1_281' title='bbox 827 3951 856 3997; x_wconf 93' lang='lat' dir='ltr'>et</span> <span class='ocrx_word' id='word_1_282' title='bbox 874 3956 911 3996; x_wconf 84' lang='lat' dir='ltr'>ex</span> <span class='ocrx_word' id='word_1_283' title='bbox 929 3956 1085 3998; x_wconf 92' lang='lat' dir='ltr'>consensu</span> <span class='ocrx_word' id='word_1_284' title='bbox 1103 3936 1198 3997; x_wconf 92' lang='lat' dir='ltr'>vicini</span> <span class='ocrx_word' id='word_1_285' title='bbox 1218 3936 1353 3997; x_wconf 90' lang='lat' dir='ltr'>intranei</span> <span class='ocrx_word' id='word_1_286' title='bbox 1379 3937 1473 3999; x_wconf 91' lang='lat' dir='ltr'>vide·</span> 
     </span>
     <span class='ocr_line' id='line_1_35' title="bbox 203 4037 1473 4124; baseline 0.006 -25"><span class='ocrx_word' id='word_1_287' title='bbox 203 4040 277 4100; x_wconf 89' lang='lat' dir='ltr'>licet</span> <span class='ocrx_word' id='word_1_288' title='bbox 311 4038 438 4120; x_wconf 89' lang='lat' dir='ltr'>Mathye</span> <span class='ocrx_word' id='word_1_289' title='bbox 472 4037 610 4121; x_wconf 88' lang='lat' dir='ltr'>Pychich</span> <span class='ocrx_word' id='word_1_290' title='bbox 640 4040 785 4102; x_wconf 90' lang='lat' dir='ltr'>vendidit</span> <span class='ocrx_word' id='word_1_291' title='bbox 809 4055 963 4124; x_wconf 89' lang='lat' dir='ltr'>perpetuo</span> <span class='ocrx_word' id='word_1_292' title='bbox 984 4041 1210 4124; x_wconf 88' lang='lat' dir='ltr'>possidendam</span> <span class='ocrx_word' id='word_1_293' title='bbox 1236 4057 1267 4104; x_wconf 93' lang='lat' dir='ltr'>et</span> <span class='ocrx_word' id='word_1_294' title='bbox 1291 4044 1473 4124; x_wconf 89' lang='lat' dir='ltr'>superinde</span> 
     </span>
     <span class='ocr_line' id='line_1_36' title="bbox 205 4133 1210 4227; baseline 0.004 -21"><span class='ocrx_word' id='word_1_295' title='bbox 205 4159 250 4206; x_wconf 92' lang='lat' dir='ltr'>est</span> <span class='ocrx_word' id='word_1_296' title='bbox 274 4143 363 4205; x_wconf 89' lang='lat' dir='ltr'>litera</span> <span class='ocrx_word' id='word_1_297' title='bbox 388 4147 447 4205; x_wconf 89' lang='lat' dir='ltr'>sub</span> <span class='ocrx_word' id='word_1_298' title='bbox 472 4144 624 4224; x_wconf 87' lang='lat' dir='ltr'>pendenti</span> <span class='ocrx_word' id='word_1_299' title='bbox 650 4146 757 4227; x_wconf 89' lang='lat' dir='ltr'>sigillo</span> <span class='ocrx_word' id='word_1_300' title='bbox 783 4149 1022 4209; x_wconf 88' lang='lat' dir='ltr'>communitatis</span> <span class='ocrx_word' id='word_1_301' title='bbox 1054 4133 1210 4210; x_wconf 81' lang='lat' dir='ltr'>emanata.</span> 
     </span>
    </p>

    <p class='ocr_par' dir='ltr' id='par_1_7' title="bbox 204 4251 1476 4873">
     <span class='ocr_line' id='line_1_37' title="bbox 311 4251 1476 4332; baseline 0.008 -21"><span class='ocrx_word' id='word_1_302' title='bbox 311 4251 388 4312; x_wconf 92' lang='lat' dir='ltr'>ltem</span> <span class='ocrx_word' id='word_1_303' title='bbox 423 4251 560 4332; x_wconf 91' lang='lat' dir='ltr'>quedam</span> <span class='ocrx_word' id='word_1_304' title='bbox 593 4252 686 4312; x_wconf 91' lang='lat' dir='ltr'>vinea</span> <span class='ocrx_word' id='word_1_305' title='bbox 719 4254 951 4315; x_wconf 89' lang='lat' dir='ltr'>condicionalis</span> <span class='ocrx_word' id='word_1_306' title='bbox 984 4256 1015 4315; x_wconf 94' lang='lat' dir='ltr'>in</span> <span class='ocrx_word' id='word_1_307' title='bbox 1047 4255 1208 4317; x_wconf 90' lang='lat' dir='ltr'>territorio</span> <span class='ocrx_word' id='word_1_308' title='bbox 1241 4268 1351 4317; x_wconf 90' lang='lat' dir='ltr'>nostro</span> <span class='ocrx_word' id='word_1_309' title='bbox 1388 4256 1476 4320; x_wconf 89' lang='lat' dir='ltr'>inter</span> 
     </span>
     <span class='ocr_line' id='line_1_38' title="bbox 205 4359 1475 4446; baseline 0.006 -28"><span class='ocrx_word' id='word_1_310' title='bbox 205 4359 313 4419; x_wconf 89' lang='lat' dir='ltr'>vineas</span> <span class='ocrx_word' id='word_1_311' title='bbox 338 4359 513 4420; x_wconf 87' lang='lat' dir='ltr'>liberorum</span> <span class='ocrx_word' id='word_1_312' title='bbox 532 4359 670 4420; x_wconf 90' lang='lat' dir='ltr'>condam</span> <span class='ocrx_word' id='word_1_313' title='bbox 688 4359 843 4422; x_wconf 91' lang='lat' dir='ltr'>Johannis</span> <span class='ocrx_word' id='word_1_314' title='bbox 862 4362 975 4446; x_wconf 90' lang='lat' dir='ltr'>Bolye‚</span> <span class='ocrx_word' id='word_1_315' title='bbox 1001 4362 1162 4424; x_wconf 90' lang='lat' dir='ltr'>mediante</span> <span class='ocrx_word' id='word_1_316' title='bbox 1180 4361 1322 4442; x_wconf 91' lang='lat' dir='ltr'>quodam</span> <span class='ocrx_word' id='word_1_317' title='bbox 1347 4360 1475 4426; x_wconf 85' lang='lat' dir='ltr'>fossato</span> 
     </span>
     <span class='ocr_line' id='line_1_39' title="bbox 204 4466 1474 4551; baseline 0.006 -25"><span class='ocrx_word' id='word_1_318' title='bbox 204 4484 260 4526; x_wconf 91' lang='lat' dir='ltr'>seu</span> <span class='ocrx_word' id='word_1_319' title='bbox 285 4484 377 4525; x_wconf 90' lang='lat' dir='ltr'>cursu</span> <span class='ocrx_word' id='word_1_320' title='bbox 402 4486 441 4525; x_wconf 90' lang='lat' dir='ltr'>an</span> <span class='ocrx_word' id='word_1_321' title='bbox 474 4480 581 4526; x_wconf 90' lang='lat' dir='ltr'>meatu</span> <span class='ocrx_word' id='word_1_322' title='bbox 613 4486 694 4546; x_wconf 91' lang='lat' dir='ltr'>aque</span> <span class='ocrx_word' id='word_1_323' title='bbox 724 4466 884 4547; x_wconf 89' lang='lat' dir='ltr'>pluvialis,</span> <span class='ocrx_word' id='word_1_324' title='bbox 917 4469 955 4528; x_wconf 88' lang='lat' dir='ltr'>ab</span> <span class='ocrx_word' id='word_1_325' title='bbox 980 4489 1055 4547; x_wconf 92' lang='lat' dir='ltr'>una,</span> <span class='ocrx_word' id='word_1_326' title='bbox 1088 4481 1176 4551; x_wconf 90' lang='lat' dir='ltr'>parte</span> <span class='ocrx_word' id='word_1_327' title='bbox 1200 4470 1241 4529; x_wconf 92' lang='lat' dir='ltr'>ab</span> <span class='ocrx_word' id='word_1_328' title='bbox 1266 4467 1365 4530; x_wconf 89' lang='lat' dir='ltr'>altera</span> <span class='ocrx_word' id='word_1_329' title='bbox 1391 4491 1474 4534; x_wconf 90' lang='lat' dir='ltr'>vero</span> 
     </span>
     <span class='ocr_line' id='line_1_40' title="bbox 206 4570 1474 4651; baseline 0.006 -20"><span class='ocrx_word' id='word_1_330' title='bbox 206 4571 287 4632; x_wconf 90' lang='lat' dir='ltr'>inter</span> <span class='ocrx_word' id='word_1_331' title='bbox 317 4571 443 4632; x_wconf 91' lang='lat' dir='ltr'>vineam</span> <span class='ocrx_word' id='word_1_332' title='bbox 478 4570 609 4651; x_wconf 82' lang='lat' dir='ltr'>Georgii</span> <span class='ocrx_word' id='word_1_333' title='bbox 644 4572 736 4650; x_wconf 90' lang='lat' dir='ltr'>jurati</span> <span class='ocrx_word' id='word_1_334' title='bbox 770 4573 826 4634; x_wconf 83' lang='lat' dir='ltr'>filii</span> <span class='ocrx_word' id='word_1_335' title='bbox 861 4573 989 4635; x_wconf 92' lang='lat' dir='ltr'>Thome</span> <span class='ocrx_word' id='word_1_336' title='bbox 1022 4575 1169 4636; x_wconf 89' lang='lat' dir='ltr'>similiter</span> <span class='ocrx_word' id='word_1_337' title='bbox 1209 4575 1474 4640; x_wconf 89' lang='lat' dir='ltr'>condicionalem</span> 
     </span>
     <span class='ocr_line' id='line_1_41' title="bbox 205 4676 1472 4764; baseline 0.007 -27"><span class='ocrx_word' id='word_1_338' title='bbox 205 4676 357 4756; x_wconf 88' lang='lat' dir='ltr'>habitam,</span> <span class='ocrx_word' id='word_1_339' title='bbox 381 4698 452 4739; x_wconf 86' lang='lat' dir='ltr'>cum</span> <span class='ocrx_word' id='word_1_340' title='bbox 472 4678 536 4738; x_wconf 88' lang='lat' dir='ltr'>suis</span> <span class='ocrx_word' id='word_1_341' title='bbox 553 4680 758 4761; x_wconf 89' lang='lat' dir='ltr'>pertinenciis</span> <span class='ocrx_word' id='word_1_342' title='bbox 783 4693 812 4741; x_wconf 91' lang='lat' dir='ltr'>et</span> <span class='ocrx_word' id='word_1_343' title='bbox 830 4681 1019 4742; x_wconf 89' lang='lat' dir='ltr'>condicione</span> <span class='ocrx_word' id='word_1_344' title='bbox 1044 4701 1157 4743; x_wconf 90' lang='lat' dir='ltr'>census</span> <span class='ocrx_word' id='word_1_345' title='bbox 1175 4681 1389 4764; x_wconf 89' lang='lat' dir='ltr'>quadraginta</span> <span class='ocrx_word' id='word_1_346' title='bbox 1414 4684 1472 4748; x_wconf 92' lang='lat' dir='ltr'>de·</span> 
     </span>
     <span class='ocr_line' id='line_1_42' title="bbox 205 4783 1475 4873; baseline 0.007 -30"><span class='ocrx_word' id='word_1_347' title='bbox 205 4783 366 4844; x_wconf 86' lang='lat' dir='ltr'>uariorum</span> <span class='ocrx_word' id='word_1_348' title='bbox 393 4784 432 4844; x_wconf 90' lang='lat' dir='ltr'>de</span> <span class='ocrx_word' id='word_1_349' title='bbox 457 4785 571 4847; x_wconf 89' lang='lat' dir='ltr'>eadem</span> <span class='ocrx_word' id='word_1_350' title='bbox 597 4785 689 4846; x_wconf 90' lang='lat' dir='ltr'>vinea</span> <span class='ocrx_word' id='word_1_351' title='bbox 714 4787 936 4848; x_wconf 90' lang='lat' dir='ltr'>communitati</span> <span class='ocrx_word' id='word_1_352' title='bbox 961 4807 1017 4849; x_wconf 90' lang='lat' dir='ltr'>seu</span> <span class='ocrx_word' id='word_1_353' title='bbox 1042 4788 1214 4849; x_wconf 90' lang='lat' dir='ltr'>comitibus</span> <span class='ocrx_word' id='word_1_354' title='bbox 1239 4808 1297 4870; x_wconf 92' lang='lat' dir='ltr'>pro</span> <span class='ocrx_word' id='word_1_355' title='bbox 1322 4802 1475 4873; x_wconf 89' lang='lat' dir='ltr'>tempore</span> 
     </span>
    </p>
   </div>
   <div class='ocr_carea' id='block_1_3' title="bbox 0 0 1583 5356">
    <p class='ocr_par' dir='ltr' id='par_1_8' title="bbox 0 0 1583 5356">
     <span class='ocr_line' id='line_1_43' title="bbox 0 0 1583 5356; baseline 0 0"><span class='ocrx_word' id='word_1_356' title='bbox 0 0 1583 5356; x_wconf 95' lang='lat' dir='ltr'> </span> 
     </span>
    </p>
   </div>
  </div>
 </body>
</html>
