3156 5364
699 378 785 434 Anno
808 373 901 455 1438.
1372 402 1434 465 3¹7

271 589 348 649 Item
375 589 486 648 Petrus
509 588 613 648 dictus
630 588 711 649 Pero
736 602 767 648 et
791 589 930 649 lacobus
949 589 1042 651 aliter
1058 590 1189 650 larinus
1214 605 1345 653 vocatus
1375 591 1433 654 filii

163 693 248 754 Petri
275 693 410 776 Saphar,
434 693 596 774 quendam
621 692 778 776 (h)ortum
803 714 916 755 eorurn
941 695 973 755 in
997 695 1159 756 territorio
1184 696 1322 758 civitatis
1346 697 1432 778 juxta

161 801 354 861 suburbium
369 800 514 861 eiusdem
528 800 667 861 civitatis
679 800 762 861 inter
775 799 909 880 (h)ortos
923 800 1099 863 liberorum
1114 800 1190 863 dicti
1209 802 1292 863 Petri
1311 803 1433 885 Saphar

161 921 193 968 et
217 906 347 968 Thome
373 907 490 968 sutoris
514 906 589 968 dicti
617 906 767 968 Oczvvirk
792 906 949 986 habitum,
982 908 1086 969 nobili
1111 909 1243 972 domine
1270 910 1432 973 Dorothea

160 1026 274 1074 vocate
299 1012 364 1074 filie
383 1013 466 1074 lwan
489 1014 529 1075 de
548 1014 761 1096 Brezowycza
782 1013 997 1076 vendiderunt
1014 1035 1050 1076 ex
1069 1035 1226 1077 consensu
1252 1017 1432 1078 vicinorum

160 1118 378 1180 vendiderunt
395 1132 552 1202 perpetuo
577 1120 820 1200 possidendum,
838 1135 868 1182 et
885 1122 1056 1203 superinde
1076 1120 1148 1205 (est)
1164 1123 1254 1184 litera
1272 1125 1331 1185 sub
1356 1144 1432 1207 pen·

161 1224 250 1286 denti
275 1225 382 1306 sigillo
407 1226 648 1286 communitatis
672 1241 829 1289 emanata.

267 1331 344 1392 Item
363 1331 495 1392 domina
513 1331 688 1393 Katherina
712 1332 822 1394 relicta
846 1333 984 1394 condam
1004 1334 1205 1416 sigismundi
1224 1334 1317 1415 jurati
1346 1356 1432 1398 nunc

159 1455 292 1497 consors
317 1437 474 1517 legittima
501 1436 628 1521 Mathye
655 1438 792 1515 Farkas,
824 1439 987 1519 quandam
1018 1453 1134 1501 terram
1167 1441 1321 1503 arabilem
1348 1443 1429 1503 ultra

160 1541 296 1602 fluvium
324 1543 544 1604 Kalinowicza
569 1558 729 1622 vocaturn,
749 1545 830 1605 inter
850 1545 1013 1625 quandam
1039 1547 1157 1607 vallem
1183 1561 1214 1608 et
1238 1548 1320 1609 inter
1345 1549 1428 1609 viam

160 1666 368 1709 communem
403 1669 439 1710 ac
471 1648 604 1710 fluvium
638 1649 852 1712 Zerbechicza
884 1665 1033 1712 vocatum
1067 1665 1097 1712 et
1129 1653 1211 1714 inter
1244 1651 1341 1714 fenile
1368 1654 1428 1714 De·

159 1754 266 1814 mettii
292 1753 398 1832 jurati,
423 1755 501 1816 duas
526 1756 628 1816 dietas
652 1757 684 1816 in
708 1776 741 1817 se
759 1757 996 1832 continentem;
1027 1772 1057 1818 et
1080 1758 1176 1819 aliam
1202 1774 1318 1820 terram
1342 1760 1429 1821 simi·

159 1859 233 1920 liter
258 1861 412 1922 arabilem
438 1861 520 1922 ultra
545 1861 725 1943 predictum
754 1862 889 1924 fluvium
925 1864 1137 1925 Zerbechicza
1162 1879 1323 1943 vocatum,
1349 1867 1430 1927 inter

159 1966 301 2027 eundem
328 1967 461 2029 fluvium
488 1983 518 2029 et
535 1969 620 2028 viam
646 1988 852 2030 communem
878 1989 913 2029 ac
930 1983 1029 2030 terras
1053 1971 1189 2031 arabiles
1207 1971 1352 2032 eiusdem
1371 1972 1428 2032 do·

162 2072 249 2133 mine
275 2073 450 2135 Katherine
475 2093 510 2135 ac
535 2074 630 2134 aliam
656 2075 740 2136 viam
766 2095 973 2137 communem
1003 2066 1428 2158 habitam,'quatuordecim

161 2177 264 2240 dietas
288 2180 319 2239 in
345 2199 377 2240 se
403 2179 633 2259 continentem,
660 2181 835 2243 benedicto
859 2180 963 2262 jurato
995 2180 1063 2243 filio
1088 2183 1256 2244 Michaelis
1280 2184 1428 2246 vendidit

158 2299 317 2366 perpetuo
341 2285 568 2366 possidendam
595 2299 625 2347 et
656 2286 828 2369 superinde
853 2301 899 2348 est
931 2286 1021 2349 litera
1045 2288 1105 2348 sub
1138 2289 1289 2370 pendenti
1315 2289 1424 2371 sigillo

159 2390 400 2451 communitatis
428 2406 585 2452 emanata.

265 2495 342 2556 ltem
362 2496 551 2557 Dominicus
567 2497 716 2580 sagippar
733 2498 938 2559 medietatem
956 2513 1074 2560 rectam
1093 2512 1124 2561 et
1141 2501 1289 2581 equalem
1314 2501 1418 2562 cuius·

157 2601 232 2662 dam
259 2600 349 2662 fundi
374 2617 405 2663 et
430 2601 652 2664 hedificiotum
677 2623 808 2664 suorum
835 2605 914 2665 inibi
944 2605 1173 2684 habitatorum,
1199 2606 1280 2667 inter
1305 2605 1423 2668 fundos

158 2721 189 2769 et
214 2707 329 2768 domos
354 2708 483 2769 Thome
508 2707 678 2791 freniparis
710 2723 741 2770 et
766 2708 915 2791 Gregorii
948 2712 1075 2789 sutoris,
1099 2714 1139 2772 ab
1172 2732 1247 2790 una,
1271 2727 1302 2774 et
1333 2728 1422 2795 parte

156 2815 197 2874 ab
221 2814 320 2876 altera
346 2814 475 2876 Thonte
500 2816 648 2877 similiter
672 2814 840 2897 lreniparis
872 2829 903 2878 et
928 2816 1060 2898 Georgii
1085 2818 1244 2899 selliparis
1268 2818 1368 2879 habiti
1395 2834 1425 2881 et

157 2920 334 2999 existentis,
353 2941 449 2982 unam
473 2922 700 2983 tantummodo
727 2937 872 3002 quartam
892 2924 979 2984 curie
1004 2924 1035 2984 in
1061 2944 1093 2984 se
1118 2925 1348 3003 continentem,
1366 2927 1425 2986 Mi·

156 3026 259 3088 chaeli
285 3024 436 3108 lrenipari
460 3025 528 3089 filio
554 3027 683 3088 Thome
716 3027 756 3088 de
782 3026 899 3106 Crisio,
933 3048 1019 3089 novo
1054 3030 1178 3091 concivi
1204 3044 1325 3108 nostro,
1349 3050 1424 3091 ven-

158 3133 240 3194 didit
266 3147 441 3214 perepetuo
465 3133 693 3215 possidendam
720 3147 750 3195 et
783 3135 954 3215 superinde
979 3149 1027 3197 est
1060 3137 1149 3198 litera
1174 3137 1234 3197 sub
1268 3137 1422 3218 pendenti

155 3239 265 3319 sigillo
291 3241 532 3301 communitatis
556 3255 712 3302 emanata.

264 3345 341 3406 ltem
368 3346 466 3407 Lucia
492 3346 600 3408 relicta
625 3345 763 3407 condam
781 3346 901 3407 Vrbani
928 3345 984 3407 filii
1009 3347 1143 3408 Fabiani
1169 3348 1207 3408 de
1227 3349 1339 3431 Lippa,
1357 3370 1422 3411 me-

159 3452 312 3512 dietatem
338 3452 504 3513 cuiusdam
531 3453 658 3530 domus,
692 3451 784 3512 fundi
809 3466 840 3514 et
872 3452 1096 3514 hedificiorum
1130 3455 1161 3515 in
1188 3454 1271 3515 dicta
1296 3455 1422 3518 civitate

156 3559 239 3618 inter
263 3557 379 3618 domos
405 3558 500 3618 Blasii
526 3557 683 3619 carnificis
707 3572 737 3619 et
762 3558 915 3639 Stephani
941 3558 1151 3620 Oczthowich
1175 3580 1211 3620 ac
1237 3561 1319 3622 Petri
1346 3561 1422 3623 dicti

156 3665 282 3746 Ztoylro
308 3679 489 3725 nostrorum
523 3665 706 3726 concivium
739 3664 857 3742 habite,
887 3680 1009 3747 partem
1044 3666 1194 3727 videlicet
1217 3669 1422 3746 anteriorem,

155 3789 253 3830 unam
280 3785 426 3851 quartam
452 3771 538 3832 curie
560 3771 591 3831 in
616 3791 649 3832 se
673 3771 906 3847 continentem,
921 3770 1064 3851 Georgio
1082 3773 1199 3833 cultori
1224 3771 1290 3834 lilio
1317 3774 1422 3835 Mikus

155 3890 187 3938 et
211 3896 267 3958 per
291 3896 365 3937 eum
392 3876 492 3938 Elene
517 3896 573 3937 sue
598 3877 738 3938 consorti
772 3876 918 3937 vendidit
950 3892 1107 3959 perpetuo
1139 3878 1366 3961 possidendam
1391 3894 1422 3941 et

154 3982 329 4064 superinde
354 3997 400 4042 est
424 3983 514 4043 litera
539 3985 599 4043 sub
623 3983 777 4064 pendenti
801 3982 910 4063 sigillo
935 3985 1176 4045 communitatis
1200 3999 1360 4047 emanata.

262 4088 339 4148 ltem
366 4089 488 4169 Symon
507 4089 725 4171 carpentarius
745 4088 829 4149 filius
847 4088 942 4166 lwan,
960 4090 1102 4150 concivis
1126 4103 1243 4169 noster,
1262 4091 1417 4171 quasdam

153 4193 235 4254 duas
258 4213 330 4254 suas
354 4193 464 4254 vineas
488 4195 586 4274 vulgo
605 4194 735 4275 Odkopi
754 4194 864 4271 dictas,
882 4195 944 4273 jam
963 4196 995 4255 in
1020 4215 1117 4256 unam
1135 4196 1266 4256 totalem
1291 4197 1419 4258 vineam

154 4299 361 4380 reintegratas
375 4313 405 4360 et
418 4300 560 4360 redactas
577 4301 608 4360 in
627 4301 786 4361 territorio
809 4316 917 4360 nostro
934 4320 990 4361 seu
1008 4302 1144 4362 civitatis
1168 4302 1320 4383 predicte,
1339 4303 1420 4363 inter

154 4407 234 4466 duas
259 4406 326 4466 vias
350 4425 548 4484 communes,
582 4426 678 4467 unam
711 4427 728 4467 a
757 4407 936 4468 meridione
961 4421 992 4468 et
1023 4408 1120 4468 aliam
1146 4429 1162 4468 a
1187 4410 1417 4489 septemtrione

154 4512 309 4591 habitam,
344 4532 459 4594 asuper
483 4512 625 4593 quodam
660 4512 779 4574 fossato
812 4514 842 4574 in
875 4513 1015 4593 virgulto
1047 4533 1105 4595 pro
1142 4527 1226 4574 meta
1251 4514 1418 4596 deputat0,

154 4617 235 4680 infra
254 4638 355 4700 usque
381 4618 551 4680 decursum
569 4639 650 4699 aque
669 4619 829 4700 pluvialis,
848 4638 919 4679 cum
937 4619 1076 4698 virgulto
1101 4619 1312 4700 superjacenti
1338 4633 1369 4680 et
1386 4621 1416 4680 in

153 4741 242 4807 parte
267 4724 410 4786 inferiori
436 4725 521 4804 juxta
547 4725 660 4803 jacenti
686 4745 718 4785 se
743 4724 953 4801 extendentis,
977 4727 1036 4784 sub
1061 4726 1253 4786 condicione
1272 4726 1416 4806 quinque

152 4830 347 4892 cubulorum
373 4832 468 4892 musti
495 4831 629 4892 ecclesie
654 4850 710 4891 seu
728 4831 865 4892 claustro
891 4831 975 4891 beati
995 4831 1120 4891 Nicolai
1145 4830 1338 4892 confessoris
1362 4851 1417 4892 an·
