3142 5356
145 495 167 556 4
476 554 480 559 Ι
527 476 613 533 Anno
635 471 727 553 1481.
753 509 794 517 —
816 488 849 550 9.
873 473 1044 535 novembris.

148 583 913 592 ——.-———.-———-——-—
934 582 1205 588 --————.-..
1215 579 1413 586 ———--——-.-

366 697 511 768 Sabbata
539 694 693 786 proximo
722 704 801 767 ante
829 696 1030 767 dominicam
1058 695 1191 786 Judica.

681 850 722 926 (7.
746 849 874 924 aprelis).

252 990 357 1053 Causa
383 990 464 1052 inter
488 989 642 1070 providos
667 989 861 1072 Dyonisium
886 1003 1040 1052 sartorem
1058 1003 1092 1050 ut
1108 1002 1250 1051 actorem
1275 990 1318 1049 ub
1336 1008 1418 1068 una,

147 1109 177 1158 et
210 1094 341 1158 Gallum
375 1096 554 1158 institorem
587 1095 766 1179 Kwdelych
798 1096 920 1157 dictum
953 1109 987 1157 ut
1018 1095 1051 1156 in
1085 1114 1212 1157 causam
1244 1106 1417 1156 attractum

147 1216 235 1284 parte
260 1205 299 1264 ab
324 1202 433 1282 altera,
458 1215 604 1284 pretextu
626 1201 809 1285 calumpnie
838 1217 869 1265 et
901 1222 1113 1284 expensarum
1138 1222 1194 1284 per
1218 1201 1416 1284 Dyonisium

147 1309 325 1391 predictum
351 1322 460 1370 contra
486 1309 590 1391 ipsum
610 1307 742 1370 Gallum
760 1308 969 1390 allegaturum
987 1329 1025 1371 ex
1042 1308 1182 1390 quadam
1200 1308 1299 1391 priori
1316 1328 1416 1370 causa

149 1429 180 1479 et
204 1416 259 1478 lite
283 1429 401 1494 secuta,
427 1435 489 1497 que
516 1416 546 1476 in
573 1414 633 1476 hoc
656 1414 812 1477 katherno
837 1429 947 1477 nostro
965 1429 1012 1478 est
1033 1416 1217 1498 prescripta,
1242 1434 1340 1496 quarn
1358 1435 1417 1497 per

149 1522 337 1584 mandatum
362 1522 448 1604 regie
474 1521 650 1583 Maiestatis
678 1522 770 1602 jurati
802 1521 1067 1603 adjudicaverunt
1099 1535 1129 1583 et
1153 1535 1226 1603 post
1249 1520 1419 1603 adjudica·

151 1629 277 1691 cionem
303 1629 492 1690 eorumdem
519 1627 695 1708 juratorum
720 1648 776 1710 per
799 1627 957 1709 prelatum
977 1627 1108 1690 Gallum
1132 1627 1172 1689 ad
1197 1628 1340 1689 seniores
1364 1627 1416 1709 ju-

148 1734 236 1798 dices
275 1734 454 1818 appellata,
485 1735 627 1796 seniores
658 1733 780 1815 judices
811 1734 1031 1814 adjudicantes
1069 1735 1204 1796 eandem
1245 1733 1417 1815 adjudica-

148 1841 275 1904 cionem
300 1855 331 1903 et
355 1841 580 1903 invencionem
605 1839 800 1922 prefatorum
830 1840 1006 1920 juratorum
1039 1840 1328 1917 confirmaverunt;
1352 1861 1414 1923 pro

148 1949 294 2031 expensis
317 1961 424 2010 autem
458 1968 537 2029 quas
568 1948 635 2031 ipse
669 1947 844 2031 Dyonisius
875 1962 977 2010 sartor
1000 1947 1085 2027 lecit,
1117 1947 1203 2009 idem
1236 1947 1418 2030 Dyonisius

149 2054 227 2117 feria
252 2069 338 2116 sexta
362 2054 507 2137 proxima
531 2068 604 2135 post
628 2054 824 2115 dominicam
844 2054 945 2127 Quasi
970 2054 1069 2115 modo
1092 2054 1204 2135 geniti,
1227 2073 1291 2115 una
1315 2074 1418 2117 manu

149 2163 181 2224 in
206 2162 340 2223 ecclesia
364 2161 464 2223 sancti
498 2161 596 2223 Marci
629 2162 835 2241 ewangeliste
860 2176 891 2223 et
923 2181 1019 2243 super
1050 2181 1136 2223 aram
1169 2175 1276 2223 sancte
1301 2160 1419 2224 Crucis

149 2268 363 2349 juramentum
387 2286 481 2327 suum
507 2267 637 2327 debebit
658 2267 831 2348 deponere,
856 2287 922 2349 quo
940 2268 1100 2349 deposito,
1123 2287 1218 2349 super
1243 2282 1419 2348 quantum-

149 2392 286 2454 cumque
312 2373 458 2455 expensis
482 2372 633 2452 juraverit
659 2372 787 2434 easdem
806 2393 959 2456 expensas
983 2374 1172 2455 jamdicatus
1197 2373 1311 2435 Gallus
1328 2374 1417 2459 Dyo-

150 2479 232 2540 nisio
257 2479 387 2540 debebit
411 2479 534 2540 solvere
560 2492 591 2539 et
614 2478 815 2556 reffundere;
841 2499 903 2561 qua
938 2480 1182 2559 adjudicacione
1208 2479 1322 2542 Gallus
1348 2502 1417 2544 non

150 2598 318 2648 contentus
341 2604 469 2646 causam
494 2585 595 2666 ipsam
613 2586 787 2667 appellavit
810 2586 849 2648 ad
875 2587 1063 2668 magistrum
1089 2587 1369 2652 thawernicorum.

309 2837 405 2911 Feria
434 2848 532 2911 sexta
561 2840 713 2929 proxima
742 2848 820 2913 ante
848 2842 972 2913 festum
999 2843 1089 2914 beati
1120 2843 1266 2914 ldartini.

650 2996 694 3075 (9.
719 2996 898 3071 novembris).

256 3131 334 3193 Item
358 3132 477 3193 nobilis
502 3133 661 3216 Georgius
685 3135 870 3197 Herendich
895 3136 934 3197 de
956 3137 1058 3219 Lippa
1082 3157 1148 3198 non
1173 3138 1354 3220 comparuit
1380 3140 1414 3201 in

151 3236 270 3318 judicio
288 3237 327 3298 ad
345 3238 534 3300 instanciam
551 3240 696 3301 mulieris
720 3241 820 3303 Katlca
839 3256 951 3304 vocate
969 3243 1124 3304 consortis
1141 3243 1249 3304 Benak
1268 3243 1300 3304 in
1319 3264 1417 3307 causa

151 3345 280 3426 triginta
304 3343 442 3406 duorum
468 3345 536 3408 flor.
562 3346 641 3407 auri.

257 3449 409 3512 Clemens
433 3451 463 3511 in
489 3451 587 3513 domo
612 3451 751 3514 filiorum
772 3453 925 3516 Saronich
951 3474 1015 3516 non
1035 3456 1214 3538 comparuit
1230 3455 1270 3516 ad
1295 3457 1418 3519 instan-

151 3555 233 3617 ciam
251 3555 403 3637 Stephani
427 3557 588 3618 servitoris
612 3558 725 3639 judicis
749 3560 907 3622 moderni.

258 3661 393 3723 Mathias
410 3662 531 3744 Dragin
556 3684 619 3725 non
638 3666 817 3747 comparuit
841 3667 880 3728 ad
898 3667 1087 3729 instanciam
1104 3668 1260 3730 Anthonii
1286 3671 1417 3732 sartoris

152 3768 230 3828 civis
253 3767 390 3829 civitatis
416 3782 521 3830 nostre
547 3771 673 3831 racione
698 3771 945 3835 vulneracionis.

259 3873 456 3935 Laurencius
492 3875 610 3957 Sporar
651 3897 716 3938 non
759 3880 939 3960 comparuit
977 3880 1017 3941 ad
1057 3881 1245 3943 instanciam
1286 3882 1417 3946 Andree

152 3978 314 4043 Kelthich.

259 4085 336 4147 ltem
361 4107 454 4149 causa
487 4089 568 4150 inter
593 4090 764 4152 Nicolaum
791 4091 905 4153 Halich
938 4106 968 4154 et
993 4093 1121 4155 Petrum
1146 4093 1338 4155 familiarem
1365 4096 1417 4157 Ja-

152 4193 224 4253 cobi
257 4192 376 4273 Sporar
407 4195 536 4256 racione
569 4196 730 4278 vituperii,
762 4200 927 4260 convictus
959 4213 1006 4260 est
1033 4200 1121 4261 idem
1153 4201 1265 4262 Petrus
1298 4200 1417 4283 Sporar

152 4298 258 4360 eidem
282 4300 417 4360 Nicolao
443 4301 474 4360 in
500 4299 613 4363 decem
637 4305 753 4384 pensis,
777 4305 887 4386 juratis
912 4307 943 4366 in
968 4320 1097 4368 centurn
1123 4307 1272 4370 denariis.

258 4404 336 4466 Item
361 4405 418 4486 (in)
442 4426 534 4467 causa
568 4409 649 4470 inter
681 4409 883 4473 Clementem
910 4411 1036 4475 Gsvlich
1068 4427 1099 4474 et
1123 4413 1231 4476 Crone
1255 4431 1301 4477 est
1332 4415 1417 4495 judi-

152 4523 259 4573 catum
283 4511 338 4589 sic,
362 4512 450 4592 quod
473 4532 568 4594 super
591 4534 656 4596 quo
675 4515 781 4577 Crone
806 4532 910 4599 potest
926 4517 1029 4599 jurare
1054 4535 1210 4600 quantum
1236 4521 1415 4604 dampnum

153 4628 200 4677 est
224 4636 332 4697 passus
356 4630 525 4699 postquam
551 4620 579 4680 ei
604 4620 736 4683 dederat
759 4624 994 4703 molendinum,
1020 4626 1125 4688 eidem
1151 4627 1274 4688 solvere
1299 4628 1417 4692 debeat

154 4735 184 4783 et
207 4735 353 4784 teneatur
378 4723 480 4786 dictus
498 4725 667 4803 Clemens;
692 4745 861 4811 postquam
880 4747 986 4793 autem
1004 4733 1103 4794 alium
1121 4734 1415 4797 molendinatorem

154 4827 277 4908 absque
301 4829 381 4891 scitu
405 4830 491 4892 idem
517 4830 670 4894 Clemens
703 4836 786 4897 intro
810 4837 938 4917 locavit,
970 4859 1065 4922 super
1097 4840 1154 4902 illo
1188 4841 1274 4902 idem
1308 4841 1416 4903 Crone

155 4932 315 4997 Clementi
340 4935 420 4998 nihil
445 4937 570 5001 debeat.
