3142 5356
555 471 641 526 Anno
665 465 756 544 1487.
783 503 823 511 —
849 465 899 528 18.
924 470 1006 529 maii.
1367 490 1409 551 47

157 686 253 760 Feria
282 698 381 760 sexta
410 688 563 778 proxima
593 697 671 760 aute
701 689 823 760 festum
856 697 972 760 sancte
1002 690 1202 762 Puteuciane
1231 683 1381 779 virginis.

685 839 749 919 (18.
773 842 870 918 rnat'i).

249 982 327 1044 ltem
354 1002 448 1044 causa
473 984 555 1046 inter
579 982 715 1044 Paulum
745 981 941 1044 aurifabrum
966 997 997 1045 et
1022 984 1163 1045 Blasium
1190 985 1342 1063 Nemecz,
1368 985 1416 1046 ci·.

142 1090 226 1150 tacio
253 1089 367 1170 prima.

249 1195 327 1256 Item
353 1216 448 1256 causa
474 1197 555 1257 inter
579 1196 711 1258 Gallum
737 1196 904 1279 Kudelycz
929 1209 960 1257 et
977 1196 1144 1258 Simonem
1170 1198 1342 1274 literatum,
1366 1199 1409 1259 ci·

138 1303 223 1362 tacio
249 1302 364 1383 prima.

248 1408 327 1470 Item
354 1429 447 1470 causa
465 1410 549 1472 inter
567 1411 798 1472 Maximianum
818 1409 1013 1472 aurifabrum
1033 1425 1063 1473 et
1081 1411 1270 1473 Michaelem
1291 1412 1409 1493 Opras·

139 1534 221 1596 nycz
245 1529 378 1596 propter
396 1516 562 1597 quoddam
580 1533 760 1597 argentum,
778 1518 865 1598 quod
883 1532 1051 1598 argentum
1071 1517 1208 1578 Michael
1224 1517 1409 1602 Oprasuycz

142 1622 336 1683 vendiderat
360 1623 559 1684 Maximiano
584 1622 758 1701 aurifabro,
783 1624 870 1705 quod
896 1636 1065 1704 argentum
1092 1637 1137 1684 est
1161 1624 1327 1685 inventum
1352 1623 1409 1685 fal·

136 1747 220 1805 sum,
246 1729 290 1789 ita
315 1728 409 1804 jurati
432 1728 710 1807 adjudicaverunt,
735 1730 822 1811 quod
848 1751 885 1790 ex
917 1749 983 1811 quo
1009 1730 1223 1791 Maximianus
1247 1729 1409 1792 aurifaber

136 1847 242 1895 totum
269 1850 438 1915 argentum
464 1836 595 1897 insimul
621 1836 719 1916 vulgo
745 1835 844 1897 finnal
865 1851 895 1897 et
920 1856 984 1897 non
1009 1837 1199 1897 monstravit
1223 1837 1293 1897 aliis
1318 1838 1406 1917 quud

138 1939 221 2000 illud
246 1954 417 2020 argentum
443 1956 525 2002 esset
551 1956 654 2002 totum
680 1943 878 2022 integraliter
902 1943 1024 2023 quoda
1043 1942 1200 2003 Michaele
1219 1942 1405 2025 Oprasuycz

139 2048 228 2124 emit,
254 2068 292 2108 ex
317 2048 376 2108 hac
401 2068 494 2108 causa
520 2049 736 2110 Maximianus
760 2050 855 2110 debet
879 2049 1094 2129 juramentum
1128 2051 1290 2130 deponere
1314 2051 1408 2132 quin·

137 2153 267 2214 decimo
293 2154 345 2214 die
371 2154 653 2216 duodecimusmet
677 2156 708 2215 in
734 2176 786 2216 ara
819 2170 927 2216 sancte
953 2155 1066 2216 Crucis
1091 2156 1122 2215 in
1149 2155 1283 2216 ecclesia
1308 2157 1407 2217 sancti

137 2260 236 2320 Marci
264 2259 409 2338 fundata,
434 2261 522 2342 quod
547 2281 605 2322 nec
638 2262 811 2324 minoravit
836 2282 894 2323 nec
928 2261 1147 2343 amplificavit,
1172 2282 1245 2323 curn
1269 2262 1409 2324 totaliter

138 2366 218 2427 illud
245 2382 415 2447 argentum
435 2368 586 2449 estquod
611 2368 671 2429 sibi
697 2369 782 2430 idern
802 2369 939 2430 Michael
958 2368 1120 2444 vendidit;
1145 2369 1276 2448 quando
1301 2382 1408 2430 autern

139 2474 358 2534 Maximianus
383 2473 600 2552 juramentum
625 2474 767 2556 deponet
784 2489 947 2552 totusmet,
971 2491 1046 2535 tunc
1066 2474 1203 2536 Michael
1222 2474 1407 2557 Oprasuycz

136 2581 291 2660 pecunias
315 2599 387 2640 suas
412 2583 560 2642 reiterare
584 2582 755 2659 tenebitur,
778 2581 914 2642 Michael
947 2597 1053 2642 autem
1083 2581 1172 2661 quod
1196 2580 1319 2660 justicia
1344 2581 1407 2642 sibi

136 2686 394 2748 aministrabitur
418 2706 517 2767 penes
541 2708 590 2748 res
614 2702 737 2748 nostras
761 2701 841 2749 stare
868 2688 1007 2749 debebit.

244 2793 324 2853 ltem
350 2812 445 2853 causa
479 2795 560 2855 inter
585 2793 783 2874 Stephanum
816 2795 1024 2876 Heruoychin
1061 2809 1091 2854 et
1123 2794 1271 2854 dominas
1305 2795 1406 2855 Doro·

135 2899 244 2960 tbeam
271 2900 415 2962 relictam
442 2902 579 2962 condam
605 2901 757 2964 Mertblin
776 2916 806 2961 et
831 2902 996 2962 dominam
1027 2901 1144 2960 Kusica
1171 2920 1302 2960 uxorem
1324 2901 1407 2962 ¹Luce

136 3004 287 3086 pellificis
313 3022 443 3088 propter
466 3008 605 3089 quedam
637 3009 736 3088 vulgo
768 3028 860 3088 presa
884 3028 946 3088 que
972 3008 1033 3068 fuit
1065 3006 1174 3068 furtim
1199 3021 1337 3088 recepta,
1363 3007 1406 3068 ita

136 3111 232 3191 jurati
258 3111 536 3192 adjudicaverunt,
562 3115 649 3195 quod
668 3115 799 3175 domina
825 3113 987 3174 Dorothea
1007 3128 1036 3174 et
1061 3113 1193 3174 domina
1220 3114 1305 3173 Kusa
1330 3133 1406 3194 que-

136 3217 219 3278 libet
244 3219 386 3297 ipsarum
412 3220 657 3300 quintodecimo
675 3220 726 3279 die
752 3221 848 3281 tercia
866 3240 898 3280 se
924 3219 1140 3297 juramentum
1165 3218 1283 3280 debent
1308 3219 1407 3300 depo-

139 3345 217 3386 nere
249 3345 346 3407 super
378 3346 430 3404 eo,
461 3327 549 3408 quod
575 3328 641 3408 ipse
675 3328 855 3388 nescierunt
886 3327 973 3407 quod
1007 3327 1065 3386 ista
1098 3327 1195 3406 vulgo
1227 3345 1317 3407 presa
1343 3345 1406 3386 non

136 3429 250 3492 fuisset
275 3430 379 3494 furata
404 3446 434 3494 et
458 3432 546 3514 quod
571 3434 645 3516 plus
670 3453 733 3494 non
764 3433 882 3494 habent
904 3433 990 3514 apud
1022 3453 1065 3509 se,
1098 3447 1129 3494 et
1153 3433 1284 3513 quando
1308 3433 1408 3513 depo·

135 3551 216 3600 nent
239 3539 322 3600 liber
346 3540 406 3603 erit
436 3554 467 3601 et
491 3559 540 3600 res
573 3560 645 3601 suas
677 3541 735 3601 sibi
769 3540 933 3601 extradare
966 3541 1170 3617 tenebuntur,
1205 3540 1277 3621 ipse,
1296 3553 1404 3601 autem

136 3645 304 3724 requirant
328 3665 345 3706 a
370 3646 488 3726 quibus
512 3660 660 3708 emerunt
683 3647 835 3727 pecunias
859 3666 942 3707 suas.

247 3751 325 3813 Item
359 3773 453 3814 causa
486 3754 567 3814 inter
599 3753 734 3815 Paulum
774 3751 970 3814 aurifabrum
1006 3767 1036 3813 et
1073 3753 1235 3812 Andream
1269 3751 1407 3831 juratum

135 3872 271 3940 propter
295 3859 452 3940 quasdam
477 3860 744 3942 vituperaciones,
769 3875 799 3920 et
824 3879 921 3940 quare
954 3878 1019 3919 non
1054 3859 1157 3939 potuit
1183 3859 1301 3918 Paulus
1325 3860 1407 3920 auri·

136 3964 231 4030 faber
255 3985 329 4026 cum
354 3966 446 4027 nullo
471 3967 617 4048 aprobari
641 3966 729 4047 quod
747 3967 956 4047 vituperasset
981 3984 1065 4043 eum,
1092 3965 1183 4044 jurati
1202 3964 1407 4044 adjudicave-

136 4087 226 4150 runt,
251 4072 339 4153 quod
364 4072 510 4134 Andreas
533 4073 655 4154 juratus
679 4086 793 4134 octavo
818 4072 869 4131 die
894 4072 981 4132 solus
1014 4091 1046 4131 se
1071 4071 1167 4132 debet
1191 4071 1407 4150 juramentum

135 4179 304 4260 deponere
329 4178 418 4260 quod
444 4198 508 4240 non
539 4180 731 4260 vituperavit
752 4198 837 4255 euru,
863 4192 894 4239 et
911 4178 1042 4258 quando
1067 4178 1208 4258 deponet
1232 4177 1314 4238 liber
1339 4179 1407 4240 erit.

248 4284 326 4346 ltem
352 4304 445 4346 causa
479 4286 560 4346 iuter
594 4285 785 4346 Michaelem
819 4285 980 4366 Saronycz
1013 4299 1043 4344 et
1076 4283 1210 4344 Paulum
1244 4284 1408 4366 Koledycz

136 4411 267 4454 necnon
294 4391 502 4452 Valentinum
528 4391 630 4453 filium
660 4391 801 4452 lmbrecz
830 4405 960 4471 propter
992 4389 1155 4470 quoddam
1183 4388 1291 4468 fenile,
1320 4390 1408 4470 quod

136 4498 200 4581 ipsi
227 4498 259 4558 in
285 4499 389 4559 noctis
412 4498 545 4559 silencio
571 4517 641 4559 cum
661 4492 887 4578 pretoribus(?)
913 4515 1023 4557 eorum
1044 4496 1142 4576 vulgo
1167 4495 1290 4579 zpazly,
1314 4495 1407 4574 jurati

136 4603 421 4684 adjudicaverunt,
446 4604 533 4685 quod
559 4625 597 4666 ex
614 4624 679 4685 quo
706 4603 842 4664 Michael
861 4604 1023 4684 Saronycz
1041 4621 1105 4661 non
1130 4602 1235 4682 potuit
1260 4602 1408 4683 aprobari

135 4711 232 4795 quod
257 4713 317 4793 ipsi
342 4712 442 4792 vulgo
466 4711 590 4794 zpazly,
617 4712 733 4772 Paulus
766 4711 930 4793 Koledycz
963 4725 993 4770 et
1019 4709 1208 4770 Valentinus
1232 4708 1316 4769 lilius
1347 4709 1408 4770 lm-

136 4824 237 4883 brecz
261 4818 401 4900 quilibet
424 4838 535 4880 eorum
562 4819 656 4879 debet
673 4818 888 4897 juramentum
907 4817 1067 4898 deponere
1094 4815 1338 4896 quintodecimo
1356 4815 1407 4876 die

132 4926 259 4991 tercius
282 4944 327 5002 se,
352 4925 440 5007 quod
465 4925 524 5007 ipsi
550 4945 613 4986 non
640 4925 738 5004 vulgo
755 4924 869 5006 zpazly
895 4924 925 4983 in
952 4923 1055 4983 noctis
1079 4922 1225 4998 silenci0,
1249 4923 1273 4981 si
1300 4936 1408 4982 autem

131 5034 359 5117 juramentum
372 5050 437 5094 nou
450 5031 667 5114 deposuerint,
685 5046 760 5092 tunc
770 5050 833 5114 pro
845 5026 1011 5095 forticinio
1028 5033 1321 5119 computabuntur.
1337 5030 1423 5118 (sie).
