3142 5356
537 445 623 501 Anno
646 454 737 521 1504.
763 477 804 486 -
828 456 876 503 12.
893 441 1047 519 januarii.

623 653 784 735 Georgius
809 654 973 717 Zthansin.

619 761 757 822 Mathias
781 760 932 824 carnifex.

623 867 819 929 Laurencius
844 867 1107 930 Lachnowichin.

623 972 761 1034 Michael
792 993 912 1055 sporar.

623 1077 784 1160 Georgius
807 1094 906 1142 sutor.

623 1185 769 1247 Andreas
792 1200 892 1248 sutor.

623 1291 735 1353 Petrus
760 1293 880 1356 Benak.

623 1398 814 1460 Valentinus
837 1399 988 1483 irenipar.

622 1505 775 1566 Nicolaus
800 1506 935 1569 Thotar.

626 1612 782 1674 Martinus
805 1613 956 1694 agricola.

623 1718 726 1779 Lucas
750 1719 902 1800 agricola.

623 1825 777 1886 Nicolaus
800 1840 899 1888 sutor.

623 1929 799 2012 Gregorius
823 1946 921 1993 sutor.

664 2076 784 2134 Caetera
807 2077 917 2136 desunt.

155 2274 251 2347 Faria
282 2270 386 2348 tercia
416 2280 570 2365 proxima
601 2278 679 2348 ante
716 2278 839 2348 festum
868 2279 957 2348 beati
989 2277 1083 2348 Pauli
1112 2271 1212 2366 primi
1242 2277 1424 2349 Heremite.

570 2423 614 2488 (9.
631 2413 783 2488 januarii,
808 2433 877 2474 ann.
902 2414 1005 2491 1504).

262 2534 367 2596 Causa
386 2535 467 2597 inter
485 2534 663 2615 Georgium
684 2534 874 2596 familiarem
894 2537 1017 2596 domini
1036 2536 1177 2597 doctoris
1200 2549 1231 2597 et
1247 2536 1424 2617 quemdam

156 2640 246 2701 Hans
271 2640 444 2719 Croacum,
470 2660 565 2722 quem
599 2643 760 2703 asserebat
784 2661 852 2703 esse
887 2640 988 2702 furem
1015 2641 1231 2723 quorumdam
1265 2661 1426 2722 equorum

155 2746 293 2807 duorum
319 2746 432 2828 prefati
459 2748 583 2808 domini
614 2748 765 2825 doctoris,
798 2748 853 2829 qui
881 2746 1040 2827 Georgius
1064 2767 1121 2830 per
1151 2747 1341 2809 mandatum
1368 2747 1426 2809 do·

155 2853 233 2913 mini
259 2853 306 2913 sui
333 2867 364 2914 et
388 2853 581 2933 quibusdam
607 2853 804 2930 hominibus,
840 2874 922 2934 quos
946 2854 1073 2915 dicebat
1096 2868 1192 2916 testes
1216 2873 1295 2931 esse,
1320 2854 1427 2915 dictus

156 2957 316 3039 Georgius
348 2958 423 3020 iecit
455 2960 589 3020 detineri
623 2974 654 3020 et
685 2960 850 3021 detentum
884 2959 1037 3040 judicari,
1071 2961 1125 3021 ubi
1152 2960 1276 3021 domini
1301 2959 1427 3039 judices

155 3083 253 3146 penes
278 3066 419 3147 ipsorum
446 3066 669 3127 attestaciones
694 3067 799 3126 taliter
827 3065 1062 3146 adjudicarunt,
1088 3065 1257 3147 quomodo
1281 3064 1426 3147 prefatus

156 3169 316 3250 Georgius
340 3186 450 3232 contra
476 3172 597 3233 dictum
624 3172 713 3232 Hans
738 3172 864 3232 nullum
886 3172 1105 3233 testimonium
1132 3171 1292 3254 perhiberi
1317 3173 1427 3253 potuit

155 3278 229 3339 ideo
254 3278 341 3340 idem
366 3279 531 3340 convictus
555 3293 601 3340 est
626 3279 656 3339 in
683 3280 757 3339 vivo
782 3278 954 3358 homagio;
986 3279 1116 3339 tandem
1141 3279 1165 3339 si
1192 3278 1295 3339 dictus
1320 3276 1426 3339 Geor·

154 3384 227 3465 gius
252 3404 307 3465 per
332 3385 519 3445 mandatum
546 3385 668 3445 domini
694 3385 742 3445 sui
768 3398 798 3445 et
820 3405 876 3465 per
901 3385 1003 3445 dictos
1027 3398 1122 3445 testes
1141 3382 1214 3445 fecit
1238 3383 1375 3445 detineri
1393 3398 1427 3446 et

156 3509 227 3550 cum
254 3489 422 3550 testificare
447 3510 512 3551 non
538 3491 652 3571 potuit,
679 3491 782 3552 dictus
800 3489 960 3570 Georgius
978 3504 1090 3571 querat
1114 3489 1255 3572 prefatos
1278 3503 1375 3552 testes
1392 3506 1425 3553 et

156 3596 325 3656 dominum
358 3615 462 3657 suum.
496 3595 730 3657 illustrissimus
756 3616 830 3657 vero
863 3597 1014 3656 dominns
1046 3597 1109 3657 dux
1143 3597 1184 3658 de
1216 3593 1341 3677 prefato
1366 3595 1426 3657 ho·

156 3703 263 3783 magio
281 3703 354 3762 vivo
373 3702 431 3783 ipsi
451 3701 593 3783 Georgio
616 3703 756 3782 graciam
780 3701 865 3781 iecit,
881 3723 917 3762 ex
933 3722 997 3783 quo
1015 3700 1156 3784 prefatus
1174 3702 1264 3763 Hans
1280 3700 1428 3764 Croacus

154 3809 229 3870 talia
255 3808 421 3869 latrocinia
447 3809 650 3891 perpetravit.

156 4011 253 4083 Faria
282 4020 379 4082 sexta
411 4011 564 4100 proxima
604 4019 681 4099 post
710 4011 832 4082 festum
870 4008 959 4081 beati
988 4010 1083 4080 Pauli
1115 4007 1213 4098 primi
1241 4000 1424 4081 Heremite.

665 4146 731 4224 (12.
748 4146 918 4223 junuarii).

263 4271 444 4352 Stephanus
459 4289 557 4350 gener
576 4270 750 4331 Pethkonis
774 4271 813 4331 ad
832 4271 1019 4331 instanciam
1038 4268 1165 4330 Nicolai
1182 4267 1299 4330 sutoris
1316 4268 1426 4350 primo

156 4378 269 4440 citatus
294 4396 359 4437 non
384 4377 574 4458 comparuit.

263 4483 388 4544 Eodem
412 4483 464 4544 die
490 4483 636 4545 Thomas
669 4481 887 4565 carpentarius
919 4481 959 4542 ad
985 4480 1173 4541 instanciam
1206 4479 1334 4541 discreti
1367 4481 1426 4543 do·

157 4590 235 4651 mini
260 4589 416 4651 Anthonii
440 4591 572 4652 rectoris
596 4591 704 4651 altaris
721 4589 821 4650 sancti
840 4587 996 4649 iohannis
1022 4587 1162 4669 Baptista
1179 4586 1285 4668 primo
1309 4587 1427 4651 citatus

157 4717 220 4758 non
246 4697 436 4778 comparuit.

263 4803 408 4863 Thomas
432 4803 649 4884 carpentarius
674 4816 783 4864 contra
817 4802 990 4863 discretum
1024 4800 1193 4863 dominum
1218 4799 1423 4864 Anthonium

156 4923 311 4971 rectorem
326 4909 544 4970 altarissancti
559 4908 714 4970 lohannis
725 4909 864 4990 Baptiste
875 4908 1215 4970 secundocitatusnon
1230 4908 1423 4991 comparuit.
