3142 5356
700 341 899 416 Ann01427.
1373 361 1428 419 ¹45

272 551 350 613 Item
375 552 480 612 eidem
507 551 645 613 lohanni
678 551 745 612 filio
772 551 920 630 Gregorii
949 551 1089 628 sartoris,
1114 551 1277 631 quandam
1302 553 1430 613 vineam

159 658 299 720 totalem
325 658 355 718 in
382 658 543 719 territorio
568 659 707 720 civitatis
732 659 812 719 inter
843 659 969 718 vineam
1003 658 1169 718 Laurencii
1196 659 1350 719 institoris
1373 658 1430 720 filii

162 764 248 825 Petri
287 777 317 825 et
349 764 432 824 viam
470 784 677 827 communem
713 765 809 825 simul
847 784 920 825 cum
952 779 1034 825 terra
1069 784 1124 825 seu
1157 762 1246 827 lenili
1282 784 1318 826 ac
1352 766 1431 828 silva

161 871 270 932 eidem
305 871 475 952 pertinenti
509 887 539 932 et
570 871 747 950 subjacenti
781 891 818 932 ex
849 869 1019 932 sufficienti
1057 871 1217 932 literarum
1251 886 1430 933 nostrarum

161 977 415 1059 privilegialium
441 979 711 1060 comprobacione
736 998 793 1061 per
817 978 956 1039 eundem
986 997 1091 1038 coram
1117 978 1210 1039 nobis
1234 975 1325 1055 lacta,
1349 992 1429 1039 tota-

161 1083 236 1145 liter
272 1097 304 1144 et
338 1084 472 1145 omnino
506 1104 578 1145 cum
620 1086 771 1146 omnibus
809 1083 875 1144 suis
914 1083 1118 1164 pertinenciis
1158 1084 1327 1145 statuimus
1360 1103 1430 1165 per·

162 1205 263 1270 petuo
295 1188 380 1270 juxta
413 1202 561 1250 contenta
587 1189 750 1251 literarum
777 1202 957 1251 nostrarum
992 1208 1147 1249 novarum
1180 1189 1427 1269 privilegialium

162 1295 404 1376 possidendam.

270 1401 347 1463 Item
375 1400 557 1483 Stephanus
581 1416 669 1463 sutor
693 1401 778 1463 filius
795 1402 891 1480 lwan,
917 1403 1057 1464 concivis
1082 1416 1198 1479 noster,
1224 1402 1428 1464 medietatem

161 1509 332 1569 cuiusdam
366 1508 492 1585 domus,
525 1507 615 1569 fundi
648 1524 678 1569 et
712 1508 934 1571 hedificiorum
966 1510 1117 1571 directam
1142 1525 1173 1570 et
1205 1509 1365 1591 equalem,
1398 1509 1429 1569 in

160 1615 235 1674 vico
261 1615 410 1676 exteriori
435 1629 580 1675 sutorum
599 1615 682 1676 inter
706 1616 821 1677 domos
838 1631 869 1676 et
893 1615 1010 1677 fundos
1028 1616 1122 1676 Blasii
1142 1617 1257 1676 sutoris
1282 1630 1313 1678 et
1330 1617 1429 1677 Bene-

161 1720 239 1781 dicti
273 1721 434 1801 arcuparis
458 1721 498 1781 ab
532 1740 594 1782 una
619 1735 719 1802 parte,
752 1735 783 1782 et
815 1736 902 1803 parte
927 1723 967 1782 ab
1000 1723 1097 1783 altera
1124 1722 1297 1782 Katherine
1322 1723 1430 1783 relicte

161 1841 193 1888 et
220 1826 360 1887 Ladislai
395 1827 548 1908 patruelis
581 1847 617 1888 ac
649 1827 824 1889 liberorum
858 1828 995 1888 condam
1022 1827 1122 1888 Elene
1155 1828 1272 1888 sororis
1304 1828 1429 1910 providi

160 1933 241 1994 olim
268 1932 326 1992 viri
345 1931 478 2013 Georgii
497 1932 657 2014 sellipans
674 1932 793 2008 habite,
813 1954 908 1994 unam
927 1948 1071 2014 quartam
1091 1934 1120 1992 in
1140 1953 1171 1993 se
1198 1934 1428 2008 continentem,

162 2060 237 2101 curn
264 2039 329 2099 suis
354 2040 559 2120 pertinenciis
584 2040 753 2100 Francisco
787 2038 855 2100 filio
880 2039 1006 2100 Nicolai
1040 2059 1097 2119 pro
1122 2039 1231 2101 decem
1257 2054 1288 2100 et
1313 2059 1428 2101 novem

161 2146 281 2206 marcis
298 2145 505 2206 denariorum
524 2146 669 2207 vendidit
687 2147 927 2226 possidendam,
945 2146 1034 2206 cuius
1051 2145 1150 2205 eciam
1169 2145 1264 2205 aliam
1282 2160 1428 2226 quartam

161 2252 247 2312 idem
273 2250 462 2312 Franciscus
486 2252 659 2312 literatorie
684 2251 860 2312 dinoscitur
885 2250 1057 2332 possidere.

269 2357 346 2417 ltem
372 2358 432 2417 viri
458 2358 584 2438 providi
610 2373 640 2417 et
673 2357 798 2418 honesti
824 2358 986 2418 lohannes
1018 2356 1103 2417 filius
1128 2355 1276 2436 Gregorii
1301 2357 1429 2418 sartoris

163 2478 191 2525 et
216 2463 372 2524 Nicolaus
389 2462 474 2525 filius
499 2463 655 2524 lobannis
679 2464 718 2525 de
736 2464 932 2541 Morov'cha,
957 2464 1105 2524 concives
1130 2464 1240 2540 nostri,
1265 2464 1427 2543 quandam

163 2570 297 2630 domum
317 2589 427 2629 eorum
456 2570 486 2629 in
505 2569 590 2629 dicta
615 2570 740 2630 civitate
767 2570 848 2630 inter
865 2570 980 2630 domos
998 2584 1027 2630 ct
1053 2567 1170 2629 fundos
1195 2569 1336 2629 virorum
1355 2590 1429 2651 pro·

163 2675 312 2736 vidorum
347 2674 524 2736 Clementis
557 2675 713 2735 Praudich
746 2675 964 2754 cognominati
996 2673 1052 2736 filii
1082 2675 1236 2752 Vidonis,
1281 2689 1311 2735 et
1336 2675 1426 2736 Pauli

161 2779 329 2856 carnificis,
354 2796 536 2841 nostrorum
563 2781 755 2858 concivium,
780 2780 922 2842 habitam
948 2795 978 2842 et
1002 2781 1201 2857 existentem,
1226 2801 1321 2841 unam
1348 2782 1427 2842 inte·

157 2907 249 2966 gram
277 2887 397 2947 curiam
424 2888 455 2947 in
481 2908 513 2946 se
538 2887 769 2964 continentem,
794 2907 866 2947 cum
886 2888 951 2947 suis
967 2887 1173 2968 pertinenciis
1197 2887 1358 2968 predictus
1375 2889 1427 2949 Jo-

156 2990 286 3054 hannes
311 2991 420 3073 (filius)
446 2991 594 3074 Gregorii
620 3008 682 3053 tres
714 3008 843 3073 quartas
867 2993 965 3074 ipsius
997 2993 1113 3053 domus
1145 3013 1217 3053 cum
1242 2993 1308 3054 suis
1331 2995 1425 3076 perti·

155 3099 288 3161 nenciis
302 3099 452 3180 predictis
470 3099 601 3160 domine
616 3099 720 3160 lwana
739 3114 861 3176 vocate,
879 3100 998 3177 relicte,
1016 3113 1046 3160 et
1063 3099 1229 3160 Anthonio
1247 3120 1282 3160 ac
1297 3100 1426 3182 Mathye

147 3203 362 3268 carnificibus
395 3227 432 3266 ac
466 3206 630 3266 Demetrio
663 3207 789 3267 literato
823 3205 895 3266 filiis
928 3205 1082 3266 Johannis
1116 3204 1172 3266 filii
1208 3207 1333 3267 Miklini
1367 3228 1425 3288 pro

147 3311 299 3395 quadam
326 3311 425 3373 domo
451 3331 563 3372 eorum
598 3311 703 3372 medie
738 3312 823 3372 curie
850 3312 879 3371 in
914 3312 1026 3372 eadem
1052 3312 1179 3373 civitate
1205 3313 1287 3372 inter
1312 3313 1427 3373 domos

147 3433 185 3480 et
213 3415 333 3477 fundos
358 3416 487 3478 Thome
513 3430 543 3476 et
569 3416 718 3497 Gregorii
743 3419 782 3477 ab
808 3437 869 3477 una
896 3432 925 3477 et
950 3433 1037 3498 parte
1063 3419 1102 3477 ab
1127 3418 1225 3478 altera
1248 3419 1424 3479 liberorum

146 3539 184 3586 et
203 3541 423 3584 successorum
443 3522 579 3583 condam
602 3522 744 3583 lwchech
763 3523 914 3599 habitam,
940 3523 1079 3584 mediam
1098 3523 1218 3584 curiam
1237 3524 1267 3583 in
1293 3544 1325 3583 se
1346 3544 1424 3584 con·

146 3630 327 3704 tinentem,
359 3648 416 3709 per
448 3628 581 3688 modum
615 3629 864 3708 permutacionis
897 3642 927 3688 et
951 3629 1149 3704 concambii;
1175 3628 1315 3710 prefatus
1347 3649 1424 3691 vero

152 3733 313 3796 Nicolaus
336 3732 422 3794 filius
448 3734 603 3794 lobannis
627 3749 775 3814 quartam
793 3748 915 3814 partem
941 3735 1084 3794 eiusdem
1110 3735 1236 3810 domus,
1263 3755 1358 3795 unam
1383 3736 1422 3794 si·

154 3839 278 3901 militer
302 3853 448 3919 quartam
474 3840 560 3900 curie
586 3840 615 3899 in
642 3859 674 3900 se
700 3840 930 3917 continentem,
948 3859 1019 3900 curn
1045 3840 1110 3899 suis
1134 3840 1340 3920 pertinenciis
1364 3841 1422 3901 eis·

153 3947 230 4006 dem
265 3945 368 4005 livane
401 3959 432 4006 et
456 3945 548 4006 dictis
580 3946 645 4005 suis
677 3944 750 4005 filiis
780 3961 980 4026 proseptum
1005 3946 1119 4006 marcis
1143 3946 1347 4006 denariorum
1367 3967 1423 4028 per

155 4051 292 4112 modum
318 4052 497 4134 empcionis
521 4051 666 4112 vendidit
690 4065 720 4111 et
745 4052 833 4112 dedit
858 4066 1012 4133 perpetuo
1037 4051 1275 4132 possidendam.

266 4158 342 4218 ltem
360 4159 486 4218 discreti
507 4159 564 4217 viri
588 4158 716 4239 plebani
743 4159 841 4220 nostri
860 4158 1054 4235 Anthonius,
1073 4158 1190 4218 Paulus
1214 4172 1244 4218 et
1262 4158 1424 4219 lohannes

157 4263 322 4345 quandam
347 4278 462 4325 terram
489 4284 600 4325 eorum
634 4277 719 4324 extra
746 4265 868 4324 Novam
896 4279 1019 4345 portam
1054 4265 1191 4324 civitatis
1217 4264 1297 4324 ultra
1322 4266 1421 4325 eccle·

157 4369 236 4430 siam
263 4370 345 4429 beati
374 4368 504 4449 Georgii
531 4370 668 4429 martiris
692 4390 792 4450 prope
825 4371 1012 4430 molendina
1038 4370 1119 4430 inter
1143 4370 1222 4430 duas
1246 4371 1312 4429 vias
1336 4390 1421 4431 com·

159 4495 273 4536 munes
297 4476 401 4552 sitam,
426 4477 504 4536 duas
529 4477 629 4536 dietas
654 4479 685 4535 in
710 4496 742 4535 se
767 4477 996 4554 continentem,
1022 4477 1106 4557 ipsos
1139 4495 1196 4557 pro
1221 4490 1331 4556 quarta
1357 4477 1421 4558 ple·

161 4581 266 4642 banali
291 4601 347 4641 seu
372 4582 527 4642 canonica
552 4582 704 4662 porcione
735 4581 869 4660 juridice
903 4596 1160 4659 concernentetn,
1193 4582 1329 4662 provido
1354 4582 1422 4642 vito

164 4687 262 4748 Paulo
288 4686 435 4748 Thothar
460 4700 490 4748 et
514 4707 570 4767 per
602 4706 676 4747 eum
701 4688 766 4747 suis
799 4686 973 4748 heredibus
997 4707 1055 4768 pro
1088 4707 1203 4748 novem
1231 4688 1344 4748 marcis
1368 4687 1422 4748 de·

163 4793 324 4853 uariorum
349 4792 564 4854 vendiderunt
590 4807 744 4874 perpetuo
770 4793 1007 4873 possidendam.

1320 4899 1357 4924 ΙΛ
