3142 5356
199 318 264 361 200
729 299 815 357 Anno
838 312 932 376 1430.

197 511 315 573 literati
340 511 493 588 habitam,
518 510 657 572 mediam
685 511 806 572 curiam
832 511 865 571 in
888 530 921 572 se
939 510 1170 586 continentem,
1196 530 1269 572 cum
1287 513 1353 573 suis
1371 513 1466 594 perti·

199 618 322 679 nenciis
358 617 487 679 Thome
510 616 578 679 filio
607 616 756 698 Gregorii
788 631 819 678 et
843 617 961 698 Agneti
995 636 1051 677 sue
1076 617 1217 678 consorti
1252 619 1467 679 vendiderunt

198 737 354 806 perpetuo
379 723 608 805 possidendam
634 737 665 785 et
688 722 863 784 literatorie
888 721 1082 786 habendam.

304 846 382 908 ltem
408 847 526 908 Paulus
550 846 691 908 decanus
718 844 803 907 filius
827 847 1003 924 Martonos,
1035 845 1177 907 concivis
1201 858 1320 926 noster,
1344 847 1465 908 medie-

197 966 294 1014 tatem
330 953 496 1014 cuiusdam
530 953 657 1031 domus,
689 951 798 1032 fundi,
831 953 938 1014 celarii
973 966 1004 1012 et
1036 949 1259 1013 hedificiorum
1285 971 1417 1014 suorum
1449 974 1465 1014 a

199 1059 303 1141 platea
328 1060 493 1120 communi
513 1079 615 1141 usque
640 1078 768 1120 murum
789 1058 927 1120 civitatis
943 1055 1063 1140 prefate
1088 1072 1285 1139 protensam,
1303 1059 1334 1119 in
1352 1058 1465 1120 eadem

199 1165 326 1227 civitate
352 1167 434 1225 inter
458 1165 574 1226 domos
598 1178 629 1226 et
653 1163 772 1225 fundos
796 1126 952 1226 Anthonii
978 1162 1134 1225 carnificis
1158 1164 1198 1224 ab
1224 1183 1297 1242 una,
1324 1179 1354 1224 et
1377 1179 1465 1246 parte

198 1273 238 1334 ab
263 1272 360 1333 altera
385 1271 561 1333 liberorum
587 1291 642 1333 seu
659 1290 879 1333 successorum
904 1271 1040 1333 condam
1060 1270 1213 1352 Stephani
1239 1271 1315 1332 dicti
1342 1272 1463 1332 Zudich

199 1378 318 1456 habite,
336 1378 476 1439 mediam
502 1378 623 1439 curiam
648 1393 679 1440 et
703 1397 799 1439 unam
817 1392 963 1438 octavam
990 1377 1021 1437 in
1046 1397 1079 1437 se
1104 1377 1309 1455 continentis,
1333 1397 1351 1438 a
1375 1392 1463 1459 parte

200 1485 357 1546 dictorum
384 1485 560 1546 liberorum
587 1485 685 1566 ipsius
710 1483 864 1566 Stephani
890 1484 1012 1545 Zudich
1037 1483 1155 1561 habita,
1180 1503 1252 1545 cum
1277 1485 1344 1546 suis
1367 1486 1460 1567 perti-

200 1592 332 1669 nenciis,
366 1610 463 1652 unam
497 1591 618 1653 scilicet
650 1604 796 1671 quartam
829 1606 860 1652 et
889 1592 1029 1652 mediam
1062 1605 1208 1653 octavam
1243 1592 1273 1652 in
1300 1612 1332 1653 se
1364 1593 1463 1654 conti·

201 1711 342 1775 nentem,
368 1697 504 1778 Symoni
530 1695 597 1758 filio
623 1696 708 1757 lwan
726 1697 765 1758 de
790 1698 927 1775 Nowak‚
944 1696 1008 1777 jam
1025 1712 1135 1759 nostro
1159 1698 1296 1776 concivi,
1320 1698 1465 1760 vendidit

200 1817 356 1886 perpetuo
381 1802 620 1884 possidendam,
645 1802 732 1864 salva
756 1803 818 1864 alia
844 1804 1014 1866 medietate
1052 1803 1195 1865 eiusdem
1221 1804 1349 1882 domus,
1373 1803 1463 1864 fundi

200 1924 231 1971 et
255 1909 362 1970 celarii
387 1928 423 1970 ac
446 1907 670 1970 hedificiorum
694 1910 734 1970 ab
759 1910 821 1970 alia
846 1924 944 1991 parte,
969 1909 1119 1971 videlicet
1142 1911 1182 1971 ab
1207 1908 1375 1971 Anthonio
1399 1930 1462 1971 car·

201 2015 293 2077 nifice
329 2016 398 2092 sita,
423 2034 520 2096 quam
548 2014 633 2075 idem
659 2015 777 2076 Paulus
801 2035 859 2097 pro
884 2035 916 2076 se
941 2029 1130 2078 reservasset
1154 2016 1393 2098 possidendam.

308 2141 386 2203 ltem
411 2141 531 2203 Mathei
555 2141 773 2223 carpentarius
796 2140 880 2202 filius
898 2141 1039 2224 Dragoy,
1065 2141 1271 2203 medietatem
1298 2142 1460 2204 cuiusdam

203 2248 330 2326 domus,
355 2245 458 2325 fundi,
483 2247 590 2308 celarii
615 2260 645 2309 et
672 2246 907 2326 hedificiorum,
928 2262 1047 2308 rectam
1071 2261 1102 2308 et
1134 2248 1295 2330 equalem,
1320 2249 1352 2309 in
1379 2249 1459 2309 dicta

201 2354 328 2415 civitate
346 2355 427 2415 inter
447 2353 582 2415 fundum
605 2353 731 2415 Nicolai
749 2353 929 2437 Boldowyn
947 2355 986 2415 ab
1004 2373 1067 2414 una
1090 2368 1190 2435 parte,
1214 2355 1253 2414 ab
1272 2355 1370 2415 altera
1388 2373 1461 2415 vero

203 2479 300 2542 penes
323 2460 456 2521 domum
482 2473 512 2521 et
536 2457 673 2520 fundum
698 2460 810 2520 Jacobi
841 2460 917 2521 dicti
943 2461 1074 2543 Konyar
1099 2458 1217 2538 habite,
1242 2460 1384 2521 mediam
1409 2480 1459 2520 cu·

202 2567 282 2627 riam
314 2567 346 2627 in
378 2580 447 2627 toto
480 2567 511 2626 in
544 2585 576 2626 se
609 2565 821 2643 continentis,
854 2565 1059 2627 medietatem
1098 2579 1216 2626 rectam
1248 2565 1402 2628 videlicet
1432 2580 1462 2627 et

203 2675 363 2756 equalem,
387 2693 484 2734 unam
511 2688 658 2753 quartam
683 2672 714 2732 in
739 2693 770 2733 se
796 2672 1026 2749 continentem,
1053 2671 1196 2753 Georgio
1221 2673 1373 2754 piscatori
1396 2671 1461 2735 filio

203 2780 342 2861 Philippi
366 2779 511 2840 vendidit
536 2792 691 2860 perpetuo
716 2778 956 2860 possidendam,
981 2779 1067 2840 salva
1092 2780 1153 2839 alia
1179 2779 1353 2841 medietate
1381 2780 1461 2840 eius·

202 2886 275 2947 dem
301 2885 427 2963 domus,
450 2883 554 2962 fundi,
578 2884 685 2945 celarii
710 2899 741 2946 et
765 2883 999 2961 hedificiorum,
1025 2904 1087 2945 una
1112 2885 1324 2947 consimiliter
1349 2899 1457 2966 quarta

202 2993 234 3053 in
248 3013 280 3053 se
297 2992 445 3069 habente,
463 3010 561 3072 quarn
579 2991 730 3052 Clemens
747 2992 885 3073 piscator
908 2992 948 3052 ab
966 2991 1081 3052 eodem
1096 2991 1225 3076 Mathya
1244 2992 1333 3074 prius
1357 2992 1459 3054 litera-

203 3099 282 3160 torie
307 3098 533 3159 dinoscebatur
557 3097 731 3178 possidere.

308 3223 386 3283 item
411 3222 536 3283 nobiles
561 3223 618 3282 viri
645 3221 813 3282 Ladislaus
838 3236 869 3282 et
887 3221 1049 3282 lohannes
1072 3220 1129 3282 filii
1154 3222 1280 3283 Nicolai
1304 3221 1361 3284 filii
1381 3223 1461 3284 lwan

203 3329 241 3389 de
268 3329 482 3406 Brezowicza,
507 3328 670 3408 quandam
696 3328 829 3388 domurn
848 3347 959 3389 eorum
986 3341 1142 3388 muratam
1168 3326 1326 3388 hedificiis
1350 3328 1462 3410 ligneis

202 3435 385 3496 decoratam
409 3434 554 3511 totalem,
578 3434 673 3494 simul
701 3453 771 3494 cum
799 3433 900 3495 fundo
928 3434 1020 3495 totali
1043 3434 1149 3494 eidem
1175 3435 1360 3515 pertinenti,
1385 3437 1462 3496 inter

203 3541 317 3602 domos
341 3540 515 3601 liberorum
541 3559 596 3600 seu
621 3559 839 3600 successorum
869 3541 1006 3601 condam
1034 3538 1167 3620 Georgii
1189 3540 1282 3620 jurati
1308 3541 1461 3603 Wolkow

203 3647 290 3724 dicti,
314 3647 393 3706 olim
418 3646 511 3727 jurati
537 3660 566 3707 et
599 3646 740 3706 concivis
772 3647 871 3707 nostri
901 3645 957 3707 filii
991 3646 1087 3724 iwan,
1112 3666 1147 3706 ac
1181 3647 1248 3707 vias
1272 3667 1330 3708 seu
1354 3662 1462 3709 stratas

202 3773 391 3815 communes
414 3753 568 3830 habitam,
594 3753 733 3814 mediam
759 3754 880 3814 curiam
905 3753 945 3814 ad
971 3772 1062 3813 usum
1089 3753 1225 3814 civitatis
1249 3754 1281 3814 in
1306 3774 1339 3815 se
1364 3754 1462 3816 conti·

203 3875 342 3938 nentem,
367 3879 439 3921 cum
464 3860 529 3919 suis
546 3860 750 3942 pertinenciis
775 3860 950 3920 Benedicto
975 3860 1087 3919 sartori
1117 3857 1185 3920 filio
1212 3859 1378 3922 Michaelis
1406 3879 1460 3943 pro

203 3966 342 4047 quadam
369 3966 467 4027 domo
493 3985 549 4026 sua
590 3981 621 4028 et
645 3964 745 4028 lundo
777 3986 812 4026 ac
837 3964 992 4026 hedificiis
1024 3966 1056 4025 in
1083 3965 1196 4026 eadem
1222 3965 1351 4028 civitate
1384 3968 1461 4029 inter

203 4073 318 4133 domos
342 4086 373 4132 et
397 4071 515 4132 fundos
549 4073 634 4133 Kuse
661 4071 886 4133 Gerlichichna
920 4085 1032 4132 vocate
1064 4085 1095 4133 et
1125 4072 1302 4134 liberorum
1327 4073 1460 4135 condam

203 4179 335 4260 Georgii
361 4177 518 4239 Kozarich
544 4180 583 4239 ab
609 4198 671 4238 una
696 4194 795 4260 parte,
821 4192 851 4238 et
883 4192 971 4259 parte
1000 4180 1040 4238 ab
1065 4178 1164 4239 altera
1190 4178 1324 4260 Georgii
1350 4179 1461 4259 judicis

201 4285 259 4347 filii
284 4284 446 4345 Valentini
479 4284 597 4362 habita,
631 4299 693 4345 tres
725 4299 852 4366 quartas
877 4285 963 4346 curie
995 4286 1027 4344 in
1050 4304 1082 4345 se
1115 4283 1312 4363 continente,
1350 4300 1381 4346 et
1405 4303 1458 4368 pro

202 4391 423 4453 additamento
448 4392 576 4472 triginta
603 4392 746 4473 quinque
771 4391 840 4453 flor.
870 4393 938 4452 auri
962 4411 1018 4474 per
1043 4391 1146 4472 ipsum
1173 4390 1384 4453 Benedictum
1401 4411 1460 4453 sar·

201 4512 302 4560 torem
329 4498 392 4578 jam
418 4499 512 4579 plene
530 4499 706 4580 persolutO,
730 4518 786 4580 per
804 4499 938 4558 modum
960 4497 1211 4580 permutacionis
1227 4509 1258 4558 et
1282 4497 1459 4559 concambii

203 4626 239 4666 ert
265 4625 422 4666 consensu
455 4605 634 4666 vicinorum
673 4605 888 4674 predictorum
923 4605 1080 4665 dederunt
1105 4618 1135 4664 et
1167 4603 1370 4686 assignarunt
1394 4624 1460 4686 per·

202 4727 300 4794 petuo
325 4712 500 4771 literatorie
525 4711 763 4794 possidendam.
