<?xml version="1.0" encoding="UTF-8"?>
<!DOCTYPE html PUBLIC "-//W3C//DTD XHTML 1.0 Transitional//EN"
    "http://www.w3.org/TR/xhtml1/DTD/xhtml1-transitional.dtd">
<html xmlns="http://www.w3.org/1999/xhtml" xml:lang="en" lang="en">
 <head>
  <title>
</title>
<meta http-equiv="Content-Type" content="text/html;charset=utf-8" />
  <meta name='ocr-system' content='tesseract 3.04.00' />
  <meta name='ocr-capabilities' content='ocr_page ocr_carea ocr_par ocr_line ocrx_word'/>
</head>
<body>
  <div class='ocr_page' id='page_1' title='image "./monumentahistor17laszgoog_0686.png"; bbox 0 0 3142 5356; ppageno 0'>
   <div class='ocr_carea' id='block_1_1' title="bbox 679 358 1418 440">
    <p class='ocr_par' dir='ltr' id='par_1_1' title="bbox 679 358 1418 440">
     <span class='ocr_line' id='line_1_1' title="bbox 679 358 1418 440; baseline 0.005 -26"><span class='ocrx_word' id='word_1_1' title='bbox 679 358 766 414; x_wconf 83' lang='lat' dir='ltr'>Anno</span> <span class='ocrx_word' id='word_1_2' title='bbox 788 367 877 434; x_wconf 71' lang='lat'><em>1457.</em></span> <span class='ocrx_word' id='word_1_3' title='bbox 1362 376 1418 440; x_wconf 87' lang='lat'>301</span> 
     </span>
    </p>
   </div>
   <div class='ocr_carea' id='block_1_2' title="bbox 147 567 1421 1077">
    <p class='ocr_par' dir='ltr' id='par_1_2' title="bbox 147 567 1421 1077">
     <span class='ocr_line' id='line_1_2' title="bbox 151 567 1421 655; baseline 0.004 -26"><span class='ocrx_word' id='word_1_4' title='bbox 151 569 262 630; x_wconf 85' lang='lat' dir='ltr'>vineas</span> <span class='ocrx_word' id='word_1_5' title='bbox 286 569 442 630; x_wconf 88' lang='lat' dir='ltr'>Johannis</span> <span class='ocrx_word' id='word_1_6' title='bbox 466 569 541 630; x_wconf 92' lang='lat' dir='ltr'>dicti</span> <span class='ocrx_word' id='word_1_7' title='bbox 568 569 721 653; x_wconf 91' lang='lat' dir='ltr'>Kunsych</span> <span class='ocrx_word' id='word_1_8' title='bbox 744 583 775 630; x_wconf 93' lang='lat' dir='ltr'>et</span> <span class='ocrx_word' id='word_1_9' title='bbox 801 567 934 650; x_wconf 84' lang='lat' dir='ltr'>Georgii</span> <span class='ocrx_word' id='word_1_10' title='bbox 959 569 1040 631; x_wconf 86' lang='lat' dir='ltr'>labri</span> <span class='ocrx_word' id='word_1_11' title='bbox 1065 571 1217 642; x_wconf 80' lang='lat' dir='ltr'>habitam,</span> <span class='ocrx_word' id='word_1_12' title='bbox 1242 572 1379 655; x_wconf 86' lang='lat' dir='ltr'>desuper</span> <span class='ocrx_word' id='word_1_13' title='bbox 1404 593 1421 634; x_wconf 89' lang='lat' dir='ltr'>a</span> 
     </span>
     <span class='ocr_line' id='line_1_3' title="bbox 149 673 1416 755; baseline 0.003 -21"><span class='ocrx_word' id='word_1_14' title='bbox 149 675 201 736; x_wconf 90' lang='lat' dir='ltr'>via</span> <span class='ocrx_word' id='word_1_15' title='bbox 227 676 405 752; x_wconf 90' lang='lat' dir='ltr'>communi,</span> <span class='ocrx_word' id='word_1_16' title='bbox 430 673 511 735; x_wconf 82' lang='lat' dir='ltr'>infra</span> <span class='ocrx_word' id='word_1_17' title='bbox 537 694 639 755; x_wconf 86' lang='lat' dir='ltr'>usque</span> <span class='ocrx_word' id='word_1_18' title='bbox 664 675 803 736; x_wconf 90' lang='lat' dir='ltr'>rivulum</span> <span class='ocrx_word' id='word_1_19' title='bbox 829 695 862 735; x_wconf 91' lang='lat' dir='ltr'>se</span> <span class='ocrx_word' id='word_1_20' title='bbox 887 676 1124 753; x_wconf 86' lang='lat' dir='ltr'>extendentem,</span> <span class='ocrx_word' id='word_1_21' title='bbox 1150 677 1299 739; x_wconf 90' lang='lat' dir='ltr'>Michaeli</span> <span class='ocrx_word' id='word_1_22' title='bbox 1317 679 1416 739; x_wconf 91' lang='lat' dir='ltr'>sutori</span> 
     </span>
     <span class='ocr_line' id='line_1_4' title="bbox 147 781 1420 862; baseline 0.002 -19"><span class='ocrx_word' id='word_1_23' title='bbox 147 801 270 862; x_wconf 88' lang='lat' dir='ltr'>genero</span> <span class='ocrx_word' id='word_1_24' title='bbox 294 802 353 842; x_wconf 88' lang='lat' dir='ltr'>suo</span> <span class='ocrx_word' id='word_1_25' title='bbox 378 796 409 842; x_wconf 93' lang='lat' dir='ltr'>et</span> <span class='ocrx_word' id='word_1_26' title='bbox 434 781 536 843; x_wconf 87' lang='lat' dir='ltr'>Elene</span> <span class='ocrx_word' id='word_1_27' title='bbox 553 781 682 842; x_wconf 91' lang='lat' dir='ltr'>mulieri</span> <span class='ocrx_word' id='word_1_28' title='bbox 708 782 799 842; x_wconf 92' lang='lat' dir='ltr'>uxori</span> <span class='ocrx_word' id='word_1_29' title='bbox 824 782 969 843; x_wconf 92' lang='lat' dir='ltr'>eiusdem</span> <span class='ocrx_word' id='word_1_30' title='bbox 988 783 1155 844; x_wconf 86' lang='lat' dir='ltr'>Michaelis</span> <span class='ocrx_word' id='word_1_31' title='bbox 1179 782 1243 844; x_wconf 88' lang='lat' dir='ltr'>filie</span> <span class='ocrx_word' id='word_1_32' title='bbox 1269 803 1344 845; x_wconf 90' lang='lat' dir='ltr'>vero</span> <span class='ocrx_word' id='word_1_33' title='bbox 1362 805 1420 845; x_wconf 91' lang='lat' dir='ltr'>sue</span> 
     </span>
     <span class='ocr_line' id='line_1_5' title="bbox 149 887 1420 972; baseline 0.002 -22"><span class='ocrx_word' id='word_1_34' title='bbox 149 903 181 950; x_wconf 90' lang='lat' dir='ltr'>et</span> <span class='ocrx_word' id='word_1_35' title='bbox 214 908 270 971; x_wconf 91' lang='lat' dir='ltr'>per</span> <span class='ocrx_word' id='word_1_36' title='bbox 295 909 350 950; x_wconf 92' lang='lat' dir='ltr'>eos</span> <span class='ocrx_word' id='word_1_37' title='bbox 382 889 525 970; x_wconf 91' lang='lat' dir='ltr'>ipsorum</span> <span class='ocrx_word' id='word_1_38' title='bbox 559 887 731 950; x_wconf 87' lang='lat' dir='ltr'>heredibus</span> <span class='ocrx_word' id='word_1_39' title='bbox 763 888 896 950; x_wconf 90' lang='lat' dir='ltr'>donavit</span> <span class='ocrx_word' id='word_1_40' title='bbox 928 903 1084 971; x_wconf 88' lang='lat' dir='ltr'>perpetuo</span> <span class='ocrx_word' id='word_1_41' title='bbox 1117 889 1356 972; x_wconf 84' lang='lat' dir='ltr'>possidendam,</span> <span class='ocrx_word' id='word_1_42' title='bbox 1388 904 1420 953; x_wconf 88' lang='lat' dir='ltr'>et</span> 
     </span>
     <span class='ocr_line' id='line_1_6' title="bbox 150 994 1107 1077; baseline 0.003 -22"><span class='ocrx_word' id='word_1_43' title='bbox 150 995 324 1077; x_wconf 87' lang='lat' dir='ltr'>superinde</span> <span class='ocrx_word' id='word_1_44' title='bbox 350 995 420 1076; x_wconf 81' lang='lat' dir='ltr'>(est)</span> <span class='ocrx_word' id='word_1_45' title='bbox 445 994 535 1056; x_wconf 89' lang='lat' dir='ltr'>litera</span> <span class='ocrx_word' id='word_1_46' title='bbox 559 995 618 1056; x_wconf 91' lang='lat' dir='ltr'>sub</span> <span class='ocrx_word' id='word_1_47' title='bbox 641 995 793 1075; x_wconf 89' lang='lat' dir='ltr'>pendenti</span> <span class='ocrx_word' id='word_1_48' title='bbox 817 995 925 1075; x_wconf 91' lang='lat' dir='ltr'>sigillo</span> <span class='ocrx_word' id='word_1_49' title='bbox 949 1009 1107 1058; x_wconf 87' lang='lat' dir='ltr'>emanata.</span> 
     </span>
    </p>
   </div>
   <div class='ocr_carea' id='block_1_3' title="bbox 148 1119 1421 2268">
    <p class='ocr_par' dir='ltr' id='par_1_3' title="bbox 148 1119 1421 2268">
     <span class='ocr_line' id='line_1_7' title="bbox 258 1119 1419 1202; baseline 0.003 -22"><span class='ocrx_word' id='word_1_50' title='bbox 258 1120 336 1181; x_wconf 90' lang='lat' dir='ltr'>ltem</span> <span class='ocrx_word' id='word_1_51' title='bbox 361 1120 514 1181; x_wconf 89' lang='lat' dir='ltr'>Nicolaus</span> <span class='ocrx_word' id='word_1_52' title='bbox 538 1120 755 1202; x_wconf 89' lang='lat' dir='ltr'>carpentarius</span> <span class='ocrx_word' id='word_1_53' title='bbox 787 1119 872 1182; x_wconf 88' lang='lat' dir='ltr'>filius</span> <span class='ocrx_word' id='word_1_54' title='bbox 894 1121 977 1182; x_wconf 87' lang='lat' dir='ltr'>Petri</span> <span class='ocrx_word' id='word_1_55' title='bbox 1010 1120 1067 1183; x_wconf 90' lang='lat' dir='ltr'>filii</span> <span class='ocrx_word' id='word_1_56' title='bbox 1094 1122 1231 1200; x_wconf 86' lang='lat' dir='ltr'>Lucasii,</span> <span class='ocrx_word' id='word_1_57' title='bbox 1256 1122 1419 1185; x_wconf 88' lang='lat' dir='ltr'>habitator</span> 
     </span>
     <span class='ocr_line' id='line_1_8' title="bbox 151 1227 1418 1312; baseline 0.002 -25"><span class='ocrx_word' id='word_1_58' title='bbox 151 1227 236 1289; x_wconf 91' lang='lat' dir='ltr'>dicte</span> <span class='ocrx_word' id='word_1_59' title='bbox 261 1227 407 1305; x_wconf 91' lang='lat' dir='ltr'>civitatis,</span> <span class='ocrx_word' id='word_1_60' title='bbox 432 1228 597 1309; x_wconf 88' lang='lat' dir='ltr'>quandam</span> <span class='ocrx_word' id='word_1_61' title='bbox 622 1227 700 1288; x_wconf 89' lang='lat' dir='ltr'>alias</span> <span class='ocrx_word' id='word_1_62' title='bbox 728 1228 842 1289; x_wconf 89' lang='lat' dir='ltr'>silvam</span> <span class='ocrx_word' id='word_1_63' title='bbox 875 1249 931 1290; x_wconf 89' lang='lat' dir='ltr'>seu</span> <span class='ocrx_word' id='word_1_64' title='bbox 955 1229 1130 1310; x_wconf 85' lang='lat' dir='ltr'>virgultum</span> <span class='ocrx_word' id='word_1_65' title='bbox 1154 1249 1248 1291; x_wconf 88' lang='lat' dir='ltr'>suum</span> <span class='ocrx_word' id='word_1_66' title='bbox 1274 1249 1418 1312; x_wconf 89' lang='lat' dir='ltr'>parvum,</span> 
     </span>
     <span class='ocr_line' id='line_1_9' title="bbox 149 1331 1420 1416; baseline 0.002 -22"><span class='ocrx_word' id='word_1_67' title='bbox 149 1333 214 1414; x_wconf 83' lang='lat' dir='ltr'>jam</span> <span class='ocrx_word' id='word_1_68' title='bbox 240 1334 271 1394; x_wconf 92' lang='lat' dir='ltr'>in</span> <span class='ocrx_word' id='word_1_69' title='bbox 297 1333 409 1414; x_wconf 81' lang='lat' dir='ltr'>majori</span> <span class='ocrx_word' id='word_1_70' title='bbox 435 1347 524 1414; x_wconf 89' lang='lat' dir='ltr'>parte</span> <span class='ocrx_word' id='word_1_71' title='bbox 550 1331 616 1396; x_wconf 84' lang='lat' dir='ltr'>lere</span> <span class='ocrx_word' id='word_1_72' title='bbox 642 1334 761 1396; x_wconf 91' lang='lat' dir='ltr'>vitibus</span> <span class='ocrx_word' id='word_1_73' title='bbox 785 1334 993 1416; x_wconf 88' lang='lat' dir='ltr'>replantatam</span> <span class='ocrx_word' id='word_1_74' title='bbox 1019 1356 1075 1397; x_wconf 91' lang='lat' dir='ltr'>seu</span> <span class='ocrx_word' id='word_1_75' title='bbox 1105 1336 1135 1396; x_wconf 93' lang='lat' dir='ltr'>in</span> <span class='ocrx_word' id='word_1_76' title='bbox 1161 1337 1289 1397; x_wconf 89' lang='lat' dir='ltr'>vineam</span> <span class='ocrx_word' id='word_1_77' title='bbox 1314 1335 1420 1397; x_wconf 90' lang='lat' dir='ltr'>redac-</span> 
     </span>
     <span class='ocr_line' id='line_1_10' title="bbox 149 1440 1419 1523; baseline 0 -21"><span class='ocrx_word' id='word_1_78' title='bbox 149 1454 229 1516; x_wconf 87' lang='lat' dir='ltr'>tam,</span> <span class='ocrx_word' id='word_1_79' title='bbox 262 1440 292 1500; x_wconf 89' lang='lat' dir='ltr'>in</span> <span class='ocrx_word' id='word_1_80' title='bbox 318 1440 480 1502; x_wconf 86' lang='lat' dir='ltr'>territorio</span> <span class='ocrx_word' id='word_1_81' title='bbox 512 1454 621 1501; x_wconf 90' lang='lat' dir='ltr'>nostro</span> <span class='ocrx_word' id='word_1_82' title='bbox 651 1460 707 1501; x_wconf 89' lang='lat' dir='ltr'>seu</span> <span class='ocrx_word' id='word_1_83' title='bbox 738 1440 876 1502; x_wconf 89' lang='lat' dir='ltr'>civitatis</span> <span class='ocrx_word' id='word_1_84' title='bbox 900 1440 1020 1523; x_wconf 85' lang='lat' dir='ltr'>prefate</span> <span class='ocrx_word' id='word_1_85' title='bbox 1047 1443 1129 1505; x_wconf 90' lang='lat' dir='ltr'>inter</span> <span class='ocrx_word' id='word_1_86' title='bbox 1160 1443 1269 1503; x_wconf 90' lang='lat' dir='ltr'>vineas</span> <span class='ocrx_word' id='word_1_87' title='bbox 1294 1443 1419 1503; x_wconf 88' lang='lat' dir='ltr'>Nicolai</span> 
     </span>
     <span class='ocr_line' id='line_1_11' title="bbox 148 1545 1419 1627; baseline 0.002 -21"><span class='ocrx_word' id='word_1_88' title='bbox 148 1545 266 1627; x_wconf 91' lang='lat' dir='ltr'>judicis</span> <span class='ocrx_word' id='word_1_89' title='bbox 291 1567 307 1607; x_wconf 92' lang='lat' dir='ltr'>a</span> <span class='ocrx_word' id='word_1_90' title='bbox 333 1546 561 1627; x_wconf 89' lang='lat' dir='ltr'>septemtrione</span> <span class='ocrx_word' id='word_1_91' title='bbox 580 1560 610 1606; x_wconf 88' lang='lat' dir='ltr'>et</span> <span class='ocrx_word' id='word_1_92' title='bbox 635 1547 807 1626; x_wconf 79' lang='lat' dir='ltr'>Augustini</span> <span class='ocrx_word' id='word_1_93' title='bbox 825 1546 983 1609; x_wconf 90' lang='lat' dir='ltr'>carnificis</span> <span class='ocrx_word' id='word_1_94' title='bbox 1006 1569 1022 1609; x_wconf 91' lang='lat' dir='ltr'>a</span> <span class='ocrx_word' id='word_1_95' title='bbox 1042 1549 1232 1627; x_wconf 86' lang='lat' dir='ltr'>meridiane,</span> <span class='ocrx_word' id='word_1_96' title='bbox 1257 1548 1419 1609; x_wconf 83' lang='lat' dir='ltr'>mediante</span> 
     </span>
     <span class='ocr_line' id='line_1_12' title="bbox 150 1650 1420 1735; baseline 0.001 -22"><span class='ocrx_word' id='word_1_97' title='bbox 150 1650 294 1733; x_wconf 90' lang='lat' dir='ltr'>quodam</span> <span class='ocrx_word' id='word_1_98' title='bbox 327 1651 463 1713; x_wconf 90' lang='lat' dir='ltr'>decursu</span> <span class='ocrx_word' id='word_1_99' title='bbox 496 1671 579 1733; x_wconf 90' lang='lat' dir='ltr'>aque</span> <span class='ocrx_word' id='word_1_100' title='bbox 613 1652 764 1734; x_wconf 86' lang='lat' dir='ltr'>pluvialis</span> <span class='ocrx_word' id='word_1_101' title='bbox 797 1674 834 1713; x_wconf 90' lang='lat' dir='ltr'>ac</span> <span class='ocrx_word' id='word_1_102' title='bbox 863 1654 944 1716; x_wconf 89' lang='lat' dir='ltr'>inter</span> <span class='ocrx_word' id='word_1_103' title='bbox 975 1655 1103 1715; x_wconf 89' lang='lat' dir='ltr'>vineam</span> <span class='ocrx_word' id='word_1_104' title='bbox 1128 1654 1297 1735; x_wconf 88' lang='lat' dir='ltr'>hospitalis</span> <span class='ocrx_word' id='word_1_105' title='bbox 1321 1655 1420 1715; x_wconf 88' lang='lat' dir='ltr'>nostri</span> 
     </span>
     <span class='ocr_line' id='line_1_13' title="bbox 150 1759 1421 1842; baseline 0.003 -23"><span class='ocrx_word' id='word_1_106' title='bbox 150 1759 333 1819; x_wconf 91' lang='lat' dir='ltr'>communis</span> <span class='ocrx_word' id='word_1_107' title='bbox 358 1760 397 1819; x_wconf 87' lang='lat' dir='ltr'>ab</span> <span class='ocrx_word' id='word_1_108' title='bbox 422 1759 557 1836; x_wconf 88' lang='lat' dir='ltr'>oriente,</span> <span class='ocrx_word' id='word_1_109' title='bbox 582 1778 638 1840; x_wconf 87' lang='lat' dir='ltr'>per</span> <span class='ocrx_word' id='word_1_110' title='bbox 662 1760 817 1840; x_wconf 86' lang='lat' dir='ltr'>quasdam</span> <span class='ocrx_word' id='word_1_111' title='bbox 851 1774 914 1822; x_wconf 90' lang='lat' dir='ltr'>tres</span> <span class='ocrx_word' id='word_1_112' title='bbox 938 1763 1069 1822; x_wconf 88' lang='lat' dir='ltr'>arbores</span> <span class='ocrx_word' id='word_1_113' title='bbox 1094 1761 1194 1842; x_wconf 90' lang='lat' dir='ltr'>pomi,</span> <span class='ocrx_word' id='word_1_114' title='bbox 1219 1774 1364 1822; x_wconf 81' lang='lat' dir='ltr'>castaneo</span> <span class='ocrx_word' id='word_1_115' title='bbox 1390 1775 1421 1823; x_wconf 93' lang='lat' dir='ltr'>et</span> 
     </span>
     <span class='ocr_line' id='line_1_14' title="bbox 150 1865 1420 1946; baseline 0.002 -21"><span class='ocrx_word' id='word_1_116' title='bbox 150 1865 252 1926; x_wconf 84' lang='lat' dir='ltr'>cerasi</span> <span class='ocrx_word' id='word_1_117' title='bbox 279 1865 438 1925; x_wconf 83' lang='lat' dir='ltr'>metaliter</span> <span class='ocrx_word' id='word_1_118' title='bbox 461 1878 641 1946; x_wconf 90' lang='lat' dir='ltr'>separatam</span> <span class='ocrx_word' id='word_1_119' title='bbox 666 1879 697 1926; x_wconf 88' lang='lat' dir='ltr'>et</span> <span class='ocrx_word' id='word_1_120' title='bbox 721 1865 903 1927; x_wconf 90' lang='lat' dir='ltr'>distinctam</span> <span class='ocrx_word' id='word_1_121' title='bbox 936 1888 972 1928; x_wconf 88' lang='lat' dir='ltr'>ac</span> <span class='ocrx_word' id='word_1_122' title='bbox 997 1868 1138 1928; x_wconf 91' lang='lat' dir='ltr'>habitam</span> <span class='ocrx_word' id='word_1_123' title='bbox 1164 1881 1194 1927; x_wconf 94' lang='lat' dir='ltr'>et</span> <span class='ocrx_word' id='word_1_124' title='bbox 1219 1867 1420 1944; x_wconf 84' lang='lat' dir='ltr'>existentem,</span> 
     </span>
     <span class='ocr_line' id='line_1_15' title="bbox 153 1970 1419 2054; baseline 0.002 -24"><span class='ocrx_word' id='word_1_125' title='bbox 153 1971 300 2051; x_wconf 93' lang='lat' dir='ltr'>predicto</span> <span class='ocrx_word' id='word_1_126' title='bbox 324 1971 461 2031; x_wconf 90' lang='lat' dir='ltr'>Nicolao</span> <span class='ocrx_word' id='word_1_127' title='bbox 486 1970 584 2050; x_wconf 90' lang='lat' dir='ltr'>judici</span> <span class='ocrx_word' id='word_1_128' title='bbox 608 1973 667 2032; x_wconf 92' lang='lat' dir='ltr'>sub</span> <span class='ocrx_word' id='word_1_129' title='bbox 692 1992 789 2033; x_wconf 90' lang='lat' dir='ltr'>censu</span> <span class='ocrx_word' id='word_1_130' title='bbox 818 1986 904 2034; x_wconf 89' lang='lat' dir='ltr'>sexte</span> <span class='ocrx_word' id='word_1_131' title='bbox 930 1974 1028 2054; x_wconf 91' lang='lat' dir='ltr'>partis</span> <span class='ocrx_word' id='word_1_132' title='bbox 1053 1974 1118 2034; x_wconf 91' lang='lat' dir='ltr'>vini</span> <span class='ocrx_word' id='word_1_133' title='bbox 1142 1994 1197 2034; x_wconf 88' lang='lat' dir='ltr'>seu</span> <span class='ocrx_word' id='word_1_134' title='bbox 1223 1974 1319 2034; x_wconf 91' lang='lat' dir='ltr'>musti</span> <span class='ocrx_word' id='word_1_135' title='bbox 1345 1973 1419 2034; x_wconf 91' lang='lat' dir='ltr'>novi</span> 
     </span>
     <span class='ocr_line' id='line_1_16' title="bbox 151 2076 1420 2160; baseline 0.002 -24"><span class='ocrx_word' id='word_1_136' title='bbox 151 2077 191 2136; x_wconf 89' lang='lat' dir='ltr'>ad</span> <span class='ocrx_word' id='word_1_137' title='bbox 210 2076 368 2158; x_wconf 87' lang='lat' dir='ltr'>hospitale</span> <span class='ocrx_word' id='word_1_138' title='bbox 386 2091 529 2137; x_wconf 92' lang='lat' dir='ltr'>nostrum</span> <span class='ocrx_word' id='word_1_139' title='bbox 555 2096 729 2139; x_wconf 89' lang='lat' dir='ltr'>commune</span> <span class='ocrx_word' id='word_1_140' title='bbox 750 2098 806 2139; x_wconf 90' lang='lat' dir='ltr'>seu</span> <span class='ocrx_word' id='word_1_141' title='bbox 824 2080 1019 2160; x_wconf 90' lang='lat' dir='ltr'>pauperibus</span> <span class='ocrx_word' id='word_1_142' title='bbox 1044 2080 1075 2140; x_wconf 95' lang='lat' dir='ltr'>in</span> <span class='ocrx_word' id='word_1_143' title='bbox 1094 2080 1208 2141; x_wconf 92' lang='lat' dir='ltr'>eodem</span> <span class='ocrx_word' id='word_1_144' title='bbox 1227 2080 1420 2160; x_wconf 83' lang='lat' dir='ltr'>degentibus</span> 
     </span>
     <span class='ocr_line' id='line_1_17' title="bbox 149 2182 1419 2268; baseline 0.002 -26"><span class='ocrx_word' id='word_1_145' title='bbox 149 2201 277 2264; x_wconf 88' lang='lat' dir='ltr'>semper</span> <span class='ocrx_word' id='word_1_146' title='bbox 310 2183 341 2242; x_wconf 94' lang='lat' dir='ltr'>in</span> <span class='ocrx_word' id='word_1_147' title='bbox 379 2182 637 2244; x_wconf 75' lang='lat' dir='ltr'>vindemiatione</span> <span class='ocrx_word' id='word_1_148' title='bbox 671 2203 805 2244; x_wconf 90' lang='lat' dir='ltr'>uvarum</span> <span class='ocrx_word' id='word_1_149' title='bbox 838 2186 1052 2266; x_wconf 88' lang='lat' dir='ltr'>persolvendo</span> <span class='ocrx_word' id='word_1_150' title='bbox 1084 2185 1229 2247; x_wconf 88' lang='lat' dir='ltr'>vendidit</span> <span class='ocrx_word' id='word_1_151' title='bbox 1262 2199 1419 2268; x_wconf 90' lang='lat' dir='ltr'>perpetuo</span> 
     </span>
    </p>
   </div>
   <div class='ocr_carea' id='block_1_4' title="bbox 150 2288 1417 2459">
    <p class='ocr_par' dir='ltr' id='par_1_4' title="bbox 150 2288 1417 2459">
     <span class='ocr_line' id='line_1_18' title="bbox 151 2288 1417 2374; baseline 0.003 -25"><span class='ocrx_word' id='word_1_152' title='bbox 151 2288 379 2369; x_wconf 86' lang='lat' dir='ltr'>possidendam</span> <span class='ocrx_word' id='word_1_153' title='bbox 406 2301 437 2350; x_wconf 93' lang='lat' dir='ltr'>et</span> <span class='ocrx_word' id='word_1_154' title='bbox 460 2289 632 2370; x_wconf 83' lang='lat' dir='ltr'>superinde</span> <span class='ocrx_word' id='word_1_155' title='bbox 657 2303 703 2350; x_wconf 90' lang='lat' dir='ltr'>est</span> <span class='ocrx_word' id='word_1_156' title='bbox 727 2290 818 2352; x_wconf 89' lang='lat' dir='ltr'>litera</span> <span class='ocrx_word' id='word_1_157' title='bbox 844 2293 903 2352; x_wconf 92' lang='lat' dir='ltr'>sub</span> <span class='ocrx_word' id='word_1_158' title='bbox 927 2292 1080 2374; x_wconf 89' lang='lat' dir='ltr'>pendenti</span> <span class='ocrx_word' id='word_1_159' title='bbox 1104 2292 1211 2372; x_wconf 89' lang='lat' dir='ltr'>sigillo</span> <span class='ocrx_word' id='word_1_160' title='bbox 1237 2292 1417 2353; x_wconf 90' lang='lat' dir='ltr'>communi-</span> 
     </span>
     <span class='ocr_line' id='line_1_19' title="bbox 150 2408 405 2459; baseline 0.024 -7"><span class='ocrx_word' id='word_1_161' title='bbox 150 2408 223 2454; x_wconf 82' lang='lat' dir='ltr'>tatis</span> <span class='ocrx_word' id='word_1_162' title='bbox 248 2409 405 2459; x_wconf 86' lang='lat' dir='ltr'>emanata.</span> 
     </span>
    </p>
   </div>
   <div class='ocr_carea' id='block_1_5' title="bbox 150 2517 1419 3537">
    <p class='ocr_par' dir='ltr' id='par_1_5' title="bbox 150 2517 1419 3537">
     <span class='ocr_line' id='line_1_20' title="bbox 259 2517 1419 2601; baseline 0.004 -24"><span class='ocrx_word' id='word_1_163' title='bbox 259 2517 335 2578; x_wconf 89' lang='lat' dir='ltr'>ltem</span> <span class='ocrx_word' id='word_1_164' title='bbox 360 2518 497 2579; x_wconf 88' lang='lat' dir='ltr'>Michael</span> <span class='ocrx_word' id='word_1_165' title='bbox 523 2519 643 2599; x_wconf 88' lang='lat' dir='ltr'>juratus</span> <span class='ocrx_word' id='word_1_166' title='bbox 667 2519 783 2601; x_wconf 79' lang='lat' dir='ltr'>Zyroiv</span> <span class='ocrx_word' id='word_1_167' title='bbox 816 2518 901 2581; x_wconf 88' lang='lat' dir='ltr'>lilius</span> <span class='ocrx_word' id='word_1_168' title='bbox 927 2519 1079 2601; x_wconf 89' lang='lat' dir='ltr'>Symonis</span> <span class='ocrx_word' id='word_1_169' title='bbox 1104 2534 1135 2582; x_wconf 91' lang='lat' dir='ltr'>et</span> <span class='ocrx_word' id='word_1_170' title='bbox 1160 2520 1306 2582; x_wconf 90' lang='lat' dir='ltr'>Thomas</span> <span class='ocrx_word' id='word_1_171' title='bbox 1330 2534 1419 2583; x_wconf 90' lang='lat' dir='ltr'>sutor</span> 
     </span>
     <span class='ocr_line' id='line_1_21' title="bbox 151 2624 1418 2709; baseline 0.004 -25"><span class='ocrx_word' id='word_1_172' title='bbox 151 2624 257 2685; x_wconf 91' lang='lat' dir='ltr'>dictus</span> <span class='ocrx_word' id='word_1_173' title='bbox 281 2625 387 2709; x_wconf 90' lang='lat' dir='ltr'>Bosyn</span> <span class='ocrx_word' id='word_1_174' title='bbox 421 2624 504 2686; x_wconf 91' lang='lat' dir='ltr'>filius</span> <span class='ocrx_word' id='word_1_175' title='bbox 530 2626 655 2709; x_wconf 84' lang='lat' dir='ltr'>Kytini,</span> <span class='ocrx_word' id='word_1_176' title='bbox 687 2626 845 2707; x_wconf 88' lang='lat' dir='ltr'>quosdam</span> <span class='ocrx_word' id='word_1_177' title='bbox 880 2627 961 2688; x_wconf 89' lang='lat' dir='ltr'>duos</span> <span class='ocrx_word' id='word_1_178' title='bbox 985 2626 1120 2706; x_wconf 86' lang='lat' dir='ltr'>(h]ortos</span> <span class='ocrx_word' id='word_1_179' title='bbox 1152 2647 1264 2688; x_wconf 91' lang='lat' dir='ltr'>eorum</span> <span class='ocrx_word' id='word_1_180' title='bbox 1290 2628 1322 2688; x_wconf 92' lang='lat' dir='ltr'>in</span> <span class='ocrx_word' id='word_1_181' title='bbox 1346 2630 1418 2689; x_wconf 91' lang='lat' dir='ltr'>sub·</span> 
     </span>
     <span class='ocr_line' id='line_1_22' title="bbox 150 2730 1418 2814; baseline 0.004 -24"><span class='ocrx_word' id='word_1_182' title='bbox 150 2730 246 2790; x_wconf 92' lang='lat' dir='ltr'>urbio</span> <span class='ocrx_word' id='word_1_183' title='bbox 270 2730 353 2792; x_wconf 89' lang='lat' dir='ltr'>dicte</span> <span class='ocrx_word' id='word_1_184' title='bbox 378 2731 514 2792; x_wconf 88' lang='lat' dir='ltr'>civitatis</span> <span class='ocrx_word' id='word_1_185' title='bbox 539 2750 637 2812; x_wconf 92' lang='lat' dir='ltr'>prope</span> <span class='ocrx_word' id='word_1_186' title='bbox 666 2731 832 2793; x_wconf 91' lang='lat' dir='ltr'>ecclesiam</span> <span class='ocrx_word' id='word_1_187' title='bbox 850 2732 949 2793; x_wconf 89' lang='lat' dir='ltr'>sancti</span> <span class='ocrx_word' id='word_1_188' title='bbox 976 2733 1105 2793; x_wconf 89' lang='lat' dir='ltr'>Martini</span> <span class='ocrx_word' id='word_1_189' title='bbox 1123 2732 1264 2814; x_wconf 88' lang='lat' dir='ltr'>episcopi</span> <span class='ocrx_word' id='word_1_190' title='bbox 1290 2745 1320 2795; x_wconf 92' lang='lat' dir='ltr'>et</span> <span class='ocrx_word' id='word_1_191' title='bbox 1344 2753 1418 2795; x_wconf 90' lang='lat' dir='ltr'>con·</span> 
     </span>
     <span class='ocr_line' id='line_1_23' title="bbox 152 2833 1418 2917; baseline 0.004 -22"><span class='ocrx_word' id='word_1_192' title='bbox 152 2833 292 2914; x_wconf 81' lang='lat' dir='ltr'>sessoris,</span> <span class='ocrx_word' id='word_1_193' title='bbox 318 2837 400 2898; x_wconf 91' lang='lat' dir='ltr'>inter</span> <span class='ocrx_word' id='word_1_194' title='bbox 424 2836 558 2917; x_wconf 75' lang='lat' dir='ltr'>(hlortos</span> <span class='ocrx_word' id='word_1_195' title='bbox 591 2837 693 2897; x_wconf 89' lang='lat' dir='ltr'>Kusse</span> <span class='ocrx_word' id='word_1_196' title='bbox 726 2838 835 2898; x_wconf 88' lang='lat' dir='ltr'>relicte</span> <span class='ocrx_word' id='word_1_197' title='bbox 868 2837 1004 2898; x_wconf 90' lang='lat' dir='ltr'>condam</span> <span class='ocrx_word' id='word_1_198' title='bbox 1032 2837 1161 2898; x_wconf 88' lang='lat' dir='ltr'>Thome</span> <span class='ocrx_word' id='word_1_199' title='bbox 1186 2836 1266 2899; x_wconf 84' lang='lat' dir='ltr'>fabri</span> <span class='ocrx_word' id='word_1_200' title='bbox 1291 2852 1321 2900; x_wconf 90' lang='lat' dir='ltr'>et</span> <span class='ocrx_word' id='word_1_201' title='bbox 1344 2840 1418 2900; x_wconf 89' lang='lat' dir='ltr'>Bar-</span> 
     </span>
     <span class='ocr_line' id='line_1_24' title="bbox 151 2941 1417 3024; baseline 0.002 -22"><span class='ocrx_word' id='word_1_202' title='bbox 151 2942 227 3002; x_wconf 88' lang='lat' dir='ltr'>bare</span> <span class='ocrx_word' id='word_1_203' title='bbox 252 2941 316 3004; x_wconf 91' lang='lat' dir='ltr'>filie</span> <span class='ocrx_word' id='word_1_204' title='bbox 341 2943 485 3004; x_wconf 90' lang='lat' dir='ltr'>eiusdem</span> <span class='ocrx_word' id='word_1_205' title='bbox 511 2943 625 3020; x_wconf 87' lang='lat' dir='ltr'>Kusse,</span> <span class='ocrx_word' id='word_1_206' title='bbox 656 2945 696 3005; x_wconf 89' lang='lat' dir='ltr'>ab</span> <span class='ocrx_word' id='word_1_207' title='bbox 730 2964 803 3022; x_wconf 90' lang='lat' dir='ltr'>una,</span> <span class='ocrx_word' id='word_1_208' title='bbox 831 2957 918 3024; x_wconf 89' lang='lat' dir='ltr'>parte</span> <span class='ocrx_word' id='word_1_209' title='bbox 943 2945 982 3004; x_wconf 89' lang='lat' dir='ltr'>ab</span> <span class='ocrx_word' id='word_1_210' title='bbox 1016 2944 1114 3004; x_wconf 90' lang='lat' dir='ltr'>altera</span> <span class='ocrx_word' id='word_1_211' title='bbox 1139 2963 1215 3005; x_wconf 91' lang='lat' dir='ltr'>vero</span> <span class='ocrx_word' id='word_1_212' title='bbox 1240 2944 1417 3005; x_wconf 90' lang='lat' dir='ltr'>liberorum</span> 
     </span>
     <span class='ocr_line' id='line_1_25' title="bbox 150 3048 1412 3131; baseline 0.002 -23"><span class='ocrx_word' id='word_1_213' title='bbox 150 3048 288 3109; x_wconf 84' lang='lat' dir='ltr'>condam</span> <span class='ocrx_word' id='word_1_214' title='bbox 315 3049 448 3131; x_wconf 91' lang='lat' dir='ltr'>Chupor</span> <span class='ocrx_word' id='word_1_215' title='bbox 471 3048 596 3111; x_wconf 89' lang='lat' dir='ltr'>habitos</span> <span class='ocrx_word' id='word_1_216' title='bbox 620 3071 687 3110; x_wconf 88' lang='lat' dir='ltr'>sese</span> <span class='ocrx_word' id='word_1_217' title='bbox 712 3050 861 3130; x_wconf 84' lang='lat' dir='ltr'>contigue</span> <span class='ocrx_word' id='word_1_218' title='bbox 893 3050 1125 3131; x_wconf 88' lang='lat' dir='ltr'>contingentes,</span> <span class='ocrx_word' id='word_1_219' title='bbox 1151 3051 1295 3112; x_wconf 90' lang='lat' dir='ltr'>Barnabe</span> <span class='ocrx_word' id='word_1_220' title='bbox 1321 3048 1412 3112; x_wconf 83' lang='lat' dir='ltr'>fabro</span> 
     </span>
     <span class='ocr_line' id='line_1_26' title="bbox 151 3153 1418 3238; baseline 0.002 -23"><span class='ocrx_word' id='word_1_221' title='bbox 151 3153 220 3215; x_wconf 89' lang='lat' dir='ltr'>filio</span> <span class='ocrx_word' id='word_1_222' title='bbox 245 3154 357 3236; x_wconf 88' lang='lat' dir='ltr'>prelati</span> <span class='ocrx_word' id='word_1_223' title='bbox 391 3157 543 3238; x_wconf 87' lang='lat' dir='ltr'>Symonis</span> <span class='ocrx_word' id='word_1_224' title='bbox 577 3154 663 3218; x_wconf 83' lang='lat' dir='ltr'>fratri</span> <span class='ocrx_word' id='word_1_225' title='bbox 697 3157 815 3217; x_wconf 90' lang='lat' dir='ltr'>carnali</span> <span class='ocrx_word' id='word_1_226' title='bbox 849 3157 948 3238; x_wconf 90' lang='lat' dir='ltr'>ipsius</span> <span class='ocrx_word' id='word_1_227' title='bbox 974 3156 1140 3217; x_wconf 89' lang='lat' dir='ltr'>Michaelis</span> <span class='ocrx_word' id='word_1_228' title='bbox 1164 3157 1290 3238; x_wconf 79' lang='lat' dir='ltr'>Zyrorv,</span> <span class='ocrx_word' id='word_1_229' title='bbox 1315 3155 1418 3235; x_wconf 81' lang='lat' dir='ltr'>jurato</span> 
     </span>
     <span class='ocr_line' id='line_1_27' title="bbox 152 3261 1418 3344; baseline 0.002 -24"><span class='ocrx_word' id='word_1_230' title='bbox 152 3275 263 3322; x_wconf 91' lang='lat' dir='ltr'>nostro</span> <span class='ocrx_word' id='word_1_231' title='bbox 295 3263 471 3339; x_wconf 87' lang='lat' dir='ltr'>moderna,</span> <span class='ocrx_word' id='word_1_232' title='bbox 505 3281 562 3343; x_wconf 92' lang='lat' dir='ltr'>pro</span> <span class='ocrx_word' id='word_1_233' title='bbox 596 3263 781 3342; x_wconf 87' lang='lat' dir='ltr'>quindecim</span> <span class='ocrx_word' id='word_1_234' title='bbox 815 3261 883 3324; x_wconf 90' lang='lat' dir='ltr'>flor.</span> <span class='ocrx_word' id='word_1_235' title='bbox 916 3262 984 3323; x_wconf 94' lang='lat' dir='ltr'>auri</span> <span class='ocrx_word' id='word_1_236' title='bbox 1015 3263 1231 3323; x_wconf 89' lang='lat' dir='ltr'>vendiderunt</span> <span class='ocrx_word' id='word_1_237' title='bbox 1263 3278 1418 3344; x_wconf 89' lang='lat' dir='ltr'>perpetuo</span> 
     </span>
     <span class='ocr_line' id='line_1_28' title="bbox 152 3367 1418 3451; baseline 0.002 -24"><span class='ocrx_word' id='word_1_238' title='bbox 152 3367 375 3448; x_wconf 89' lang='lat' dir='ltr'>possidendos,</span> <span class='ocrx_word' id='word_1_239' title='bbox 399 3383 429 3430; x_wconf 91' lang='lat' dir='ltr'>et</span> <span class='ocrx_word' id='word_1_240' title='bbox 452 3368 623 3450; x_wconf 90' lang='lat' dir='ltr'>superinde</span> <span class='ocrx_word' id='word_1_241' title='bbox 648 3384 693 3429; x_wconf 88' lang='lat' dir='ltr'>est</span> <span class='ocrx_word' id='word_1_242' title='bbox 721 3369 811 3430; x_wconf 88' lang='lat' dir='ltr'>litera</span> <span class='ocrx_word' id='word_1_243' title='bbox 836 3371 895 3430; x_wconf 91' lang='lat' dir='ltr'>sub</span> <span class='ocrx_word' id='word_1_244' title='bbox 928 3369 1081 3451; x_wconf 87' lang='lat' dir='ltr'>pendenti</span> <span class='ocrx_word' id='word_1_245' title='bbox 1107 3370 1214 3451; x_wconf 89' lang='lat' dir='ltr'>sigillo</span> <span class='ocrx_word' id='word_1_246' title='bbox 1239 3371 1418 3431; x_wconf 91' lang='lat' dir='ltr'>communi·</span> 
     </span>
     <span class='ocr_line' id='line_1_29' title="bbox 152 3487 406 3537; baseline 0 -1"><span class='ocrx_word' id='word_1_247' title='bbox 152 3487 225 3536; x_wconf 85' lang='lat' dir='ltr'>tatis</span> <span class='ocrx_word' id='word_1_248' title='bbox 250 3488 406 3537; x_wconf 90' lang='lat' dir='ltr'>emanata.</span> 
     </span>
    </p>
   </div>
   <div class='ocr_carea' id='block_1_6' title="bbox 151 3599 1418 4639">
    <p class='ocr_par' dir='ltr' id='par_1_6' title="bbox 151 3599 1418 4639">
     <span class='ocr_line' id='line_1_30' title="bbox 259 3599 1414 3681; baseline -0.001 -20"><span class='ocrx_word' id='word_1_249' title='bbox 259 3600 335 3661; x_wconf 92' lang='lat' dir='ltr'>ltem</span> <span class='ocrx_word' id='word_1_250' title='bbox 362 3601 512 3681; x_wconf 90' lang='lat' dir='ltr'>magister</span> <span class='ocrx_word' id='word_1_251' title='bbox 537 3600 683 3663; x_wconf 87' lang='lat' dir='ltr'>Matheus</span> <span class='ocrx_word' id='word_1_252' title='bbox 708 3601 850 3662; x_wconf 89' lang='lat' dir='ltr'>notarius</span> <span class='ocrx_word' id='word_1_253' title='bbox 891 3613 998 3662; x_wconf 89' lang='lat' dir='ltr'>noster</span> <span class='ocrx_word' id='word_1_254' title='bbox 1022 3599 1196 3661; x_wconf 88' lang='lat' dir='ltr'>modernus</span> <span class='ocrx_word' id='word_1_255' title='bbox 1219 3599 1304 3661; x_wconf 91' lang='lat' dir='ltr'>filius</span> <span class='ocrx_word' id='word_1_256' title='bbox 1330 3601 1414 3661; x_wconf 86' lang='lat' dir='ltr'>Luce</span> 
     </span>
     <span class='ocr_line' id='line_1_31' title="bbox 152 3704 1415 3787; baseline -0.002 -19"><span class='ocrx_word' id='word_1_257' title='bbox 152 3720 183 3768; x_wconf 92' lang='lat' dir='ltr'>et</span> <span class='ocrx_word' id='word_1_258' title='bbox 206 3706 331 3787; x_wconf 84' lang='lat' dir='ltr'>Agatha</span> <span class='ocrx_word' id='word_1_259' title='bbox 357 3726 412 3767; x_wconf 86' lang='lat' dir='ltr'>sua</span> <span class='ocrx_word' id='word_1_260' title='bbox 438 3727 578 3783; x_wconf 88' lang='lat' dir='ltr'>consors,</span> <span class='ocrx_word' id='word_1_261' title='bbox 611 3706 816 3767; x_wconf 89' lang='lat' dir='ltr'>medietatem</span> <span class='ocrx_word' id='word_1_262' title='bbox 845 3707 1010 3767; x_wconf 91' lang='lat' dir='ltr'>cuiusdam</span> <span class='ocrx_word' id='word_1_263' title='bbox 1044 3705 1171 3782; x_wconf 93' lang='lat' dir='ltr'>domus,</span> <span class='ocrx_word' id='word_1_264' title='bbox 1196 3704 1287 3766; x_wconf 83' lang='lat' dir='ltr'>fundi</span> <span class='ocrx_word' id='word_1_265' title='bbox 1312 3719 1343 3766; x_wconf 93' lang='lat' dir='ltr'>et</span> <span class='ocrx_word' id='word_1_266' title='bbox 1366 3725 1415 3766; x_wconf 90' lang='lat' dir='ltr'>ce-</span> 
     </span>
     <span class='ocr_line' id='line_1_32' title="bbox 152 3811 1416 3893; baseline -0.001 -20"><span class='ocrx_word' id='word_1_267' title='bbox 152 3812 221 3873; x_wconf 89' lang='lat' dir='ltr'>larii</span> <span class='ocrx_word' id='word_1_268' title='bbox 247 3814 444 3874; x_wconf 88' lang='lat' dir='ltr'>subterranei</span> <span class='ocrx_word' id='word_1_269' title='bbox 470 3834 505 3874; x_wconf 90' lang='lat' dir='ltr'>ac</span> <span class='ocrx_word' id='word_1_270' title='bbox 523 3811 746 3874; x_wconf 87' lang='lat' dir='ltr'>hedificiorum</span> <span class='ocrx_word' id='word_1_271' title='bbox 765 3813 795 3872; x_wconf 92' lang='lat' dir='ltr'>in</span> <span class='ocrx_word' id='word_1_272' title='bbox 822 3813 977 3873; x_wconf 91' lang='lat' dir='ltr'>suburbio</span> <span class='ocrx_word' id='word_1_273' title='bbox 995 3812 1132 3873; x_wconf 92' lang='lat' dir='ltr'>civitatis</span> <span class='ocrx_word' id='word_1_274' title='bbox 1157 3812 1189 3872; x_wconf 91' lang='lat' dir='ltr'>in</span> <span class='ocrx_word' id='word_1_275' title='bbox 1206 3812 1310 3893; x_wconf 86' lang='lat' dir='ltr'>platea</span> <span class='ocrx_word' id='word_1_276' title='bbox 1328 3811 1416 3872; x_wconf 91' lang='lat' dir='ltr'>vide·</span> 
     </span>
     <span class='ocr_line' id='line_1_33' title="bbox 153 3916 1418 4002; baseline -0.002 -22"><span class='ocrx_word' id='word_1_277' title='bbox 153 3920 228 3980; x_wconf 88' lang='lat' dir='ltr'>licet</span> <span class='ocrx_word' id='word_1_278' title='bbox 251 3933 407 3996; x_wconf 90' lang='lat' dir='ltr'>sutorum,</span> <span class='ocrx_word' id='word_1_279' title='bbox 433 3920 513 3980; x_wconf 90' lang='lat' dir='ltr'>inter</span> <span class='ocrx_word' id='word_1_280' title='bbox 539 3919 653 3980; x_wconf 92' lang='lat' dir='ltr'>domos</span> <span class='ocrx_word' id='word_1_281' title='bbox 678 3933 708 3979; x_wconf 90' lang='lat' dir='ltr'>et</span> <span class='ocrx_word' id='word_1_282' title='bbox 733 3917 851 3979; x_wconf 84' lang='lat' dir='ltr'>fundos</span> <span class='ocrx_word' id='word_1_283' title='bbox 876 3917 1004 4002; x_wconf 88' lang='lat' dir='ltr'>Mathye</span> <span class='ocrx_word' id='word_1_284' title='bbox 1028 3919 1145 3979; x_wconf 90' lang='lat' dir='ltr'>sutoris</span> <span class='ocrx_word' id='word_1_285' title='bbox 1169 3916 1226 3979; x_wconf 87' lang='lat' dir='ltr'>filii</span> <span class='ocrx_word' id='word_1_286' title='bbox 1252 3917 1418 3979; x_wconf 89' lang='lat' dir='ltr'>Michaelis</span> 
     </span>
     <span class='ocr_line' id='line_1_34' title="bbox 152 4024 1417 4107; baseline -0.002 -20"><span class='ocrx_word' id='word_1_287' title='bbox 152 4039 184 4088; x_wconf 93' lang='lat' dir='ltr'>et</span> <span class='ocrx_word' id='word_1_288' title='bbox 208 4025 342 4087; x_wconf 89' lang='lat' dir='ltr'>honeste</span> <span class='ocrx_word' id='word_1_289' title='bbox 377 4026 521 4086; x_wconf 91' lang='lat' dir='ltr'>mulieris</span> <span class='ocrx_word' id='word_1_290' title='bbox 554 4029 682 4107; x_wconf 82' lang='lat' dir='ltr'>Agycza</span> <span class='ocrx_word' id='word_1_291' title='bbox 714 4039 837 4102; x_wconf 89' lang='lat' dir='ltr'>vocate,</span> <span class='ocrx_word' id='word_1_292' title='bbox 869 4025 908 4084; x_wconf 89' lang='lat' dir='ltr'>ab</span> <span class='ocrx_word' id='word_1_293' title='bbox 935 4043 1009 4102; x_wconf 92' lang='lat' dir='ltr'>una,</span> <span class='ocrx_word' id='word_1_294' title='bbox 1033 4039 1122 4104; x_wconf 89' lang='lat' dir='ltr'>parte</span> <span class='ocrx_word' id='word_1_295' title='bbox 1153 4025 1193 4084; x_wconf 89' lang='lat' dir='ltr'>ab</span> <span class='ocrx_word' id='word_1_296' title='bbox 1218 4024 1316 4085; x_wconf 89' lang='lat' dir='ltr'>altera</span> <span class='ocrx_word' id='word_1_297' title='bbox 1341 4043 1417 4084; x_wconf 92' lang='lat' dir='ltr'>vero</span> 
     </span>
     <span class='ocr_line' id='line_1_35' title="bbox 154 4130 1417 4208; baseline -0.003 -14"><span class='ocrx_word' id='word_1_298' title='bbox 154 4132 282 4194; x_wconf 91' lang='lat' dir='ltr'>Martini</span> <span class='ocrx_word' id='word_1_299' title='bbox 308 4144 339 4191; x_wconf 91' lang='lat' dir='ltr'>et</span> <span class='ocrx_word' id='word_1_300' title='bbox 363 4131 531 4192; x_wconf 91' lang='lat' dir='ltr'>Laurencii</span> <span class='ocrx_word' id='word_1_301' title='bbox 562 4144 706 4192; x_wconf 88' lang='lat' dir='ltr'>sutorum</span> <span class='ocrx_word' id='word_1_302' title='bbox 740 4130 857 4208; x_wconf 88' lang='lat' dir='ltr'>habite,</span> <span class='ocrx_word' id='word_1_303' title='bbox 883 4130 1022 4190; x_wconf 86' lang='lat' dir='ltr'>mediam</span> <span class='ocrx_word' id='word_1_304' title='bbox 1056 4130 1178 4191; x_wconf 88' lang='lat' dir='ltr'>curiam</span> <span class='ocrx_word' id='word_1_305' title='bbox 1201 4130 1233 4190; x_wconf 93' lang='lat' dir='ltr'>in</span> <span class='ocrx_word' id='word_1_306' title='bbox 1259 4149 1292 4190; x_wconf 91' lang='lat' dir='ltr'>se</span> <span class='ocrx_word' id='word_1_307' title='bbox 1317 4130 1417 4190; x_wconf 91' lang='lat' dir='ltr'>conti·</span> 
     </span>
     <span class='ocr_line' id='line_1_36' title="bbox 152 4234 1415 4318; baseline -0.001 -21"><span class='ocrx_word' id='word_1_308' title='bbox 152 4237 266 4314; x_wconf 91' lang='lat' dir='ltr'>nentis,</span> <span class='ocrx_word' id='word_1_309' title='bbox 291 4237 477 4318; x_wconf 88' lang='lat' dir='ltr'>porcionem</span> <span class='ocrx_word' id='word_1_310' title='bbox 496 4237 646 4298; x_wconf 87' lang='lat' dir='ltr'>videlicet</span> <span class='ocrx_word' id='word_1_311' title='bbox 671 4256 773 4315; x_wconf 88' lang='lat' dir='ltr'>suam,</span> <span class='ocrx_word' id='word_1_312' title='bbox 798 4255 895 4296; x_wconf 88' lang='lat' dir='ltr'>unam</span> <span class='ocrx_word' id='word_1_313' title='bbox 913 4234 1141 4297; x_wconf 90' lang='lat' dir='ltr'>tantummodo</span> <span class='ocrx_word' id='word_1_314' title='bbox 1166 4250 1312 4317; x_wconf 89' lang='lat' dir='ltr'>quartam</span> <span class='ocrx_word' id='word_1_315' title='bbox 1330 4236 1415 4296; x_wconf 89' lang='lat' dir='ltr'>curie</span> 
     </span>
     <span class='ocr_line' id='line_1_37' title="bbox 153 4341 1415 4424; baseline -0.002 -19"><span class='ocrx_word' id='word_1_316' title='bbox 153 4345 185 4405; x_wconf 91' lang='lat' dir='ltr'>in</span> <span class='ocrx_word' id='word_1_317' title='bbox 209 4364 242 4404; x_wconf 89' lang='lat' dir='ltr'>se</span> <span class='ocrx_word' id='word_1_318' title='bbox 267 4344 496 4420; x_wconf 88' lang='lat' dir='ltr'>continentem,</span> <span class='ocrx_word' id='word_1_319' title='bbox 515 4344 622 4405; x_wconf 90' lang='lat' dir='ltr'>Blasio</span> <span class='ocrx_word' id='word_1_320' title='bbox 647 4345 747 4405; x_wconf 91' lang='lat' dir='ltr'>sutori</span> <span class='ocrx_word' id='word_1_321' title='bbox 776 4344 898 4405; x_wconf 88' lang='lat' dir='ltr'>decano</span> <span class='ocrx_word' id='word_1_322' title='bbox 923 4342 990 4404; x_wconf 88' lang='lat' dir='ltr'>filio</span> <span class='ocrx_word' id='word_1_323' title='bbox 1015 4341 1169 4423; x_wconf 89' lang='lat' dir='ltr'>Stephani</span> <span class='ocrx_word' id='word_1_324' title='bbox 1194 4362 1252 4424; x_wconf 91' lang='lat' dir='ltr'>pro</span> <span class='ocrx_word' id='word_1_325' title='bbox 1277 4341 1415 4423; x_wconf 89' lang='lat' dir='ltr'>quadra·</span> 
     </span>
     <span class='ocr_line' id='line_1_38' title="bbox 151 4448 1416 4533; baseline -0.002 -21"><span class='ocrx_word' id='word_1_326' title='bbox 151 4451 239 4531; x_wconf 87' lang='lat' dir='ltr'>ginta</span> <span class='ocrx_word' id='word_1_327' title='bbox 264 4450 332 4513; x_wconf 88' lang='lat' dir='ltr'>flor.</span> <span class='ocrx_word' id='word_1_328' title='bbox 358 4450 572 4512; x_wconf 92' lang='lat' dir='ltr'>vendiderunt</span> <span class='ocrx_word' id='word_1_329' title='bbox 596 4465 751 4533; x_wconf 87' lang='lat' dir='ltr'>perpetuo</span> <span class='ocrx_word' id='word_1_330' title='bbox 783 4450 1021 4533; x_wconf 87' lang='lat' dir='ltr'>possidendam,</span> <span class='ocrx_word' id='word_1_331' title='bbox 1049 4463 1080 4511; x_wconf 94' lang='lat' dir='ltr'>et</span> <span class='ocrx_word' id='word_1_332' title='bbox 1112 4448 1284 4531; x_wconf 91' lang='lat' dir='ltr'>superinde</span> <span class='ocrx_word' id='word_1_333' title='bbox 1309 4462 1355 4509; x_wconf 89' lang='lat' dir='ltr'>est</span> <span class='ocrx_word' id='word_1_334' title='bbox 1379 4449 1416 4509; x_wconf 92' lang='lat' dir='ltr'>li·</span> 
     </span>
     <span class='ocr_line' id='line_1_39' title="bbox 152 4556 1053 4639; baseline -0.003 -20"><span class='ocrx_word' id='word_1_335' title='bbox 152 4571 218 4619; x_wconf 90' lang='lat' dir='ltr'>tera</span> <span class='ocrx_word' id='word_1_336' title='bbox 242 4558 301 4618; x_wconf 89' lang='lat' dir='ltr'>sub</span> <span class='ocrx_word' id='word_1_337' title='bbox 323 4556 474 4639; x_wconf 87' lang='lat' dir='ltr'>pendenti</span> <span class='ocrx_word' id='word_1_338' title='bbox 501 4558 608 4637; x_wconf 89' lang='lat' dir='ltr'>sigillo</span> <span class='ocrx_word' id='word_1_339' title='bbox 633 4557 872 4618; x_wconf 88' lang='lat' dir='ltr'>communitatis</span> <span class='ocrx_word' id='word_1_340' title='bbox 897 4570 1053 4617; x_wconf 91' lang='lat' dir='ltr'>emanata.</span> 
     </span>
    </p>
   </div>
   <div class='ocr_carea' id='block_1_7' title="bbox 153 4679 1417 4868">
    <p class='ocr_par' dir='ltr' id='par_1_7' title="bbox 153 4679 1417 4868">
     <span class='ocr_line' id='line_1_40' title="bbox 257 4679 1416 4761; baseline -0.002 -21"><span class='ocrx_word' id='word_1_341' title='bbox 257 4681 333 4741; x_wconf 85' lang='lat' dir='ltr'>ltcm</span> <span class='ocrx_word' id='word_1_342' title='bbox 359 4682 510 4761; x_wconf 90' lang='lat' dir='ltr'>magister</span> <span class='ocrx_word' id='word_1_343' title='bbox 536 4683 681 4743; x_wconf 79' lang='lat' dir='ltr'>Mattheus</span> <span class='ocrx_word' id='word_1_344' title='bbox 700 4679 787 4742; x_wconf 90' lang='lat' dir='ltr'>filius</span> <span class='ocrx_word' id='word_1_345' title='bbox 812 4681 898 4741; x_wconf 76' lang='lat' dir='ltr'>luce</span> <span class='ocrx_word' id='word_1_346' title='bbox 918 4681 1060 4741; x_wconf 88' lang='lat' dir='ltr'>notarius</span> <span class='ocrx_word' id='word_1_347' title='bbox 1088 4694 1118 4739; x_wconf 90' lang='lat' dir='ltr'>et</span> <span class='ocrx_word' id='word_1_348' title='bbox 1142 4679 1282 4740; x_wconf 90' lang='lat' dir='ltr'>concivis</span> <span class='ocrx_word' id='word_1_349' title='bbox 1299 4693 1416 4754; x_wconf 88' lang='lat' dir='ltr'>noster,</span> 
     </span>
     <span class='ocr_line' id='line_1_41' title="bbox 153 4785 1417 4868; baseline -0.001 -22"><span class='ocrx_word' id='word_1_350' title='bbox 153 4786 359 4848; x_wconf 88' lang='lat' dir='ltr'>medietatem</span> <span class='ocrx_word' id='word_1_351' title='bbox 392 4788 557 4848; x_wconf 89' lang='lat' dir='ltr'>cuiusdam</span> <span class='ocrx_word' id='word_1_352' title='bbox 583 4802 664 4847; x_wconf 88' lang='lat' dir='ltr'>terre</span> <span class='ocrx_word' id='word_1_353' title='bbox 697 4786 826 4847; x_wconf 88' lang='lat' dir='ltr'>arabilis</span> <span class='ocrx_word' id='word_1_354' title='bbox 858 4788 889 4847; x_wconf 92' lang='lat' dir='ltr'>in</span> <span class='ocrx_word' id='word_1_355' title='bbox 915 4806 1028 4868; x_wconf 88' lang='lat' dir='ltr'>campo</span> <span class='ocrx_word' id='word_1_356' title='bbox 1061 4786 1144 4847; x_wconf 86' lang='lat' dir='ltr'>dicte</span> <span class='ocrx_word' id='word_1_357' title='bbox 1177 4785 1311 4846; x_wconf 90' lang='lat' dir='ltr'>civitatis</span> <span class='ocrx_word' id='word_1_358' title='bbox 1336 4785 1417 4846; x_wconf 90' lang='lat' dir='ltr'>inter</span> 
     </span>
    </p>
   </div>
   <div class='ocr_carea' id='block_1_8' title="bbox 0 0 1579 5356">
    <p class='ocr_par' dir='ltr' id='par_1_8' title="bbox 0 0 1579 5356">
     <span class='ocr_line' id='line_1_42' title="bbox 0 0 1579 5356; baseline 0 0"><span class='ocrx_word' id='word_1_359' title='bbox 0 0 1579 5356; x_wconf 95' lang='lat' dir='ltr'> </span> 
     </span>
    </p>
   </div>
  </div>
 </body>
</html>
