3142 5356
145 530 190 590 44
517 513 604 571 Anno
635 508 729 591 1487.
753 546 798 557 -
819 527 871 592 24.
888 514 1040 589 januarii.

146 722 207 784 sibi
232 723 307 785 illos
329 724 413 786 duos
437 722 527 801 flor.;
550 736 627 786 tunc
655 725 680 785 si
713 724 831 806 jurabit
861 725 1022 787 tenebitur
1053 724 1160 786 eidem
1185 724 1329 807 Georgio
1354 726 1417 789 De-

148 831 282 893 metrius
306 831 379 893 illos
403 831 486 893 duos
509 830 579 894 flor.
604 831 750 909 solvere;
773 851 832 915 pro
864 832 927 895 illis
950 846 1057 894 autem
1090 832 1218 895 duobus
1241 832 1312 896 flor.
1335 853 1420 916 quos

147 938 225 1001 dicit
258 939 384 1001 dedisse
416 939 599 1001 Demetrius
639 939 731 1001 uxori
763 959 819 1002 sue
851 940 1019 1021 ignorante
1052 939 1194 1021 Georgio
1227 939 1419 1021 Vidkouicz,

148 1045 335 1108 Demetrius
359 1045 455 1109 debet
478 1045 582 1128 jurare
606 1065 702 1130 super
733 1046 832 1109 altare
863 1060 970 1110 sancte
996 1046 1120 1127 Crucis,
1150 1047 1177 1109 si
1201 1046 1318 1128 jurabit
1341 1061 1419 1109 tunc

149 1153 232 1216 liber
256 1153 326 1216 erit.

256 1259 334 1321 ltem
358 1259 472 1322 eadem
489 1259 541 1322 die
566 1279 660 1322 causa
677 1260 759 1322 inter
780 1260 929 1323 Ribaricz
946 1261 1067 1322 Lucam
1085 1274 1116 1322 et
1132 1260 1214 1323 inter
1238 1259 1419 1343 Georgium

150 1365 294 1428 Zalaricz
325 1366 454 1428 racione
486 1367 664 1450 empcionis
694 1366 861 1429 cuiusdam
883 1367 985 1445 bovis,
1017 1366 1109 1448 jurati
1142 1365 1420 1449 dejudicaverunt,

151 1470 264 1555 (quod)
291 1472 395 1534 Lucas
419 1471 514 1536 debet
530 1472 634 1555 jurare
659 1471 736 1536 feria
753 1488 840 1535 sexta
856 1487 928 1556 post
952 1471 1068 1535 festum
1087 1472 1317 1535 Conversionis
1333 1474 1420 1536 beati

148 1579 239 1641 Pauli
264 1598 360 1662 super
383 1579 481 1642 altare
505 1592 612 1642 sancte
637 1578 750 1642 Crucis
782 1581 870 1663 quod
903 1581 970 1664 ipse
995 1580 1138 1641 Zalaricz
1170 1598 1235 1640 non
1261 1579 1351 1641 dedit
1376 1581 1418 1642 ad

151 1684 245 1747 illum
270 1685 444 1748 terminum
468 1686 549 1748 sicut
573 1686 799 1769 disposuerunt
824 1688 907 1751 inter
927 1707 960 1749 se
984 1687 1128 1769 precium
1154 1686 1241 1748 illius
1265 1687 1377 1764 bovis;
1393 1687 1420 1748 si

151 1792 254 1854 Lucas
277 1791 395 1874 jurabit
417 1806 494 1854 tunc
511 1793 653 1856 Zalaricz
677 1794 802 1857 amittet
827 1793 906 1856 illud
924 1793 1013 1876 quod
1030 1792 1162 1855 dederat
1186 1794 1226 1854 ad
1254 1794 1419 1855 racionem

150 1899 238 1961 illius
262 1899 365 1965 bovis.

178 2134 273 2209 Feria
302 2144 426 2227 quarta
455 2140 609 2227 proxima
647 2147 725 2209 ante
753 2139 876 2211 festnm
906 2138 1138 2211 Conversionis
1175 2141 1264 2210 beati
1295 2139 1392 2212 Pauli

705 2264 862 2352 apostoli.

658 2419 722 2496 (24.
739 2419 907 2495 januaria).

258 2557 364 2622 Causa
389 2559 471 2620 inter
495 2558 601 2620 Eliam
626 2573 886 2641 campanatorem
904 2574 935 2622 et
959 2560 1137 2642 Georgium
1165 2563 1368 2624 Benakonicz
1387 2578 1420 2626 et

154 2665 346 2728 Michaelem
373 2664 479 2747 Orzag
511 2679 542 2727 et
574 2666 716 2727 Blasium
742 2667 988 2750 Necreschenyk
1018 2681 1049 2728 et
1073 2668 1287 2730 Laurencium
1313 2669 1420 2754 Spacy

153 2792 216 2854 que
241 2771 301 2835 luit
324 2793 381 2856 per
405 2772 524 2854 juratos
548 2772 741 2854 dejudicata,
769 2793 832 2854 qua
857 2773 897 2835 de
922 2774 1123 2852 judicacione
1156 2775 1333 2857 juratorum
1358 2776 1419 2858 (in)

153 2899 281 2942 causam
300 2879 422 2942 attracti
448 2899 513 2940 non
531 2881 672 2941 contenti
694 2880 938 2962 appellaverunt
954 2881 994 2942 ad
1012 2882 1164 2960 seniores,
1182 2883 1257 2944 item
1276 2885 1420 2946 seniores

152 2987 274 3068 judices
298 2987 371 3049 loco
396 3001 548 3048 consueto
571 3006 631 3068 pro
654 2985 813 3048 tribunale
842 2987 1054 3066 considentes,
1079 2990 1321 3070 proposiciones
1346 3010 1419 3072 par·

152 3095 237 3156 cium
261 3094 439 3172 audientes,
464 3095 520 3175 qui
546 3094 633 3155 Elias
657 3107 865 3175 campanator
888 3093 977 3173 dixit,
1012 3095 1099 3176 quod
1125 3096 1179 3157 ille
1204 3117 1254 3158 res
1278 3117 1334 3158 sue
1358 3097 1419 3158 sci·

152 3201 228 3263 licet
259 3219 394 3262 naranse
425 3220 481 3282 per
514 3200 600 3282 ipsos
627 3199 686 3280 (in)
718 3219 846 3261 causam
878 3214 1027 3263 attractos
1058 3201 1136 3263 dum
1169 3203 1229 3284 ipsi
1261 3203 1293 3264 in
1317 3203 1419 3264 curris

152 3308 351 3370 ducebantur
375 3325 433 3388 per
456 3305 692 3386 negligenciam
726 3306 869 3386 ipsorum
901 3304 1029 3368 luerunt
1054 3308 1086 3368 in
1112 3328 1229 3389 aquam
1255 3307 1418 3369 madidate

153 3427 185 3476 et
208 3433 264 3496 per
288 3412 376 3474 illam
408 3411 666 3473 madidacionem
699 3426 773 3474 sunt
804 3413 879 3494 pile,
907 3413 1048 3474 seniores
1075 3413 1196 3494 judices
1220 3415 1264 3476 sic
1290 3413 1416 3492 dejudi-

151 3533 320 3599 caverunt,
352 3519 483 3602 quando
515 3519 576 3602 ipsi
608 3519 819 3581 conductores
860 3520 927 3601 ipsa
960 3520 1030 3581 Elie
1071 3521 1204 3602 predicti
1235 3521 1275 3581 ad
1307 3521 1415 3582 locum

151 3640 359 3710 portaverunt
375 3626 431 3688 ubi
456 3626 524 3708 ipse
542 3626 629 3687 Elias
653 3625 814 3708 deponere
839 3624 950 3687 habuit
966 3647 1016 3687 res
1033 3644 1117 3705 suas,
1141 3642 1216 3687 tunc
1242 3627 1309 3709 ipse
1327 3626 1416 3688 Elias

150 3733 176 3794 si
200 3733 280 3794 vidit
311 3732 490 3814 dampnum
522 3732 655 3813 aliquod
680 3752 747 3794 esse
780 3733 811 3792 in
849 3734 943 3794 rebus
974 3746 1049 3793 tunc
1082 3732 1244 3794 debuisset
1268 3753 1285 3794 a
1310 3732 1416 3813 judice

151 3853 260 3922 petere
277 3852 331 3900 aut
355 3839 474 3920 juratos
490 3838 631 3920 recipere
648 3852 679 3900 et
697 3837 769 3898 illos
786 3838 817 3898 in
843 3838 1040 3919 presenciam
1058 3838 1291 3899 conductorum
1318 3837 1416 3899 advo-

152 3965 223 4007 care
248 3959 278 4006 et
303 3944 384 4006 illud
409 3944 586 4026 dampnum
611 3944 688 4026 ipsis
711 3944 914 4026 (ostendere),
939 3945 963 4005 si
994 3946 1038 4005 sic
1062 3943 1198 4021 fecisset,
1223 3959 1298 4005 tunc
1322 3944 1417 4025 quid·

153 4051 232 4134 quid
249 4051 380 4133 dampni
403 4052 596 4133 percepisset
613 4052 645 4112 in
662 4052 757 4113 rebus
773 4051 837 4112 suis
855 4052 913 4132 ipsi
928 4052 1140 4112 conductores
1164 4051 1298 4113 luissent
1311 4051 1418 4114 eidem

153 4158 186 4220 in
212 4158 355 4241 dampno
373 4157 518 4237 obligati,
543 4171 574 4218 et
590 4157 665 4239 quia
684 4157 726 4218 ita
743 4176 808 4217 non
834 4156 908 4219 fecit
925 4177 1001 4238 ergo
1026 4158 1121 4218 debet
1137 4157 1313 4239 dampnum
1330 4157 1420 4219 solus

150 4264 288 4342 suferre;
321 4264 407 4326 idem
433 4264 520 4326 Elias
551 4283 616 4326 non
649 4277 817 4326 contentus
852 4263 892 4324 ad
924 4264 1112 4343 magistrum
1145 4264 1417 4326 thawernicorum

151 4371 337 4454 appellavit.
