3142 5356
464 1270 594 1372 (Auno
621 1269 777 1358 Domini
804 1267 1144 1370 nocentum.)

165 1606 273 1700 Nota,
303 1608 400 1708 quod
438 1631 532 1682 anno
571 1605 715 1681 Domini
754 1607 942 1682 millesimo
975 1607 1234 1682 tercentesimo
1271 1631 1433 1707 nonage-

169 1734 258 1808 aimo
279 1733 415 1832 primo,
444 1740 610 1830 ternpore
643 1729 825 1828 judicatus
863 1730 995 1805 domini
1020 1729 1186 1831 Johannis
1224 1729 1283 1806 filii
1322 1731 1433 1823 Pauli,

380 1856 486 1931 litere
514 1878 624 1955 super
652 1855 910 1954 possessiones
940 1853 1220 1930 subscribuntur.

271 2067 351 2128 Item
376 2065 531 2127 Nicolous
554 2064 691 2126 condam
717 2064 812 2144 judex
837 2063 999 2146 Dolasych
1024 2063 1128 2126 dictus
1152 2064 1230 2125 emit
1254 2083 1272 2124 a
1297 2062 1428 2145 Gurgek

159 2170 279 2250 iurato,
307 2187 453 2254 ternpore
478 2171 636 2251 judicatus
660 2170 736 2232 dicti
762 2169 917 2231 Johannis
937 2189 1034 2231 unarn
1060 2186 1174 2231 terram
1197 2189 1296 2252 penes
1319 2169 1429 2253 Zyged

157 2278 243 2341 duas
268 2278 371 2339 dietas
394 2278 427 2338 in
451 2297 484 2338 se
509 2277 740 2339 continentem.

271 2385 350 2446 ltem
374 2384 464 2465 quod
489 2385 566 2465 quia
591 2383 710 2444 Paulus
742 2382 832 2445 faber
864 2383 896 2444 id
921 2382 1154 2464 comprobavit,
1186 2382 1433 2465 quodquidam

152 2488 284 2555 fundus
309 2492 340 2552 in
365 2492 437 2553 vico
457 2491 715 2552 Teutonicorum
740 2490 878 2567 habitus,
900 2510 976 2551 suus
993 2503 1084 2566 esset,
1110 2489 1183 2550 ideo
1207 2489 1274 2571 ipse
1291 2490 1431 2551 eundern

146 2595 301 2661 fundum
328 2598 413 2659 Luce
438 2597 565 2658 medico
601 2611 632 2658 et
652 2597 775 2678 Drupsa
801 2596 942 2658 consorti
959 2616 1015 2658 aue
1037 2610 1068 2657 et
1091 2594 1263 2657 heredibus
1288 2596 1431 2678 ipsorum

147 2704 320 2781 vendidit,
344 2717 489 2785 ternpore
513 2702 672 2783 judicatus
696 2702 772 2764 dicti
799 2701 965 2765 lobannis.

271 2811 350 2872 ltem
376 2810 487 2871 Petrus
511 2809 666 2871 Scornich
691 2822 722 2870 et
745 2809 877 2870 domina
899 2807 1101 2890 Margaretha
1126 2828 1257 2870 consors
1280 2829 1336 2870 sua
1354 2811 1432 2872 emit

147 2934 260 2979 unam
286 2917 413 2978 vineam
439 2916 471 2977 in
501 2915 662 2977 territorio
696 2928 805 2976 nostro
838 2936 855 2976 a
889 2915 997 2976 Blasio
1023 2913 1089 2976 lilio
1121 2915 1232 2976 Jacobi
1257 2914 1432 2995 Zuechiclt,

152 3037 312 3103 tempore
339 3020 498 3101 judicatus
523 3020 678 3082 Johannis
703 3021 849 3102 predicti.

270 3127 348 3189 ltem
371 3127 460 3209 quod
493 3128 569 3208 quia
602 3126 788 3210 Gy(u)ngya
821 3147 879 3209 pro
912 3141 987 3188 tunc
1020 3140 1128 3187 nostra
1161 3127 1305 3188 concivis
1337 3127 1432 3190 luech

152 3235 251 3297 fratri
276 3254 335 3295 suo
360 3248 469 3296 nostro
494 3234 618 3294 concivi
645 3254 741 3295 unam
769 3235 894 3295 vineam
920 3232 1050 3315 legavit,
1076 3232 1150 3294 ideo
1176 3233 1278 3314 ipsam
1303 3234 1431 3295 vineam

154 3341 193 3402 in
228 3340 389 3402 territorio
422 3339 564 3401 habitam
598 3339 704 3401 eidem
737 3341 971 3421 relinquimus,
1002 3354 1148 3422 tempore
1172 3339 1331 3420 judicatus
1355 3341 1430 3402 dicti

162 3446 331 3508 lobannis.

271 3551 347 3613 ltem
381 3552 457 3613 luan
490 3549 575 3613 filius
608 3551 697 3611 Mark
733 3551 809 3611 emit
842 3569 942 3611 unum
975 3549 1113 3612 fundum
1146 3571 1163 3612 a
1197 3551 1373 3613 Benedicto
1402 3566 1433 3615 et

166 3659 260 3719 Petro
294 3656 368 3720 filiis
400 3659 527 3738 Legini,
561 3659 700 3719 mediam
734 3659 874 3735 curiam,
906 3671 1053 3739 tempore
1084 3657 1242 3739 judicatus
1278 3659 1433 3749 lohannis

167 3765 313 3847 predicti.

273 3871 350 3933 ltem
376 3871 491 3932 Kusilo
508 3870 592 3932 filius
617 3872 760 3933 Kosmou
779 3871 950 3932 cambiavit
974 3891 1073 3931 unum
1092 3891 1186 3932 suum
1204 3870 1339 3934 fundum
1357 3893 1429 3933 cum

168 3978 310 4063 Symone
323 3977 488 4039 sacerdote
502 3979 541 4040 de
554 3979 738 4059 Kranesyna
750 3978 835 4059 pola,
848 3992 992 4059 tempore
1007 3977 1165 4055 judicatus
1175 3979 1250 4039 dicti
1266 3979 1429 4041 lobannis.

272 4084 349 4146 ltem
375 4085 472 4146 Jalcus
497 4083 580 4145 filius
606 4085 687 4145 Petri
721 4085 797 4145 emit
823 4085 1027 4145 medietatem
1060 4084 1170 4164 (hlorti
1195 4100 1280 4146 extra
1305 4086 1430 4148 Novam

167 4204 293 4271 portam
317 4209 335 4251 a
359 4191 453 4251 Petro
487 4188 554 4250 tilio
589 4189 730 4271 Mathey,
755 4206 785 4250 et
817 4190 952 4271 singulis
977 4191 1068 4251 annis
1099 4192 1174 4251 dare
1199 4191 1294 4252 debet
1317 4192 1430 4273 viginti

166 4295 310 4377 quinque
343 4296 493 4358 denarios
524 4316 582 4379 pro
615 4310 761 4378 tempore
794 4311 967 4373 currentes,
999 4311 1143 4379 tempore
1167 4297 1325 4379 judicatus
1355 4299 1430 4359 dicti

166 4401 332 4463 lobannis.

271 4508 349 4570 ltem
375 4509 487 4570 Petrus
518 4507 604 4570 filius
627 4509 782 4570 lobannis
812 4525 913 4571 sartor
946 4511 1023 4572 emit
1055 4509 1216 4591 quandam
1242 4511 1429 4592 particulam

166 4614 258 4677 vinee
290 4635 307 4675 a
341 4615 479 4676 Nicolao
516 4614 611 4696 lglice
648 4630 677 4675 et
720 4615 921 4696 Margaretha
953 4636 1009 4677 sua
1040 4616 1176 4697 conjuge
1209 4617 1238 4676 in
1269 4616 1430 4682 vicinitate

166 4720 293 4805 lophan
318 4719 412 4803 jurati
438 4736 467 4783 et
493 4720 654 4805 Gregorii,
679 4721 754 4784 dicti
780 4721 935 4785 lobannis
959 4738 1103 4807 tempore
1127 4723 1294 4806 judicatus.
