3142 5356
152 335 212 414 164
675 335 760 392 Anno
783 329 877 412 1428.

147 563 329 609 nostrorum
368 548 550 608 concivium
576 547 728 626 habitam,
759 567 856 609 unam
886 561 1031 629 quartam
1057 547 1088 608 in
1121 567 1155 608 se
1179 549 1413 625 continentem,

148 653 267 715 Mathia
291 653 390 714 sutori
416 651 484 714 lilio
504 654 680 715 Laczlronis
705 653 767 734 jam
789 668 898 715 nostro
916 653 1051 731 concivi,
1075 672 1135 734 pro
1153 653 1265 716 decem
1293 669 1324 715 et
1341 669 1413 716 octo

151 760 265 822 marcis
288 759 494 821 denariorum
519 774 550 821 et
574 760 785 842 quadraginta
803 759 943 820 denariis
968 758 1113 821 vendidit
1129 773 1289 842 perpetuo
1314 760 1412 842 possi·

147 866 298 929 dendam.
820 872 823 878 '

253 971 331 1033 ltem
356 972 457 1033 Elena
487 973 603 1034 mulier
635 973 797 1054 quandam
832 973 966 1034 domurn
992 992 1082 1033 suam
1114 973 1243 1034 civilem
1277 974 1310 1034 in
1343 975 1413 1035 vico

147 1079 246 1160 ipsius
276 1078 412 1140 civitatis
443 1080 591 1140 exteriori
624 1099 725 1162 prope
757 1080 924 1141 ecclesiam
961 1080 1060 1141 sancti
1094 1080 1236 1158 Martini,
1268 1081 1352 1142 inter
1384 1095 1413 1142 et

147 1204 244 1266 penes
268 1183 383 1246 domos
407 1198 438 1246 et
461 1182 579 1246 lundos
608 1185 783 1247 liberorum
816 1185 953 1246 condam
979 1184 1158 1247 Clementis
1182 1184 1265 1247 labri
1291 1201 1323 1248 et
1346 1187 1412 1268 ple·

147 1291 240 1352 banie
265 1291 406 1372 predicte
429 1291 560 1352 ecclesie
585 1292 683 1353 sancti
710 1292 837 1356 Martini
855 1292 1008 1369 habitam,
1034 1311 1130 1352 unam
1148 1306 1297 1372 quartam
1322 1293 1409 1354 curie

148 1398 178 1458 in
197 1417 229 1458 se
247 1397 478 1474 continentem,
503 1417 576 1457 curn
595 1398 659 1458 suis
677 1398 881 1480 pertinenciis
906 1413 936 1458 et
957 1398 1148 1459 condicione
1173 1399 1409 1479 quinquaginta

147 1503 353 1564 denariorum
378 1517 409 1564 et
425 1523 490 1564 uno
515 1523 596 1584 pane
621 1524 657 1565 ac
681 1524 746 1564 uno
764 1524 898 1585 capone,
922 1504 947 1564 si
977 1504 1128 1565 invitatus
1153 1523 1209 1586 per
1233 1504 1407 1586 plebanum

149 1629 212 1670 non
237 1606 342 1684 luerit,
366 1610 390 1669 si
416 1622 522 1671 autem
548 1609 699 1670 invitatus
731 1609 835 1686 luerit,
860 1608 942 1670 duos
975 1629 1114 1690 capones
1138 1610 1214 1671 dare
1239 1611 1411 1687 tenebitur,

148 1715 299 1796 Georgia
315 1713 405 1777 labro
422 1715 489 1776 filio
507 1715 635 1777 Andree
659 1735 717 1797 pro
742 1716 885 1796 quinque
904 1715 973 1776 flor.
995 1716 1063 1776 auri
1083 1715 1230 1778 vendidit
1255 1732 1410 1799 perpetuo

148 1822 387 1903 possidendam.

253 1926 330 1988 ltem
358 1927 496 1988 decanus
521 1926 664 1988 Francha
687 1928 849 2008 quandam
875 1927 1009 1988 domum
1038 1947 1128 1988 suam
1154 1942 1314 1990 muratam
1339 1948 1407 1990 cum

149 2033 250 2095 fundo
287 2048 317 2095 et
346 2033 502 2094 hedificiis
535 2034 565 2094 in
599 2033 743 2110 civitate,
776 2034 857 2094 inter
889 2034 1004 2094 domos
1029 2047 1060 2095 et
1091 2032 1210 2094 fundos
1234 2035 1407 2096 liberorum

149 2141 286 2202 condam
312 2139 431 2202 Mathie
457 2140 610 2200 institoris
634 2141 673 2200 ab
698 2159 772 2216 una,
798 2154 883 2220 parte
909 2142 948 2200 ab
965 2140 1064 2201 altera
1090 2160 1166 2201 vero
1191 2141 1406 2203 bartholomei

151 2261 181 2307 et
205 2247 344 2323 hadrec,
377 2261 559 2306 nostrorum
592 2246 786 2322 concivium,
818 2245 970 2323 habitam,
995 2245 1080 2325 juxta
1113 2265 1243 2308 murum
1276 2248 1408 2308 civitatis

149 2352 348 2428 existentem,
373 2351 512 2412 mediam
544 2352 665 2412 curiam
699 2352 738 2411 ad
771 2370 862 2412 usum
888 2352 1025 2414 civitatis
1048 2352 1080 2413 in
1113 2372 1146 2413 se
1179 2355 1406 2427 continentem,

149 2477 221 2518 cum
257 2458 322 2517 suis
353 2457 558 2536 pertinenciis
590 2457 727 2538 provido
759 2458 828 2518 viro
863 2456 1006 2538 Georgio
1039 2457 1188 2539 lapicida,
1214 2459 1277 2538 jam
1304 2475 1406 2521 nostro

149 2564 284 2640 concivi,
309 2583 367 2643 pro
391 2563 529 2643 quadam
556 2564 648 2623 vinea
673 2584 728 2624 sua
762 2564 793 2624 in
819 2564 979 2625 territorio
1011 2564 1137 2625 claustri
1164 2567 1256 2627 beate
1282 2565 1406 2648 virginis

150 2670 181 2730 in
208 2670 431 2750 promontorio
456 2670 652 2749 zagrabiensi
679 2684 709 2730 et
727 2690 784 2751 pro
805 2670 1025 2731 additamento
1042 2671 1138 2731 trium
1164 2670 1234 2733 flor.
1259 2672 1341 2749 auri,
1357 2690 1406 2752 per

151 2777 253 2858 ipsum
281 2775 458 2857 Georgium
486 2777 543 2857 ipsi
570 2777 692 2837 decano
718 2777 861 2838 Francha
893 2777 980 2854 dat0,
1005 2796 1060 2857 per
1092 2777 1226 2838 modum
1252 2793 1405 2860 permuta·

153 2884 254 2945 cionis
278 2882 368 2943 dedit
392 2897 423 2943 et
447 2883 583 2943 contulit
607 2896 762 2964 perpetuo
787 2882 1026 2964 possidendam.

256 2989 333 3050 ltem
358 2989 433 3069 quia
451 2988 604 3068 providus
628 2989 675 3049 vir
693 2988 838 3049 Thomas
863 2987 1014 3049 Ochwirk
1042 2986 1127 3048 lilius
1145 2988 1273 3049 Miltech
1291 2989 1323 3049 id
1340 3006 1406 3049 cum

151 3095 320 3157 sullicienti
346 3095 530 3155 testimonio
562 3096 784 3176 comprobavit
816 3096 847 3156 in
873 3095 947 3155 sede
981 3094 1157 3173 judiciaria,
1182 3109 1216 3155 ut
1240 3095 1319 3156 dum
1344 3096 1405 3175 ipse

151 3202 323 3284 aprovida
357 3202 490 3261 muliere
524 3200 724 3281 Margaretha
757 3201 864 3261 relicta
895 3201 1032 3261 condam
1065 3201 1230 3262 Benedicti
1264 3201 1305 3262 de
1338 3200 1408 3262 villa

150 3307 370 3383 Nowakouch,
392 3307 577 3367 habitatrice
602 3307 748 3383 civitatis,
773 3307 836 3368 vita
861 3308 921 3367 sibi
946 3307 1062 3368 comite
1087 3306 1249 3387 quandam
1277 3306 1407 3368 domum

149 3416 180 3475 in
206 3415 276 3476 vico
301 3429 445 3474 sutorum
472 3414 552 3473 inter
576 3413 692 3473 domos
721 3413 868 3495 Dyonisii
900 3413 1017 3474 sutoris
1041 3426 1072 3475 et
1094 3414 1228 3494 Agnetis
1251 3433 1309 3474 sue
1334 3433 1407 3475 con·

148 3521 253 3595 sortis,
278 3521 318 3581 ab
336 3539 409 3594 una,
434 3533 520 3600 parte
546 3521 585 3579 ab
602 3519 699 3579 altera
718 3538 794 3579 vero
821 3519 949 3580 Thome
973 3518 1125 3580 Ochwirk
1143 3518 1298 3597 habitam,
1316 3538 1409 3580 unam

150 3642 295 3708 quartam
321 3626 407 3686 curie
433 3626 463 3685 in
482 3645 514 3685 se
539 3625 770 3701 continentem,
787 3645 845 3706 pro
863 3625 974 3704 viginti
993 3621 1131 3706 quatuor
1147 3623 1217 3687 flor.
1239 3626 1307 3686 auri
1326 3644 1410 3687 com·

150 3746 300 3815 parasset,
324 3732 495 3812 literaeque
520 3751 578 3812 pro
603 3731 650 3790 sui
684 3744 771 3810 parte
796 3746 871 3791 tunc
904 3729 1065 3791 confectas
1088 3744 1119 3790 et
1142 3744 1308 3792 emanatas
1335 3731 1410 3792 ami·

151 3841 244 3900 sissas
269 3837 335 3900 lore
360 3838 552 3914 declarabat,
586 3837 659 3897 ideo
692 3856 751 3896 nos
783 3836 918 3897 eandem
943 3836 1077 3897 domum
1110 3855 1147 3896 ex
1171 3836 1219 3896 sui
1251 3837 1410 3918 peticione

150 3947 209 4008 sibi
235 3945 403 4007 statuimus
427 3958 583 4025 perpetuo
608 3943 853 4024 possidendam;
878 3963 975 4025 quam
1000 3942 1130 4003 tandem
1155 3942 1242 4003 idem
1268 3943 1412 4006 Thomas

152 4052 304 4115 Ochwirk
328 4051 427 4111 sutori
454 4050 547 4110 Petro
572 4049 638 4110 filio
664 4049 811 4130 Dyonisii
845 4069 903 4130 pro
928 4049 1039 4111 decem
1065 4062 1096 4110 et
1119 4062 1193 4110 octo
1218 4051 1335 4112 marcis
1359 4050 1410 4112 de-

152 4160 315 4221 nariorum
340 4156 486 4217 vendidit
509 4170 664 4237 perpetuo
690 4155 929 4237 possidendam.

257 4266 333 4326 ltem
353 4263 514 4344 Georgius
537 4261 622 4323 lilius
639 4261 779 4338 Thome,
805 4262 946 4322 concivis
963 4276 1080 4338 noster,
1097 4260 1262 4342 quoddam
1289 4262 1396 4323 molen

149 4373 261 4433 diuum
286 4391 379 4431 suum
406 4370 437 4430 in
455 4369 616 4430 territorio
641 4368 720 4429 etin
745 4367 843 4428 fluvio
861 4368 996 4429 civitatis
1020 4367 1202 4445 decurrens,
1226 4368 1323 4428 simul
1340 4387 1415 4430 cum

148 4494 229 4540 terra
254 4478 367 4539 arabili
396 4491 426 4537 et
459 4474 547 4536 lenili
582 4495 738 4535 accensu
771 4494 891 4551 annun,
916 4474 1074 4555 metisque
1108 4472 1189 4534 infra
1213 4475 1418 4555 expressatis,

151 4606 208 4647 nec
234 4605 299 4645 non
324 4597 355 4645 et
379 4583 450 4644 aliis
474 4582 540 4642 suis
568 4581 758 4641 utilitatibus
790 4594 820 4640 et
845 4579 1051 4660 pertinenciis
1083 4579 1250 4657 universis,
1276 4579 1420 4660 provido

150 4692 218 4752 viro
244 4691 381 4752 lohanni
413 4689 499 4750 dicto
525 4687 654 4763 Pehem‚
686 4686 809 4767 pridem
844 4685 940 4764 iudici
973 4685 1164 4765 conciviquc
1198 4697 1319 4763 nostro,
1345 4683 1420 4745 lilio

149 4797 303 4858 lohannis
328 4813 358 4858 et
383 4817 438 4875 per
462 4814 536 4856 eum
573 4793 639 4854 suis
664 4793 835 4864 heredibus
867 4811 925 4873 pro
951 4792 1064 4871 viginti
1097 4811 1150 4852 sex
1176 4791 1292 4852 marcis
1315 4792 1413 4850 dena·
