3142 5356
591 465 791 538 Anno1502.
816 497 857 506 —
882 477 930 524 21.
947 465 1041 539 junii.
1396 484 1454 545 139

187 571 510 578 ——-.-—-—-
518 572 588 577 -—.-
1174 574 1181 578 .
1200 573 1454 579 ..----—.—-—

195 677 323 738 niorum
349 675 480 737 adversa
505 696 578 758 pars
603 696 667 738 non
693 690 842 738 contenta
860 677 1035 759 appellavit
1059 677 1098 738 ad
1123 677 1373 739 illustrissimum
1398 677 1455 739 do'·

191 784 315 845 minum
340 783 466 846 ducem.

340 1019 436 1093 Faria
467 1026 573 1095 tercia
604 1019 756 1110 proxima
786 1031 864 1092 ante
901 1022 1022 1093 festum
1051 1022 1147 1093 beate
1175 1020 1302 1111 Sophia.

715 1179 780 1249 (10.
813 1175 914 1244 trrar'i).

295 1317 401 1379 Causa
426 1318 508 1379 inter
533 1316 721 1397 magistrum
750 1317 934 1378 Emericum
961 1318 1133 1396 literatum,
1155 1338 1194 1380 eo
1218 1331 1294 1380 tunc
1319 1338 1455 1400 persona

191 1426 315 1506 judicis,
341 1439 371 1487 et
384 1425 533 1488 Vrsulam
559 1443 691 1486 uxorem
716 1423 866 1505 lutifiguli
893 1445 929 1484 ex
955 1439 1043 1506 parte
1061 1424 1227 1507 vituperiis
1251 1423 1372 1507 prefate
1396 1425 1455 1486 Vr-

190 1533 255 1594 sule
280 1534 313 1594 in
338 1532 479 1594 eundem
505 1531 689 1593 Emericum
712 1531 873 1593 literatum
892 1530 1035 1612 obiectis,
1061 1532 1186 1593 domini
1211 1531 1304 1613 iurati
1329 1531 1454 1610 adjudi-

192 1653 311 1717 carunt,
337 1640 425 1720 quod
451 1637 572 1720 prefata
600 1638 714 1700 Vrsula
740 1636 799 1699 fuit
832 1657 978 1719 percussa
1003 1638 1035 1698 in
1064 1638 1164 1700 domo
1192 1639 1335 1719 magistri
1360 1640 1454 1700 Eme·

192 1746 244 1807 rici
269 1765 327 1826 per
352 1745 504 1822 eundem,
536 1745 602 1826 ipsa
633 1764 697 1805 non
720 1745 825 1825 potuit
855 1744 1077 1806 testimonium
1110 1745 1288 1826 producere
1310 1745 1371 1806 nisi
1396 1765 1455 1828 pro

192 1853 413 1932 percussione,
446 1851 519 1913 idco
552 1848 692 1933 prefatus
724 1851 889 1912 Emericus
921 1851 1064 1912 literatus
1096 1851 1201 1912 eidem
1237 1872 1295 1933 pro
1328 1872 1453 1934 percus-

191 1959 276 2020 sione
303 1958 398 2019 debet
422 1957 546 2019 solvere
572 1957 682 2019 decem
705 1977 836 2038 pensas;
861 1957 949 2038 quod
974 1973 1081 2018 autem
1099 1956 1219 2038 prelata
1245 1958 1359 2019 Vrsula
1377 1978 1454 2019 eun-

192 2064 262 2126 dern
296 2064 479 2126 Emericum
513 2065 674 2126 literatum
699 2083 757 2145 pro
788 2076 863 2124 tunc
892 2062 1032 2139 judicem
1055 2063 1306 2145 (vituperasset),
1341 2078 1455 2126 extunc

192 2170 273 2232 idem
298 2170 414 2231 Vrsula
439 2169 559 2252 prelata
584 2171 742 2251 vituperia
779 2169 894 2231 debeat
928 2189 1077 2231 revocare
1109 2170 1210 2231 tribus
1235 2171 1358 2232 vicibus
1390 2172 1454 2234 alta

192 2296 266 2339 voce
291 2276 463 2338 clamando
488 2276 573 2357 juxta
607 2275 874 2337 consuetudinem
907 2275 1052 2354 civitatis,
1084 2278 1257 2358 superinde
1283 2279 1314 2338 in
1340 2279 1453 2340 eculeo

192 2383 336 2463 (sedere),
360 2384 386 2444 si
418 2399 525 2444 autem
551 2382 611 2443 hoc
643 2382 804 2463 nequierit
839 2380 953 2459 lacere,
978 2397 1093 2444 extunc
1126 2383 1236 2464 lingua
1260 2384 1359 2466 ipsius
1392 2403 1456 2466 qua

193 2490 351 2552 mediante
377 2489 451 2552 lecit
474 2489 632 2571 vituperia
657 2488 753 2550 debet
777 2488 933 2552 excidere.

294 2596 419 2658 Eodem
445 2595 496 2657 die
522 2616 615 2657 causa
648 2596 730 2657 inter
754 2595 962 2657 Valentinum
988 2595 1171 2658 carnificem
1204 2611 1235 2658 et
1260 2596 1454 2678 Gregorium

193 2701 328 2765 Chulich
354 2724 392 2765 ex
416 2719 504 2786 parte
530 2703 770 2764 vulneracionis
787 2702 900 2784 prelati
918 2703 1080 2764 Valentini
1106 2718 1178 2764 ante
1196 2705 1329 2765 domum
1357 2704 1455 2786 ipsius

194 2807 350 2891 Gregorii,
383 2810 477 2890 jurati
512 2809 787 2890 adjudicaverunt,
820 2809 907 2890 quod
941 2809 1008 2890 ipse
1033 2829 1097 2870 uon
1131 2809 1205 2871 lecit·
1229 2831 1286 2871 nec
1312 2826 1357 2871 est
1382 2830 1454 2870 cum

192 2917 268 2978 scitu
293 2917 404 2998 ipsius,
429 2917 489 2977 nisi
515 2916 630 2978 debeat
653 2915 757 2997 jurare
790 2915 829 2976 ad
855 2913 968 2976 leriam
1000 2931 1120 2978 sextam
1145 2917 1240 2978 aliam
1267 2917 1455 2994 affuturam3

192 3022 216 3082 si
240 3022 402 3101 juraverit,
425 3037 502 3085 tunc
526 3023 608 3084 liber
632 3023 703 3099 erit,
735 3022 789 3082 sed
816 3022 882 3103 ipse
908 3022 1098 3084 Valentinus
1131 3023 1225 3084 debet
1250 3043 1383 3104 querere
1407 3024 1455 3084 in·

193 3147 305 3190 noxem
332 3132 408 3206 (sic),
434 3129 520 3190 idem
545 3144 653 3190 autem
679 3128 868 3189 Valentinus
897 3127 1036 3190 carnifex
1062 3149 1126 3190 non
1152 3143 1321 3191 contentus
1343 3129 1383 3192 de
1407 3129 1454 3210 ju·

193 3234 275 3296 dicio
299 3235 477 3317 juratorum
503 3236 677 3317 appellavit
706 3235 745 3296 ad
770 3236 923 3299 seniores.

447 3471 541 3544 Feria
571 3484 667 3544 sexta
697 3482 775 3545 ante
803 3474 927 3545 lestutn
955 3475 1203 3549 Penthecostes.

728 3624 792 3705 (13.
816 3627 914 3705 matt).

295 3765 401 3829 Causa
426 3766 509 3828 inter
535 3765 712 3848 Georgium
746 3767 906 3829 literatum
940 3782 971 3830 et
996 3768 1131 3830 Paulum
1156 3767 1293 3829 Pechich
1326 3769 1454 3830 racione

192 3872 452 3955 vituperacionis,
477 3872 531 3933 ubi
549 3871 690 3954 prelatus
716 3873 834 3934 Paulus
852 3874 992 3936 eundem
1016 3873 1119 3936 filium
1145 3875 1321 3936 meretricis
1345 3874 1453 3956 appel-

190 3979 275 4058 lavit,
301 3993 396 4061 prout
421 3999 477 4060 per
501 3993 596 4041 testes
620 3981 821 4061 approbavit,
853 3980 946 4061 jurati
972 3981 1248 4059 adjudicaverunt,
1274 3982 1362 4063 quod
1387 3982 1453 4063 ipse

191 4084 325 4147 Pechich
358 4101 469 4146 contra
500 4086 639 4147 eundem
672 4086 837 4147 convictus
869 4101 915 4149 est
947 4088 1057 4148 decem
1090 4089 1197 4169 pensis
1229 4088 1454 4164 denariorum;

191 4189 328 4271 prelatus
352 4210 429 4253 vero
455 4192 590 4254 Pechich
615 4212 742 4253 causam
776 4193 949 4275 appellavit
973 4194 1012 4254 ad
1037 4195 1189 4256 seniores.

463 4427 560 4501 Ferit
590 4433 697 4502 tercia
726 4439 804 4502 ante
832 4430 996 4522 Johannis
1026 4432 1187 4521 Baptista.

727 4585 790 4666 (21.
807 4587 917 4664 junia).

296 4725 402 4788 Causa
419 4726 501 4787 inter
518 4727 698 4788 lohannem
717 4728 877 4789 literatum
895 4728 996 4790 lilium
1015 4727 1152 4790 condam
1172 4727 1338 4789 Michaelis
1356 4728 1453 4809 Segin

193 4846 223 4895 et
246 4832 368 4895 Lucam
392 4846 535 4894 sutorem
559 4835 687 4895 racione
712 4834 878 4896 cuiusdam
905 4834 1032 4911 domus,
1057 4855 1120 4916 que
1144 4835 1232 4916 prius
1257 4833 1317 4896 fuit
1340 4831 1453 4916 prelati

194 4937 357 5001 Michaelis
389 4953 421 5001 et
443 4939 574 5002 tandem
605 4939 740 5002 eandem
773 4941 907 5002 domum
939 4941 1128 5006 vendiderat
1159 4941 1304 5007 mediam
1331 4954 1463 5029 partem
