3142 5356
152 513 192 556 20
526 496 612 553 Anno
635 492 729 572 1483.
754 529 795 537 —-
819 510 870 571 24.
887 493 1041 570 junuarii.

151 706 398 788 eademquoque
422 708 521 767 domo
538 705 701 784 conlectis,
716 705 836 788 prelate
854 707 986 768 domine
1013 707 1215 788 Margarethe
1233 727 1289 789 per
1309 709 1423 768 omnia

149 811 406 893 adjudicavimus
431 827 461 874 et
492 811 754 873 confirmavimus
786 827 937 895 perpetue
971 813 1217 893 possidendam,
1249 814 1324 895 quia
1349 834 1422 896 pre·

148 919 252 979 dictus
277 918 364 979 Elias
389 919 509 980 Judeus
542 920 643 1000 ipsam
676 919 864 1000 porcionem
897 919 1012 980 domus
1049 939 1106 1001 per
1136 919 1273 980 condam
1300 919 1423 981 Kathe·

148 1025 251 1086 rinam
277 1025 431 1086 Kathicza
455 1025 573 1086 dictam
599 1024 703 1085 eidem
731 1024 801 1086 Elie
826 1024 930 1086 ludeo
960 1026 1214 1108 inpignoratam,
1239 1025 1422 1087 secundum

148 1133 252 1213 legem
280 1146 310 1191 et
334 1131 597 1192 consvetudinem
623 1131 759 1192 civitatis
791 1151 863 1192 cum
887 1132 1058 1214 completis
1098 1132 1251 1193 omnibus
1274 1133 1425 1194 terminis

147 1237 289 1318 juridicis
313 1239 417 1301 eidem
437 1238 573 1299 condam
592 1237 765 1299 Katherine
783 1238 823 1299 ad
837 1238 1061 1300 redimendum
1080 1237 1161 1298 datis
1178 1252 1208 1298 et
1231 1238 1418 1318 assignatis,

148 1365 206 1426 pro
231 1357 315 1406 certa
339 1365 464 1406 summa
489 1343 556 1405 flor.
583 1343 727 1405 vendidit
744 1344 828 1424 juxta
854 1344 1118 1406 consvetudinem
1137 1343 1281 1404 civitatis
1307 1345 1348 1405 ab
1366 1363 1423 1405 an-

148 1452 240 1533 tiquo
265 1452 469 1513 laudabiliter
486 1452 707 1527 observatam
722 1464 752 1512 et
769 1452 844 1532 quia
861 1450 1002 1534 prelatus
1019 1451 1166 1512 Thomas
1187 1465 1288 1511 sartor
1305 1471 1422 1532 procu·

150 1572 235 1618 rator
260 1558 460 1639 supradictus
486 1557 524 1617 de
550 1571 659 1618 nostro
684 1559 900 1639 suprascripto
918 1557 1037 1639 judicio
1063 1575 1127 1618 non
1153 1569 1328 1618 contentus
1345 1576 1422 1618 ean-

148 1664 221 1724 dem
246 1684 375 1724 causam
402 1683 473 1724 cum
499 1662 589 1724 totali
615 1683 673 1723 suo
706 1683 855 1744 processu
881 1665 911 1725 in
945 1663 1142 1745 presenciam
1177 1664 1325 1743 magistri
1351 1663 1422 1725 tha·

147 1771 361 1832 warnicorum
387 1769 572 1851 appellavit.

174 1986 268 2059 Feria
297 1998 394 2060 sexta
422 1989 574 2079 proxima
604 2000 681 2062 aute
716 1991 836 2062 festum
867 1989 1102 2062 Conversionis
1144 1995 1258 2062 sancti
1290 1992 1386 2063 Pauli

699 2116 854 2202 apostoli.

656 2265 723 2345 (24.
741 2270 908 2342 januarii).

254 2406 286 2466 ln
313 2425 406 2467 causa
433 2405 564 2486 Georgii
584 2407 682 2467 lerse
708 2407 795 2483 dicti,
814 2407 960 2468 moderni
979 2407 1072 2488 jurati
1091 2421 1121 2469 et
1139 2408 1280 2469 concivis
1297 2411 1409 2487 nostri,

149 2513 277 2574 racione
302 2513 469 2573 cuiusdam
494 2533 564 2574 cere
582 2534 637 2595 per
662 2515 765 2595 ipsum
784 2514 923 2591 vendite,
941 2514 1026 2594 juxta
1044 2514 1310 2594 adjudicatoriam
1328 2514 1413 2595 jura-

147 2634 253 2680 torum
279 2619 354 2680 t'eria
380 2635 466 2680 sexta
491 2621 635 2702 proxima
668 2637 738 2703 post
771 2620 886 2681 festum
920 2621 1101 2702 Epiphanie
1128 2621 1262 2681 Domini
1289 2620 1417 2699 adjudi-

148 2740 260 2804 catam,
284 2726 425 2807 preiatus
451 2729 549 2787 lwrse
574 2728 723 2809 deposuit
741 2727 958 2807 juramentum
985 2729 1016 2788 in
1037 2728 1172 2788 ecclesia
1199 2729 1297 2788 sancti
1319 2728 1417 2789 Marci

148 2833 179 2891 in
205 2853 256 2892 ara
281 2846 388 2893 sancte
421 2833 534 2893 Crucis
566 2832 643 2894 feria
675 2849 762 2894 sexta
796 2833 939 2914 proxima
974 2848 1044 2914 post
1078 2849 1206 2894 octavas
1232 2832 1412 2913 Epiphanie

149 2938 280 2998 Domini
305 2939 448 3018 proxime
475 2940 661 3018 preteritum
688 2953 859 3000 metsextus
884 2940 1033 3000 videlicet
1057 2960 1129 2999 cum
1156 2939 1321 2999 Anthonio
1340 2940 1412 3000 Zte·

149 3045 245 3120 zicza,
271 3045 406 3105 Nicolao
433 3045 556 3122 Halicz,
581 3046 747 3106 Anthonio
769 3045 941 3126 lutifigulo,
961 3046 1067 3105 Blasio
1093 3044 1253 3125 lutifigulo
1272 3058 1303 3105 et
1320 3046 1418 3107 Eme-

149 3151 216 3210 rico
234 3150 445 3231 Sydowchicz
463 3153 585 3212 civibus
610 3153 745 3214 civitatis
762 3152 913 3233 predicte,
932 3172 1027 3231 super
1051 3171 1100 3227 eo,
1119 3152 1206 3231 quod
1232 3151 1299 3231 ipse
1317 3150 1418 3212 vatse

149 3257 226 3316 dum
253 3258 411 3318 vendebat
429 3259 601 3338 quamdam
620 3279 737 3337 ceram,
755 3273 830 3318 tunc
848 3278 912 3318 non
939 3258 1028 3319 dedit
1052 3259 1211 3318 minorem
1231 3277 1417 3319 mensuram

150 3383 186 3422 ex
214 3364 343 3423 malicia
367 3379 578 3445 preconcepta
604 3380 657 3426 aut
674 3365 815 3426 volendo
833 3366 980 3446 decipere
998 3377 1053 3424 aut
1076 3364 1218 3444 aliquam
1244 3360 1417 3426 falsitatem

149 3467 249 3530 lacere
276 3470 306 3529 in
333 3470 456 3548 eadem,
481 3471 535 3530 sed
561 3472 691 3532 dederat
710 3472 867 3531 minorem
888 3491 1070 3532 mensuram
1091 3491 1127 3531 ex
1160 3471 1324 3551 inproviso
1351 3491 1419 3532 non

148 3576 382 3636 considerando
408 3575 512 3635 luntas
537 3591 567 3636 et
601 3597 776 3656 mensuras,
808 3598 903 3658 quam
938 3591 1047 3658 postea
1080 3578 1110 3638 in
1137 3578 1233 3659 pleno
1258 3576 1411 3640 reddidit.

255 3681 331 3742 ltem
357 3681 413 3762 (in)
440 3702 533 3742 causa
562 3682 643 3742 inter
671 3684 842 3744 Nicolaum
868 3700 1008 3744 sutorem
1029 3685 1209 3767 Mykulicza
1237 3683 1357 3743 dictum
1388 3699 1422 3745 et

148 3787 324 3866 Georgium
343 3802 483 3849 sutorem
505 3788 544 3848 ad
567 3789 669 3869 legem
700 3790 834 3849 civitatis
864 3803 1033 3870 prorogata
1064 3789 1169 3849 hodie
1188 3803 1233 3849 est
1257 3788 1422 3851 secundus

147 3895 311 3954 terminus.

254 4000 329 4060 ltem
355 4000 386 4059 in
412 4020 504 4061 causa
538 4001 619 4061 inter
653 4000 851 4063 Demetrium
885 4003 1076 4063 modernum
1110 4001 1247 4081 juratum
1274 4016 1304 4062 et
1338 4022 1420 4064 con-

147 4105 249 4166 civem
274 4122 418 4166 nostrum
444 4121 475 4167 et
499 4108 580 4167 inter
605 4108 801 4169 Dorotheum
834 4109 976 4169 relictam
1002 4108 1139 4168 condam
1172 4109 1297 4169 Nicolai
1325 4107 1422 4190 labri,

147 4211 214 4291 ipsa
239 4210 336 4272 hodie
362 4213 499 4274 debebat
523 4214 718 4293 respondere
744 4229 773 4274 et
799 4235 863 4274 non
888 4214 1079 4295 comparuit.

254 4317 329 4378 ltem
356 4338 448 4379 causa
472 4319 553 4381 inter
579 4320 748 4380 Nicolaum
776 4320 929 4380 llorvvatli
953 4335 982 4381 et
1000 4321 1179 4381 iohannem
1207 4321 1415 4386 Soldinaricz

147 4423 274 4484 racione
299 4426 511 4505 quarumdam
538 4441 694 4486 metarum
720 4427 906 4503 vinealium,
937 4429 1002 4508 ipsa
1036 4448 1129 4488 causa
1154 4426 1214 4487 luit
1239 4443 1415 4509 prorogata

146 4530 186 4591 ad
211 4530 364 4610 judicium
391 4534 608 4595 consistoriale
635 4553 689 4614 per
721 4533 840 4613 juratos
864 4549 894 4596 et
919 4534 1015 4594 hodie
1048 4536 1242 4616 respondere
1268 4536 1412 4600 debebat

147 4651 177 4698 et
202 4657 266 4698 non
291 4640 480 4720 comparuit.

253 4745 329 4805 ltem
355 4745 386 4806 in
412 4767 505 4807 causa
530 4747 611 4806 inter
635 4747 833 4828 Stephanum
864 4763 1003 4809 sutorem
1040 4763 1070 4810 et
1094 4749 1263 4810 Nicolaum
1291 4749 1413 4830 Sporar

147 4851 274 4911 racione
300 4854 513 4933 percussionis
530 4854 611 4914 inter
629 4855 758 4914 eosdem
785 4855 876 4933 lacte,
904 4857 969 4936 ipsa
996 4876 1088 4915 causa
1107 4855 1166 4916 luit
1190 4856 1349 4938 appellata
1367 4858 1408 4917 ad

147 4957 302 5040 judicium
317 4961 550 5040 consistoriale,
563 4962 658 5022 bodie
677 4977 722 5022 est
735 4964 858 5044 primus
875 4963 1031 5023 terminus
1045 4976 1075 5023 et
1092 4965 1231 5045 primum
1247 4963 1403 5043 judicium
