3156 5364
545 95 631 154 Anno
655 107 739 170 1511.
764 130 808 141 —
830 109 882 172 29.
907 98 1035 172 augusti.
1366 115 1427 179 203

164 323 254 366 causa
280 305 409 366 cuidam
443 305 609 386 jobagioni
643 321 752 368 nostro
786 307 966 390 Mykwlech
992 308 1078 368 dicto
1111 308 1150 368 de
1175 307 1323 371 Grachan
1349 324 1428 371 met·

163 427 249 472 sexto
275 413 307 473 in
333 433 385 474 ara
410 428 517 475 sancte
542 413 655 475 Crucis
679 413 896 494 juramentum
926 415 1088 496 deponere
1121 415 1262 492 deberet,
1296 416 1427 478 adveni·

164 533 231 578 ente
266 519 375 599 itaque
407 521 546 580 termino
580 520 799 601 juramentalis
831 520 1067 601 deposicionis,
1101 520 1195 598 judex
1220 537 1326 583 noster
1359 537 1426 585 tum

164 626 326 706 egregium
352 626 522 688 dominum
540 627 746 688 Franciscum
765 628 887 688 Keczer
904 627 1196 689 administratorem
1215 629 1429 710 episcopatus,

163 743 295 812 tumque
320 733 464 793 nobilem
499 733 676 814 Georgium
709 734 862 794 curialem
891 734 1095 815 episcopatus
1124 734 1210 795 curie
1236 735 1429 817 episcopalis

164 837 332 900 admonuit
356 839 396 900 ad
421 839 619 900 audiendum
639 853 669 902 et
693 839 870 900 videndum
889 839 1074 901 huiusmodi
1092 840 1312 922 juramentalis
1329 841 1428 922 depo·

163 946 290 1007 sicionis
315 945 354 1006 ad
380 945 538 1027 prefatum
563 947 738 1008 terminum
763 947 793 1007 in
819 946 886 1026 jure
904 947 1119 1026 assignatum
1145 947 1334 1028 quiquidem
1359 961 1426 1008 tum

164 1053 313 1114 dominus
332 1054 519 1114 Franciscus
535 1067 668 1133 tumque
685 1051 826 1134 prefatus
845 1051 1005 1132 Georgius
1026 1053 1154 1113 curialis
1172 1053 1211 1114 ad
1228 1053 1427 1115 audiendum

163 1158 346 1220 huiusmodi
372 1158 587 1239 juramentum
614 1160 739 1219 mittere
764 1173 949 1220 recusarunt
981 1172 1011 1220 et
1035 1178 1141 1240 neque
1175 1174 1336 1222 curarunt.
1361 1161 1429 1222 Nos

162 1267 244 1327 enirn
272 1286 331 1347 pro
349 1265 462 1345 majori
488 1265 610 1326 cautela
627 1265 705 1345 juris
733 1266 831 1327 nostri
856 1279 887 1326 et
911 1265 1120 1346 jobagionum
1150 1279 1331 1327 nostrorum
1357 1287 1427 1350 pre-

162 1370 261 1435 fatum
281 1373 459 1455 Mykwlecz
477 1385 666 1434 metsextum
692 1371 796 1451 jurare
819 1373 930 1434 debuit
953 1387 1049 1454 prout
1072 1372 1289 1453 adjudicatum
1315 1373 1427 1453 fuerat,

158 1480 362 1558 presentibus
387 1480 505 1540 ibidem
532 1479 696 1540 nobilibus
728 1480 873 1541 Johanne
898 1480 938 1541 de
971 1480 1112 1557 Pezerio,
1139 1481 1259 1542 Mathia
1292 1481 1330 1542 de
1357 1483 1426 1543 Mo·

159 1586 298 1664 rawcha,
323 1587 377 1667 qui
404 1586 435 1646 in
461 1585 580 1668 prefata
606 1585 808 1665 juramentali
834 1586 1041 1668 deposicione
1071 1585 1284 1648 interfuerunt
1316 1588 1424 1649 etalii

155 1693 368 1774 quamplures
391 1693 430 1753 ad
455 1693 608 1774 premissa
634 1693 749 1754 vocati.

265 1800 474 1860 Ammonitus
498 1818 575 1860 vero
607 1798 748 1880 prefatus
772 1799 932 1879 Georgius
964 1800 1091 1862 curialis
1122 1801 1210 1862 curie
1234 1803 1426 1885 episcopalis

152 1925 215 1987 per
239 1906 396 1967 Jacobum
422 1905 580 1982 decanum
606 1921 635 1966 et
662 1905 862 1987 Stephanum
895 1904 1088 1988 freniparem
1122 1908 1270 1969 concives
1302 1924 1427 1972 nostros

151 2012 199 2071 ad
223 2010 418 2072 audiendam
444 2010 601 2092 prefatam
619 2012 789 2093 juramenti
807 2012 1048 2094 deposicionem
1074 2015 1278 2094 presentibus
1305 2015 1425 2078 ibidem

152 2119 325 2180 nobilibus
351 2117 480 2179 Thoma
505 2118 700 2200 Farlrassych
727 2132 758 2180 et
783 2119 928 2179 Johanne
956 2119 1191 2199 Magdalenich.
