3156 5364
59 561 96 608 et
121 565 223 608 uuum
248 545 404 608 eubulum
422 544 573 607 frumenti
599 560 705 608 nostre
724 547 946 609 communitati
971 548 1047 609 dare
1064 550 1236 628 tenebitur,
1253 565 1331 612 tem·

60 671 144 735 pore
169 652 245 713 dicti
271 651 399 734 Gyuan.

174 759 251 821 Item
278 759 385 820 llenlxa
410 759 519 821 relicta
549 760 708 821 Francisci
740 759 887 822 vendidit
917 773 1033 821 tertam
1059 780 1150 821 suam
1175 762 1329 824 arabilem

61 866 96 927 in
124 864 355 948 Kuhinschyak
381 865 492 928 decem
518 866 618 927 dietas
639 865 739 947 longo
758 867 861 944 Petr0,
886 880 1031 947 tempore
1055 866 1131 928 dicti
1157 865 1284 951 Gyuan.

174 972 253 1033 Item
286 973 434 1055 Mateyco
469 970 608 1034 carnifex
637 972 782 1034 vendidit
813 972 956 1053 quiaque
988 973 1090 1033 dietas
1120 987 1201 1034 terre
1231 993 1331 1056 prope

61 1076 296 1160 Kuhinschyak
320 1078 419 1159 longo
443 1079 547 1157 Petro,
571 1092 716 1160 tempore
741 1078 816 1139 dicti
842 1077 969 1160 Gyuan.

171 1184 248 1246 Item
273 1185 373 1246 Antol
396 1205 514 1268 auceps
531 1200 562 1246 et
586 1185 709 1266 Agatha
728 1203 859 1246 consors
882 1204 939 1246 sua
963 1184 1179 1246 vendiderunt
1203 1186 1330 1247 vitream

60 1290 208 1372 ipsorum
233 1291 370 1352 Lucasio
394 1306 425 1353 et
450 1290 604 1371 Georgi0,
627 1305 773 1372 tempore
798 1291 873 1352 dicti
899 1290 1029 1375 Gyuan.

172 1395 248 1458 Item
275 1396 362 1478 quod
388 1397 462 1478 quia
489 1398 519 1458 in
543 1411 734 1458 testamento
754 1396 907 1479 Stephani
934 1397 1078 1459 Pundich
1095 1398 1236 1458 vidimus
1252 1417 1327 1459 con·

59 1501 169 1579 tineri,
195 1502 284 1584 quod
309 1502 376 1584 ipse
410 1504 488 1564 duas
513 1519 611 1565 terras
642 1504 778 1565 arabiles
811 1523 910 1586 prope
935 1503 1068 1566 fluvium
1095 1503 1322 1586 Kuhioschyalt

64 1622 97 1668 et
122 1606 363 1670 Chernomerch
387 1622 472 1685 sitas,
498 1610 665 1691 legavisset
691 1611 818 1671 Andree
835 1623 866 1672 et
890 1610 990 1671 altero
1014 1610 1143 1671 Andree
1175 1608 1249 1671 filiis
1273 1610 1327 1671 Ni-

63 1713 160 1791 colai,
186 1714 357 1795 nepotibus
381 1715 456 1793 suis,
489 1716 562 1776 ideo
593 1716 741 1777 dedimus
766 1717 872 1777 literas
904 1730 1027 1777 nostras
1051 1716 1171 1778 eisdem
1197 1716 1327 1778 Andree

63 1834 96 1882 et
119 1821 222 1881 altero
246 1820 384 1901 Aodrce,
409 1835 552 1903 tempore
578 1822 653 1884 dicti
680 1821 807 1904 Gyuan.

170 1926 249 1987 Item
275 1926 362 2007 quod
395 1929 470 2009 quia
495 1925 656 1990 Martinus
688 1928 773 1990 filius
805 1931 888 1991 Petri
919 1931 950 1990 id
983 1930 1215 2012 comprobavit,
1239 1929 1327 2010 quod
1431 1931 1438 1948 '

61 2037 157 2094 Anna
182 2051 274 2093 soror
297 2053 353 2094 sua
386 2054 517 2095 consors
542 2034 720 2096 Clementis
753 2055 849 2097 unam
875 2050 1020 2117 quartam
1054 2034 1144 2096 fundi
1168 2036 1216 2096 sui
1240 2035 1327 2116 lega·

60 2139 170 2217 visset,
196 2139 270 2200 ideo
296 2159 354 2201 nos
372 2140 520 2201 dedimus
545 2142 652 2202 literas
669 2157 792 2203 nostras
809 2143 925 2221 eidem,
941 2157 1088 2225 tempore
1105 2143 1181 2205 dicti
1200 2141 1326 2225 Gyuan.

169 2244 248 2306 Item
282 2245 442 2328 Georgius
476 2247 644 2308 Pumarich
677 2248 822 2309 vendidit
848 2269 943 2310 unam
976 2265 1121 2331 quartam
1158 2247 1249 2310 fundi
1273 2249 1322 2309 sui

60 2351 201 2412 domino
227 2351 384 2434 Dyonisio
409 2368 440 2414 et
465 2353 592 2414 Andree
617 2355 727 2431 sutori,
751 2368 895 2437 tempore
920 2355 995 2416 dicti
1020 2354 1147 2437 Gyuan.

170 2457 248 2519 Item
273 2459 361 2540 quod
386 2460 461 2540 quia
487 2459 662 2541 Gregorius
685 2458 770 2521 filius
787 2461 898 2522 Kuslto
927 2461 958 2522 id
984 2461 1216 2544 comprobavit,
1234 2461 1321 2542 quod

61 2563 256 2626 Dominicus
287 2578 376 2647 pater
416 2585 492 2626 suus
524 2567 686 2646 quandam
722 2568 849 2628 vineam
884 2565 1070 2628 Inforestam
1110 2579 1325 2648 comparasset

58 2685 92 2732 et
110 2689 206 2752 super
223 2671 326 2753 ipsum
346 2673 391 2734 uti
415 2672 454 2733 ad
472 2672 623 2734 heredem
641 2673 867 2750 descendisset,
885 2672 958 2734 ideo
982 2674 1042 2734 sibi
1060 2672 1208 2734 dedImus
1225 2690 1324 2733 novas

57 2778 169 2839 literas
194 2778 311 2858 eidem,
335 2792 480 2861 tempore
506 2779 581 2840 dicti
608 2778 735 2862 Gyuan.

167 2883 245 2946 Item
269 2885 355 2947 lwan
380 2886 569 2948 L0cotarich
595 2886 739 2948 vendidit
766 2884 901 2949 fundum
933 2904 1027 2946 suum
1053 2904 1151 2945 unam
1173 2881 1321 2965 quartam

57 2991 163 3052 Paulo
188 2989 289 3070 fabro,
314 3006 459 3074 tempore
484 2992 559 3054 dicti
585 2992 711 3075 Gyuan.

168 3097 246 3159 Item
271 3097 384 3161 Maren
411 3098 550 3161 carnifex
569 3099 713 3161 vendidit
730 3100 856 3160 vlneam
881 3118 972 3160 suam
990 3097 1129 3159 Martino
1153 3095 1220 3158 filio
1238 3096 1321 3157 Petri

55 3218 90 3267 et
116 3205 256 3268 consorti
281 3225 348 3284 sue,
372 3219 518 3288 tempore
542 3207 618 3268 dicti
644 3205 772 3289 Gyuan.

167 3311 244 3373 Item
270 3313 382 3374 Maren
400 3313 555 3375 Barolech
573 3312 712 3374 carnifex
730 3312 875 3374 vendidit
890 3312 1002 3373 silvam
1020 3329 1110 3372 suam
1129 3311 1236 3371 Marco
1254 3307 1320 3370 lilio

53 3415 211 3500 Mykech,
236 3432 381 3500 tempore
405 3419 482 3481 dicti
508 3418 635 3501 Gyuan.

165 3523 244 3586 Item
277 3526 380 3586 Lucas
411 3524 451 3588 de
476 3526 560 3608 Vgra
592 3541 622 3587 et
655 3525 785 3607 Mykula
818 3525 857 3586 de
889 3524 971 3585 ultra
996 3523 1082 3583 Zaua
1107 3522 1321 3584 vendiderunt

53 3629 178 3693 fundos
203 3631 345 3714 ipsorum
371 3633 449 3693 Pete
475 3633 613 3710 mulieri,
638 3647 782 3714 tempore
807 3630 882 3692 dicti
908 3629 1035 3712 Gyuan.

165 3736 242 3799 Item
269 3737 430 3800 Iohannes
455 3739 553 3800 Vasas
587 3738 724 3800 condam
750 3737 855 3817 judex,
884 3751 1029 3818 tempore
1055 3734 1212 3815 judicatus
1237 3734 1318 3794 Lau-

53 3843 159 3906 rentii
191 3842 250 3906 filii
282 3844 412 3906 Thorne
445 3845 590 3906 vendidit
621 3843 757 3905 fundum
786 3863 879 3904 suum
912 3841 1024 3904 Marco
1055 3841 1123 3903 filio
1155 3840 1319 3919 Iohannis,

51 3967 204 4034 tempore
228 3952 305 4014 dicti
331 3951 446 4034 Gyuan
472 3952 620 4014 dedimus
644 3951 750 4012 literas
774 3965 905 4011 nostras.

165 4058 242 4120 Item
268 4079 399 4121 exemus
424 4058 560 4119 fundum
588 4056 733 4138 Magicba
762 4057 888 4118 mulieri
914 4058 953 4116 ab
977 4057 1054 4137 ipsa,
1079 4068 1224 4137 tempore
1243 4055 1317 4116 dicti

52 4163 188 4247 Gyuan.

163 4270 241 4333 Item
268 4270 443 4353 Gregorius
468 4271 601 4332 voschar
625 4270 714 4332 dedit
732 4290 826 4331 unam
853 4269 1041 4351 particulam
1060 4269 1153 4329 vinee
1177 4288 1233 4329 sue
1252 4269 1317 4329 Ma-

50 4397 136 4443 reno
160 4397 253 4440 servo
278 4397 348 4456 suo,
371 4391 517 4459 ternpore
542 4379 617 4440 dicti
644 4377 771 4460 Gyuan.

164 4483 240 4546 Item
267 4484 440 4546 Petromila
473 4485 588 4545 mulier
620 4484 766 4545 vendidit
798 4497 936 4563 quatuor
968 4482 1067 4544 dietas
1096 4496 1178 4545 terre
1203 4482 1319 4543 Paulas

48 4591 195 4657 condam
220 4591 335 4673 jurato,
357 4606 502 4673 tempore
528 4592 602 4652 dicti
629 4591 757 4673 Gyuan.

164 4698 241 4760 Item
259 4697 421 4759 Iohannes
446 4696 645 4759 Gochlenich
664 4697 809 4758 vendidit
833 4696 960 4756 vineam
981 4714 1071 4755 suam
1097 4695 1221 4772 Paulas,
1238 4709 1314 4755 tem·

45 4826 134 4895 pore
159 4805 235 4868 dicti
265 4804 392 4889 Gyuan.
