3156 5364
532 508 620 563 Anno
643 516 731 581 1507.
758 538 798 547 —
823 518 873 562 22.
894 507 1039 576 januarii.
1361 504 1417 582 165

152 612 325 619 ———--——-—-
1108 612 1420 619 -——-—..-.—-

151 716 216 779 [ata
244 737 324 778 uxor
351 715 504 778 Sinkonis
520 716 629 793 texuit,
655 729 685 777 et
710 735 747 776 ex
764 734 829 796 quo
848 714 907 776 fuit
924 717 1007 777 dicte
1021 716 1081 777 tele
1100 736 1201 797 usque
1218 717 1258 777 ad
1275 717 1419 797 quinque

152 823 247 883 ulnas
274 820 334 882 fuit
357 821 511 898 defectus,
535 822 677 882 seniores
705 821 826 902 judices
857 821 1092 901 adjudicarunt,
1117 822 1203 903 quod
1230 823 1315 883 idem
1340 843 1420 885 uxor

155 928 229 989 dicti
256 927 409 989 Sinkonis
433 947 528 1010 super
552 947 638 989 aram
672 942 778 989 sancte
804 929 917 990 Crucis
949 928 1053 1010 jurare
1086 929 1215 991 debebit
1240 930 1326 1010 quod
1352 930 1419 1011 ipsa

155 1051 184 1096 et
197 1055 304 1116 neque
319 1054 389 1096 cum
407 1035 487 1096 scitu
500 1054 559 1096 suo
577 1035 702 1095 nullum
721 1033 881 1096 defectum
900 1033 1016 1117 (fecit);
1034 1036 1059 1096 si
1078 1056 1153 1096 vero
1171 1035 1291 1117 prefata
1305 1036 1421 1098 mulier

156 1161 218 1202 non
244 1141 407 1221 juraverit,
432 1154 547 1202 extunc
572 1141 717 1202 convicta
743 1153 798 1203 est.

264 1247 405 1308 Sabbato
431 1246 483 1307 die
511 1261 584 1308 ante
619 1246 733 1308 festum
768 1247 999 1309 conversionis
1030 1248 1114 1309 beati
1147 1248 1248 1327 Pauli,
1279 1249 1421 1310 seniores

158 1352 277 1432 judices
301 1373 427 1414 causam
447 1368 568 1414 motam
594 1353 676 1414 inter
694 1353 836 1415 iwanum
854 1354 1013 1415 seniorem
1031 1353 1170 1435 judicem
1188 1369 1218 1415 et
1242 1354 1420 1435 Georgium

157 1460 307 1523 colonum
333 1460 372 1521 de
398 1460 574 1543 walyana
600 1475 630 1521 et
655 1479 710 1540 per
735 1459 854 1537 juratos
885 1459 1100 1539 adjudicatam
1126 1461 1254 1522 racione
1278 1461 1418 1523 duorum

160 1565 266 1645 bourn,
291 1585 373 1647 quos
398 1567 464 1648 ipse
490 1566 577 1628 dicto
603 1565 746 1646 Georgio
778 1567 816 1626 ad
850 1586 966 1648 pascua
992 1566 1123 1628 dederat
1155 1580 1185 1628 et
1209 1565 1294 1628 fures
1317 1567 1420 1629 noctis

159 1670 185 1732 in
211 1672 347 1734 silencio
372 1672 474 1734 dictos
491 1674 588 1733 boves
613 1671 652 1733 de
677 1673 763 1732 curia
779 1669 890 1733 furtim
908 1673 1114 1749 abstulerant,
1132 1673 1274 1734 seniores
1298 1672 1420 1753 judices

160 1793 250 1857 prout
276 1779 379 1840 eciam
403 1778 496 1856 jurati
521 1777 747 1859 adjudicarunt
775 1792 805 1838 et
838 1776 1067 1839 confirmarunt
1092 1778 1130 1839 de
1163 1778 1329 1840 solucione
1353 1778 1418 1840 dic·

156 1895 260 1946 torum
283 1886 416 1964 bovum,
448 1899 580 1967 excepto
613 1884 701 1966 quod
738 1883 822 1945 idern
858 1885 940 1945 Iwan
968 1886 1075 1946 senior
1108 1885 1202 1962 judex
1225 1882 1303 1947 feria
1334 1898 1420 1946 sexta

155 1988 234 2053 inter
259 2005 390 2053 octavas
415 1992 532 2053 Pasche
559 1991 690 2052 Domini
716 1989 819 2071 jurare
837 1991 966 2052 debebit
992 2006 1026 2054 ut
1048 1992 1126 2073 quid
1152 1991 1227 2054 dicti
1253 1993 1351 2054 boves
1367 2012 1419 2053 va·

149 2093 226 2159 loris
249 2095 393 2160 fuerunt.
