3142 5356
62 521 158 583 clare
182 523 413 605 comprobavit,
432 535 465 583 ut
490 520 622 602 quidam
639 518 718 583 lund
731 540 767 581 us
790 540 910 581 vacuus
927 523 958 581 in
977 522 1103 583 civitate
1130 521 1212 582 inter
1229 518 1348 582 fundos

63 642 102 689 et
128 628 244 690 domos
274 629 419 690 eiusdem
444 627 556 690 Briccii
590 627 715 706 judicis,
758 628 797 687 ab
823 627 944 708 angulo
977 627 1126 689 videlicet
1151 628 1267 689 domus
1291 647 1347 689 sue

65 749 198 796 murate
222 755 278 796 seu
311 737 351 796 ab
379 735 448 796 acie
475 734 574 815 ipsius
598 734 715 794 domus
742 746 865 794 murate
890 734 1075 816 incipiendo
1108 753 1164 816 per
1187 747 1306 796 statuas
1330 753 1346 794 a

67 859 180 919 mur0,
205 841 236 901 in
262 840 465 922 longitudine
488 840 548 922 ipsi
569 860 662 901 muro
686 839 844 921 applicata
862 841 964 921 prima
989 854 1020 902 et
1043 840 1177 902 domum
1202 859 1259 902 seu
1276 839 1346 901 fun-

68 946 155 1008 dum
174 947 316 1009 virorum
335 947 546 1030 providorum
565 945 760 1028 Stephlronis
776 944 833 1007 filix
854 946 1022 1009 Michaelis
1038 947 1115 1010 dicti
1134 946 1347 1029 Orthophlich

68 1072 113 1115 ac
136 1053 219 1115 Petri
244 1053 320 1115 dicti
345 1053 504 1115 Penthera
538 1051 595 1114 filii
633 1052 733 1130 Galli,
766 1065 949 1115 nostrorum
974 1053 1120 1114 similiter
1152 1053 1345 1130 concivium,

70 1160 203 1221 habitus
227 1172 258 1221 et
282 1159 430 1237 existens,
457 1179 555 1221 unam
579 1172 725 1240 quartam
751 1160 837 1221 curie
863 1160 895 1220 in
919 1180 952 1222 se
976 1160 1155 1237 continens,
1179 1178 1252 1220 cum
1276 1160 1342 1220 suis

70 1265 293 1348 pertinenciis,
310 1285 367 1348 per
384 1265 564 1327 iohannem
591 1264 732 1345 judicem
757 1265 879 1327 dictum
896 1266 1066 1348 Zigethsalr
1084 1265 1188 1327 eidem
1214 1265 1339 1327 Briccio

70 1371 226 1433 venditus
242 1372 396 1434 extitisset
408 1371 476 1452 jure
494 1371 701 1453 perhennali;
715 1371 845 1433 tandem
855 1372 962 1453 itaque
977 1372 1051 1453 quia
1066 1371 1178 1454 prelati
1197 1371 1340 1454 Stephlro

70 1492 108 1538 et
133 1478 246 1539 Petrus
264 1477 427 1559 quandam
447 1478 581 1539 domum
598 1497 689 1538 suam
708 1493 865 1541 muratam
885 1479 981 1540 simul
999 1499 1071 1539 cum
1090 1477 1191 1540 lundo
1208 1493 1238 1540 et
1255 1479 1344 1540 hedi·

71 1583 158 1646 ficiis
183 1584 214 1644 in
241 1584 354 1646 eadem
381 1584 519 1662 civitate,
544 1585 626 1646 inter
651 1598 681 1646 et
714 1605 811 1665 penes
835 1585 968 1646 domum
995 1606 1050 1646 seu
1076 1586 1251 1646 stacionem
1276 1605 1346 1646 mu·

73 1703 180 1752 ratam
205 1710 241 1751 ac
267 1689 404 1752 fundum
429 1711 566 1752 vacuum
593 1704 677 1751 retro
702 1691 838 1752 eandem
864 1692 998 1751 domum
1024 1705 1180 1752 muratam
1206 1710 1261 1751 seu
1285 1704 1345 1752 sta·

73 1796 207 1858 cionem
232 1810 390 1858 muratam
418 1797 450 1858 in
472 1796 677 1877 longitudine
702 1797 767 1858 duo
786 1796 913 1858 brachia
939 1794 1040 1858 ferrea
1065 1797 1151 1858 etin
1177 1796 1347 1859 latitudine

72 1903 257 1965 secundum
283 1903 372 1986 quod
398 1903 481 1965 dicta
506 1902 623 1964 domus
648 1923 703 1964 seu
729 1904 828 1964 stacio
845 1917 968 1965 murata
994 1923 1026 1964 se
1052 1903 1223 1965 extendere
1248 1917 1279 1965 et
1295 1922 1346 1965 ca·

72 2030 154 2094 pere
187 2010 297 2092 possit,
330 2010 498 2072 Jacomelli
532 2009 656 2091 pridem
689 2009 781 2088 jurati
815 2010 956 2071 concivis
989 2010 1088 2071 nostri
1123 2011 1163 2071 ab
1195 2009 1346 2070 anteriori
1399 1996 1404 2001 ’

76 2130 182 2198 parte,
206 2137 224 2177 a
248 2115 424 2178 collaterali
449 2129 555 2177 autern
590 2129 679 2197 parte
708 2135 806 2197 penes
838 2115 1016 2197 predictum
1049 2113 1185 2177 fundum
1210 2134 1345 2177 vacuum

78 2223 181 2305 ipsius
214 2223 341 2299 Briccii,
373 2222 584 2303 aposteriori
617 2241 693 2283 vero
727 2236 815 2304 parte
847 2221 932 2303 juxta
967 2220 1102 2283 fundum
1135 2236 1166 2282 et
1199 2220 1345 2282 hedificia

81 2327 232 2411 Gregorii
270 2328 394 2410 pridem
426 2328 519 2409 jurati
556 2327 611 2389 lilii
645 2327 757 2409 prelati
792 2328 956 2390 Benedicti
989 2349 1025 2388 ex
1051 2342 1203 2409 parteque
1237 2329 1343 2409 platee

78 2437 264 2498 communis
288 2436 392 2514 sitam,
418 2435 557 2496 mediam
584 2435 734 2497 videlicet
768 2436 888 2497 curiam
918 2436 948 2496 in
975 2456 1006 2495 se
1033 2433 1216 2513 habentem,
1240 2434 1346 2496 eidem

77 2543 206 2605 Briccio
231 2562 290 2624 pro
315 2556 397 2606 certa
416 2542 626 2624 pecuniarum
644 2543 823 2624 quantitate
840 2542 1055 2605 vendiderunt
1072 2556 1227 2625 perpetuo
1244 2543 1345 2624 possi·

77 2648 232 2726 dendam,
258 2648 331 2710 ideo
357 2669 415 2710 nos
440 2647 576 2710 eandem
604 2649 738 2711 domum
772 2664 930 2710 muratam
955 2669 1028 2710 cum
1052 2649 1121 2731 ipso
1147 2647 1259 2728 fundo,
1283 2664 1347 2710 tres

75 2755 144 2835 jam
168 2768 236 2817 toto
261 2769 390 2836 quartas
422 2757 453 2816 in
484 2776 516 2816 se
550 2756 762 2834 continentes,
787 2752 909 2838 prefato
943 2756 1066 2817 Briccio
1091 2757 1246 2838 premisso
1279 2756 1346 2838 jure

75 2861 140 2923 sibi
163 2862 361 2924 incumbenti
379 2862 549 2924 statuimus
566 2876 721 2944 perpetuo
738 2862 965 2944 possidendam
991 2877 1021 2923 et
1038 2861 1345 2944 quomodocumque

76 2967 219 3029 voluerit
242 2967 489 3050 disponendam.

187 3072 264 3135 ltem
289 3074 495 3153 Benedictus,
521 3074 666 3136 Thomas
698 3089 729 3135 et
754 3075 915 3136 Barnabas
939 3073 996 3136 lilii
1022 3074 1147 3136 Nicolai
1179 3074 1219 3136 de
1244 3074 1344 3136 Mixe-

79 3177 203 3258 thinch,
228 3180 391 3262 quandam
417 3181 550 3243 domum
569 3181 600 3242 in
626 3181 752 3242 civitate
778 3180 1082 3262 Montisgrechensis
1114 3181 1197 3242 inter
1230 3180 1345 3242 domos

81 3298 114 3347 et
139 3284 257 3348 fundos
280 3287 423 3349 virorum
448 3288 658 3369 providorum
678 3287 832 3348 Anthonii
858 3302 888 3348 et
910 3289 995 3349 Luce
1020 3307 1055 3348 ac
1081 3287 1229 3369 Dyonisii
1248 3287 1347 3369 pisca-

78 3391 160 3453 toris
192 3392 346 3470 habitam,
379 3393 518 3454 mediam
552 3395 673 3455 curiam
705 3394 738 3455 in
771 3414 804 3455 se
836 3394 1072 3469 continentem,
1106 3393 1181 3476 ipsis
1204 3413 1260 3474 per
1293 3394 1346 3455 Jo-

79 3497 221 3560 hannem
246 3513 401 3562 sartorem
426 3498 528 3561 filium
554 3500 653 3582 ipsius
670 3501 796 3561 Nicolai
821 3498 950 3562 fratrem
974 3501 1118 3581 ipsorum
1143 3512 1347 3561 testamenta·

78 3605 154 3668 liter
178 3606 316 3686 legatam
342 3621 373 3669 et
398 3607 484 3688 ipsos
508 3607 682 3669 literatorie
715 3622 974 3686 concernentem,
1001 3608 1087 3668 Luce
1113 3605 1256 3687 predicto
1280 3605 1347 3668 filio

81 3710 203 3774 Cosme
228 3732 287 3796 pro
311 3733 365 3774 sex
390 3733 462 3775 cum
489 3713 597 3775 medio
630 3712 699 3776 flor.
725 3714 793 3775 auri
827 3713 1043 3775 vendiderunt
1067 3726 1224 3794 perpetuo
1248 3713 1348 3794 possi·

80 3817 230 3883 dendam.

188 3924 265 3987 ltem
293 3926 412 3987 Paulus
429 3925 570 3988 carnifex
586 3925 672 3988 filius
690 3925 844 4008 Stephani
862 3940 892 3988 et
910 3928 1064 3988 Martinus
1081 3926 1205 4008 pridem
1223 3927 1344 4009 juratus

80 4029 166 4092 filius
185 4030 314 4093 Thorne
332 4046 362 4093 et
380 4031 525 4116 Mathyas
549 4031 633 4093 filius
650 4032 816 4111 iohannis,
834 4033 981 4095 concives
999 4033 1109 4112 nostri,
1134 4034 1343 4097 commissarii

83 4149 114 4196 et
139 4150 324 4198 executores
348 4137 496 4218 legittimi
521 4140 701 4200 testamenti
727 4139 832 4200 ultimi
857 4139 991 4221 provide
1036 4140 1173 4201 condam
1199 4139 1343 4200 mulieris

82 4241 260 4324 Elyzabeth
285 4243 379 4304 aliter
404 4243 511 4326 Copta
536 4259 647 4305 vocate
687 4245 797 4306 relicte
829 4245 965 4306 condam
992 4246 1081 4307 Pauli
1108 4245 1235 4325 Wgrin,
1259 4245 1345 4325 juxta

81 4348 243 4409 verbalem
269 4349 413 4411 eiusdem
441 4350 530 4411 Pauli
558 4350 673 4431 Wgrin
699 4351 910 4431 legacionem,
936 4353 967 4412 in
992 4352 1057 4412 alio
1082 4353 1213 4412 katerno
1238 4363 1347 4412 nostro

82 4454 225 4534 judiciali
250 4456 484 4536 consignatam,
518 4456 681 4537 quandam
714 4456 848 4518 domum
882 4457 1025 4518 eiusdem
1058 4457 1149 4518 Pauli
1174 4456 1289 4537 Wgrin
1316 4457 1347 4516 in

81 4560 208 4621 civitate
234 4561 316 4622 inter
340 4576 371 4623 et
395 4580 493 4643 penes
518 4562 651 4623 domum
677 4563 804 4644 providi
829 4563 888 4625 viri
909 4562 1047 4624 Emerici
1074 4561 1211 4623 condam
1236 4580 1347 4623 mone·

80 4667 152 4728 tarii
178 4687 214 4728 ac
238 4667 359 4750 plateas
385 4687 575 4729 communes
607 4668 749 4731 habitam
774 4683 804 4730 et
835 4670 1036 4746 existentem,
1062 4669 1202 4730 mediam
1227 4668 1348 4729 curiam

82 4773 114 4836 iu
140 4794 171 4834 se
196 4774 428 4852 continentem,
459 4774 639 4836 honorabili
674 4775 742 4836 viro
775 4775 910 4836 domino
934 4774 1091 4837 Cusinino
1118 4772 1185 4835 filio
1210 4774 1346 4835 Arnoldi

1246 4883 1281 4923 12
