3142 5356
426 1194 555 1294 (Auno
582 1192 738 1281 Domini
765 1191 1144 1294 mcccofflvssl.)

150 1499 185 1575 ln
216 1499 358 1574 nomine
388 1497 545 1574 Domini.
574 1496 702 1572 Amen.
738 1496 843 1574 Anno
872 1496 1082 1575 Nativitatis
1111 1501 1276 1576 eiusdem
1305 1500 1412 1574 mille·

148 1625 241 1699 simo
270 1622 626 1722 quadringentesimo
654 1622 841 1697 tricesimo
863 1631 1007 1713 octavo
1035 1623 1127 1700 feria
1147 1625 1309 1701 secunda
1337 1648 1416 1725 pro-

147 1749 242 1823 xima
269 1756 356 1846 post
375 1747 507 1823 festum
527 1744 786 1822 Conversionis
806 1747 904 1822 beati
933 1745 1035 1823 Pauli
1056 1750 1227 1848 apostoli,
1249 1759 1417 1848 tempore

143 1871 324 1969 judicatus
352 1871 416 1945 viri
446 1870 584 1969 providi
614 1877 652 1944 et
680 1870 930 1970 circumspecti
954 1870 1080 1971 Jacobi
1105 1871 1235 1969 judicis
1254 1873 1412 1948 civitatis

149 2003 341 2093 prenotate
363 1995 534 2084 moderni,
552 1990 612 2068 filii
628 1993 799 2094 lobannis
819 1994 903 2069 dicti
924 1993 1051 2095 Bolye‚
1080 2018 1232 2095 presens
1263 1997 1415 2071 laterna

149 2129 208 2195 est
226 2119 325 2195 facta
345 2128 384 2195 et
408 2120 614 2218 conscripta
643 2142 753 2218 super
780 2118 1045 2218 registracione
1069 2129 1108 2195 et
1130 2120 1415 2219 consignacione

149 2253 328 2320 certarum
348 2245 531 2319 literarum
551 2242 824 2342 privilegialium
845 2244 972 2318 civium
1001 2252 1040 2319 et
1058 2243 1304 2320 habitatorum
1335 2245 1414 2320 civi·

148 2369 235 2443 tatis
266 2374 459 2467 prenotate
488 2367 579 2442 inira
607 2367 882 2459 nominatorum,
913 2390 1022 2467 super
1059 2368 1356 2466 possessionibus
1384 2369 1416 2442 in

202 2491 328 2566 eadem
358 2491 504 2566 civitate
537 2498 576 2566 et
604 2491 680 2565 eius
709 2491 896 2566 territorio
924 2491 1064 2582 habitis,
1102 2490 1363 2567 confectarum.

659 2705 722 2780 (27.
738 2705 903 2781 januaria).

255 2826 331 2888 ltem
358 2826 519 2888 lohannes
535 2825 632 2905 judex
648 2824 733 2888 filius
757 2826 837 2887 Pero
856 2826 973 2904 Latini,
993 2825 1145 2908 antiquus
1168 2825 1265 2907 iudex
1290 2840 1322 2888 et
1338 2846 1414 2888 con·

149 2935 226 2995 civis
251 2948 368 3010 noster,
401 2932 564 3013 quandam
597 2933 731 2993 domum
764 2952 854 2993 suam
887 2946 1044 2993 muratam
1076 2945 1188 3010 totam,
1212 2932 1310 2994 simul
1344 2952 1415 2994 cum

150 3038 251 3100 fundo
276 3040 365 3100 totali
391 3053 422 3099 et
446 3037 603 3099 hedificiis
627 3038 659 3098 in
684 3038 767 3099 dicta
797 3039 925 3100 civitate
960 3039 1042 3100 inter
1065 3053 1096 3099 et
1120 3058 1219 3119 penes
1243 3038 1362 3100 domos
1386 3053 1416 3101 et

150 3144 268 3206 fundos
292 3145 468 3205 liberorum
493 3143 632 3204 condam
659 3142 778 3204 Matbei
796 3143 836 3203 de
862 3142 1009 3205 Macbow
1033 3158 1064 3205 et
1085 3143 1168 3205 Petri
1194 3143 1363 3224 piscatoris
1379 3163 1414 3205 ac

149 3252 323 3312 liberorum
349 3251 485 3311 condam
513 3250 602 3311 Pauli
635 3250 800 3331 piscatoris
831 3269 867 3310 ac
892 3250 959 3311 vias
991 3269 1047 3311 seu
1080 3250 1202 3331 plateas
1224 3269 1416 3312 communes

148 3358 300 3434 habitam,
325 3377 422 3418 unam
448 3376 519 3417 cum
546 3356 651 3418 media
669 3356 790 3417 curiam
815 3356 846 3416 in
872 3376 904 3416 se
923 3357 1153 3435 coutinentem,
1176 3375 1249 3417 cum
1275 3357 1412 3418 cisterna

148 3478 177 3524 et
203 3465 354 3525 omnibus
384 3464 449 3523 suis
481 3463 686 3544 pertinenciis
717 3477 847 3523 strenuo
880 3462 973 3523 militi
1006 3463 1141 3523 domino
1174 3463 1314 3524 lobauui
1348 3463 1416 3526 lilio

150 3570 316 3630 Laurencii
342 3570 417 3630 dicti
444 3568 554 3629 Thoth
579 3568 619 3629 de
637 3568 849 3629 Zumzedwar
873 3589 909 3630 ac
926 3589 981 3651 per
998 3588 1070 3631 eum
1090 3568 1221 3630 domine
1248 3570 1413 3632 leronime

149 3676 288 3738 consorti
314 3695 369 3735 sue
395 3675 549 3754 legittime
581 3695 616 3736 ac
640 3695 695 3756 per
728 3695 784 3735 eos
819 3676 961 3756 ipsorum
994 3675 1166 3737 heredibus
1190 3696 1227 3736 ex
1252 3695 1413 3738 consensu

148 3783 327 3842 vicinorum
353 3780 570 3861 predictorum
588 3780 734 3842 vendidit
757 3795 913 3862 perpetuo
930 3779 1158 3862 possidendam
1184 3795 1215 3842 et
1238 3783 1416 3864 superinde

148 3888 238 3950 litera
263 3887 472 3968 privilegialis
496 3899 543 3946 est
566 3887 624 3946 sub
649 3887 803 3967 pendenti
828 3886 936 3968 sigillo
961 3900 1119 3949 emanata.

254 3992 330 4053 ltem
345 3997 453 4072 Agnes
466 3992 574 4053 relicta
592 3992 729 4052 condam
744 3992 899 4054 lobannis
917 3993 1058 4054 Kunsich
1077 3993 1283 4054 medietatem
1309 3994 1416 4055 cuius·

148 4101 221 4161 dam
247 4100 373 4175 domus,
399 4098 501 4176 fundi,
533 4098 640 4159 celarii
675 4113 704 4159 ct
729 4098 952 4160 hedificiorum
989 4100 1020 4160 in
1045 4100 1129 4161 dicta
1154 4100 1285 4162 civitate
1317 4120 1418 4182 penes

148 4208 281 4266 domum
307 4205 397 4265 Pauli
423 4205 498 4265 dicti
517 4204 732 4266 Chernowich
751 4219 780 4266 et
804 4206 871 4266 vias
888 4225 1078 4267 communes
1101 4225 1158 4267 seu
1174 4205 1298 4288 plateas
1314 4227 1418 4289 prope

147 4313 317 4395 portellam
343 4311 479 4372 civitatis
504 4311 637 4373 Surou'e
670 4311 812 4373 dwercze
837 4327 983 4372 vocatam
1015 4311 1134 4390 habite,
1167 4332 1185 4373 a
1211 4325 1301 4393 parte
1327 4313 1416 4375 vide·

147 4419 220 4480 licet
246 4419 413 4499 posteriori
438 4438 494 4478 seu
520 4418 601 4477 muri
626 4418 761 4479 civitatis
786 4418 938 4496 habitam,
969 4438 1065 4479 uuam
1091 4418 1242 4482 videlicet
1266 4432 1416 4500 quartam

148 4527 233 4587 curie
260 4526 349 4586 inse
382 4525 612 4601 coutinentem,
645 4525 830 4606 porcionem
861 4526 981 4586 scilicet
1014 4545 1117 4604 suam,
1141 4525 1272 4587 Thome
1296 4525 1417 4587 cultori

147 4631 213 4692 filio
240 4631 334 4691 Blasii
361 4651 419 4712 pro
451 4644 524 4691 octo
550 4630 618 4691 flor.
652 4630 719 4691 auri
752 4630 897 4691 vendidit
930 4644 1086 4712 perpetuo
1120 4631 1353 4713 possidendam
1386 4647 1419 4700 et

148 4737 320 4820 superinde
345 4753 390 4798 est
415 4737 505 4798 litera
531 4738 590 4798 sub
615 4736 767 4820 pendenti
792 4737 900 4820 sigillo
925 4750 1083 4803 emanata.
