3142 5356
510 1417 638 1517 (Anno
665 1414 821 1503 Domini
848 1409 1167 1511 mcccclxxv.)

212 1828 249 1904 ln
276 1828 418 1903 nomine
448 1824 602 1901 Domini.
633 1823 759 1899 Amen.
796 1824 900 1899 Anno
934 1820 1143 1898 Natiuitatis
1173 1820 1336 1895 eiusdem
1365 1820 1477 1894 mille-

212 1954 302 2027 simo
331 1949 686 2050 quadringentesimo
714 1948 897 2023 tricesimo
931 1947 1066 2046 quinto,
1094 1952 1260 2044 tempore
1292 1943 1475 2042 judicatus

212 2075 352 2151 Nicolai
371 2074 500 2172 judicis
533 2073 648 2147 nostri
676 2071 846 2163 moderni,
875 2069 934 2145 filii
962 2069 1121 2162 Fabiani,
1141 2091 1290 2168 presens
1325 2070 1478 2144 katema

213 2207 272 2273 est
309 2197 513 2296 conscripta
550 2218 659 2294 super
695 2194 960 2294 registracione
997 2201 1035 2269 et
1076 2192 1361 2290 consignatione
1400 2215 1475 2266 cer-

212 2330 328 2397 tarum
366 2321 548 2396 literarum
591 2319 717 2393 civium
761 2325 799 2393 et
829 2317 1071 2394 habitatorum
1100 2316 1256 2391 civitatis
1283 2325 1477 2415 prenotate

213 2469 322 2545 super
358 2442 652 2544 possessionibus
689 2443 722 2517 in
757 2441 884 2518 eadem
913 2442 1061 2517 civitate
1099 2447 1137 2515 et
1174 2440 1251 2515 eius
1291 2441 1477 2515 territorio

625 2565 767 2658 habitis,
796 2565 1054 2641 confectarum.

215 2842 297 2912 ltem
325 2841 378 2911 die
406 2839 571 2912 dominico
600 2841 755 2928 proximo
794 2845 873 2910 aute
901 2839 1023 2911 festum
1051 2835 1304 2927 Assumpciouis
1333 2839 1479 2927 gloriose

627 2983 757 3052 semper
783 2960 926 3067 virginis
954 2960 1067 3034 Maris.

732 3136 796 3212 (14.
820 3134 960 3210 augura).

323 3291 400 3353 Item
425 3305 490 3353 tota
523 3291 748 3369 communitas,
781 3292 859 3373 pari,
891 3291 1043 3353 concordi
1069 3305 1100 3353 et
1130 3291 1276 3354 unanimi
1314 3292 1478 3355 voluntate

217 3399 312 3460 simul
338 3399 369 3460 in
394 3418 494 3460 unum
520 3397 609 3459 dives
634 3412 665 3459 et
688 3417 809 3480 pauper
834 3399 864 3458 in
893 3398 1035 3479 generali
1060 3411 1091 3460 et
1114 3397 1279 3460 communi
1304 3418 1477 3482 congrega·

217 3504 321 3583 cione,
346 3503 511 3586 quoddam
536 3501 634 3565 fenile
665 3504 769 3565 tocius
798 3504 1037 3566 communitatis
1059 3505 1090 3565 in
1123 3523 1238 3587 campo
1263 3517 1294 3566 et
1318 3504 1477 3567 territorio

217 3610 355 3672 civitatis
379 3610 461 3671 inter
483 3623 582 3671 terras
606 3623 637 3671 et
661 3607 771 3670 senilia
803 3622 909 3670 nostre
934 3610 1174 3671 communitatis
1211 3610 1249 3671 ab
1275 3610 1427 3672 orientali
1451 3623 1478 3670 et

218 3716 463 3778 ameridionali
489 3735 524 3776 ac
554 3715 745 3776 occidentali
778 3729 877 3797 parte,
903 3729 974 3776 eta
1006 3715 1260 3798 septemtrionali
1285 3730 1375 3798 parte
1401 3717 1477 3778 inter

219 3821 328 3884 senilia
352 3822 499 3882 similiter
523 3835 630 3883 nostre
655 3821 894 3883 communitatis
927 3821 1053 3903 partim,
1078 3835 1109 3883 et
1132 3821 1247 3904 partim
1272 3841 1374 3904 penes
1398 3824 1476 3884 viam

219 3947 426 3989 communem
451 3927 595 3987 habiturn
622 3942 651 3986 et
684 3928 831 4006 existens,
855 3927 896 3988 ad
920 3941 983 3988 tres
1015 3927 1115 3989 dietas
1139 3928 1190 3989 vel
1215 3928 1291 3989 citra
1317 3949 1350 3990 se
1376 3944 1476 3992 exten·

219 4034 308 4111 dens,
333 4035 371 4095 ab
397 4033 485 4094 omni
510 4053 607 4095 censu
624 4047 655 4094 et
677 4048 834 4114 proventu
860 4047 968 4095 nostro
986 4035 1149 4095 communi
1174 4035 1303 4116 penitus
1327 4034 1477 4097 ammodo

219 4153 250 4201 et
274 4139 425 4221 deinceps
448 4139 575 4220 penitus
599 4140 763 4221 expiantes
786 4155 817 4201 et
848 4140 1043 4219 libertantes,
1075 4140 1213 4202 liberum
1239 4154 1270 4202 et
1294 4155 1476 4224 exemptum

220 4260 250 4308 et
282 4245 443 4327 expiatum
484 4245 553 4306 viro
585 4246 721 4327 provido
767 4259 797 4307 et
828 4246 1058 4327 circumspecto
1092 4245 1235 4327 Georgio
1266 4248 1382 4310 sartori
1415 4246 1477 4309 filio

219 4351 392 4429 Valentini,
417 4350 540 4433 pridem
566 4349 676 4432 judici,
701 4352 888 4432 concivique
918 4365 1038 4430 nostro,
1063 4373 1098 4413 ac
1123 4371 1180 4434 per
1204 4372 1278 4414 eum
1303 4354 1370 4415 suis
1394 4353 1477 4416 here·

220 4456 315 4517 dibus
340 4476 397 4538 pro
422 4457 562 4518 serviciis
595 4459 659 4519 suis
684 4458 831 4540 plurimis
863 4458 951 4519 dedit
979 4472 1010 4520 et
1034 4459 1170 4520 contulit
1201 4473 1358 4542 perpetuo
1383 4459 1478 4543 possi·

220 4562 363 4625 dendum
388 4576 419 4624 et
443 4565 751 4646 quomodocumque
775 4564 914 4626 voluerit
942 4564 1181 4647 disponendum
1206 4563 1293 4646 juxta
1319 4567 1478 4629 condicio·

220 4689 293 4730 nem
328 4670 463 4731 civitatis
494 4685 658 4752 prenotate
691 4673 731 4732 ab
763 4671 897 4753 antiquo
929 4672 1158 4754 approbatam,
1194 4672 1324 4734 nemine
1355 4674 1480 4756 penitus

220 4775 467 4839 contradicente.
