3142 5356
1347 552 1350 555 .
1395 524 1456 545 'l-

157 461 218 522 252
711 442 863 503 Addenda.

262 656 310 732 (ln
333 659 482 732 margine:
500 655 691 718 Valentinus
707 656 812 738 primo
831 655 940 716 citavit
963 675 1096 716 uxorem
1114 655 1256 739 Dragyn,
1273 656 1340 739 ipsa
1355 676 1377 716 n
1393 653 1460 700 0

155 762 359 845 comparuit).

262 869 338 930 Item
365 868 442 930 feria
468 869 564 930 tercia
597 883 669 950 post
693 868 931 951 Concepcionis
965 869 1074 930 Marie.
1101 868 1208 930 Causa
1232 888 1297 950 que
1321 876 1427 930 vert
1441 866 1468 909 Ε

155 977 247 1036 batur
272 975 353 1035 inter
378 973 573 1055 Gregorium
598 974 780 1036 carnificem
810 989 841 1036 et
867 975 986 1036 Doram
1012 973 1111 1035 filiam
1138 974 1229 1036 Pauli
1256 974 1383 1036 carnific
1408 960 1448 1027 ἰ
1463 998 1468 1012 ·

155 1080 249 1159 jurati
275 1080 509 1160 adjudicarunt,
535 1081 623 1162 quod
648 1082 715 1162 ipsa
741 1083 847 1158 (deest).

260 1186 339 1249 Item
365 1189 431 1269 ipsa
457 1206 537 1248 uxor
561 1187 637 1248 dicti
662 1187 824 1269 appelavit
849 1189 888 1248 ad
917 1188 1069 1249 seniores.

263 1291 340 1353 ltem
367 1293 433 1373 ipse
459 1292 605 1354 Thomas
631 1293 756 1355 Horuat
779 1293 819 1354 ad
842 1294 984 1354 seniores
1008 1293 1171 1376 apellavit.

261 1398 337 1459 ltem
364 1399 431 1482 ipse
457 1398 633 1480 Gregorius
650 1398 789 1461 carnifex
814 1400 853 1460 ad
879 1400 1022 1461 seniores
1046 1401 1208 1483 apellavit.

755 1593 810 1659 16.

261 1737 352 1798 Faria
371 1750 456 1797 sexta
481 1736 627 1819 proxima
645 1751 717 1818 post
734 1751 862 1797 octavas
887 1735 957 1798 festi
976 1737 1131 1820 Corporis
1156 1736 1290 1799 Christi.
1317 1737 1415 1799 Causa

154 1843 236 1904 inter
262 1843 416 1905 Mathiam
436 1842 590 1904 Horwath
608 1858 638 1904 et
662 1844 797 1904 alterum
822 1843 975 1904 Mathiam
996 1843 1137 1904 Kotvach
1161 1844 1296 1921 dictum,
1321 1844 1354 1905 in
1372 1861 1416 1920 eo,

153 1950 289 2030 qualiter
314 1950 399 2010 idem
425 1969 533 2010 coram
558 1950 651 2011 nobis
675 1950 844 2032 proposuit
868 1951 1033 2012 accionem
1059 1970 1148 2011 suam
1174 1965 1287 2011 contra
1312 1965 1344 2011 et
1367 1949 1415 2011 ad·

153 2075 261 2115 versus
285 2056 405 2117 dictum
433 2056 586 2117 Mathiam
611 2055 755 2117 Kowach
781 2058 812 2117 in
838 2076 894 2118 eo:
913 2057 1051 2118 nescitur
1080 2058 1197 2138 quibus
1222 2057 1417 2138 respectibus

153 2162 267 2223 ductus
292 2163 322 2223 in
349 2163 482 2223 domum
508 2183 598 2224 suam
623 2164 829 2244 potenciariis
861 2179 891 2225 et
915 2165 1045 2225 armatis
1079 2164 1228 2224 manibus
1253 2165 1418 2226 invasisset

152 2289 224 2329 eum
251 2284 335 2330 certa
360 2270 510 2330 comitiva
543 2270 699 2347 eiusdem,
732 2270 841 2351 ibique
867 2284 1002 2332 matrem
1036 2270 1112 2331 dicti
1139 2269 1259 2331 Mathei
1285 2271 1419 2333 Horwat

152 2376 246 2456 plaga
272 2377 303 2437 in
330 2397 461 2438 manum
486 2377 640 2438 cicatricis
664 2376 842 2439 affecissent
867 2397 902 2439 ac
928 2392 1028 2439 certas
1053 2398 1102 2438 res
1125 2398 1198 2439 suas
1222 2376 1341 2439 abinde
1366 2379 1419 2439 de·

152 2497 341 2562 portassent.
367 2483 441 2556 Quo
467 2483 578 2544 audito
602 2482 744 2565 prefatus
769 2484 911 2545 Kowach
937 2504 976 2546 ex
1000 2483 1134 2545 adverso
1159 2484 1337 2566 respondit,
1361 2505 1420 2547 nec

153 2607 224 2647 cum
251 2608 408 2650 consensu
434 2609 537 2671 neque
564 2590 699 2650 consilio
715 2608 774 2650 suo
797 2589 854 2650 hec
880 2610 948 2651 esse
973 2604 1004 2651 et
1022 2605 1096 2653 sunt
1120 2589 1212 2669 facta,
1238 2591 1298 2652 nisi
1315 2591 1421 2654 libero

152 2695 283 2756 arbitrio
309 2715 419 2756 eorum
446 2711 588 2757 exterum
613 2694 768 2757 fecerunt.

256 2803 320 2864 Ubi
345 2803 437 2882 jurati
462 2805 543 2865 inter
576 2817 680 2884 partes
712 2803 869 2883 predictas
896 2803 993 2865 talem
1026 2802 1299 2865 deliberacionem
1334 2805 1419 2886 judi-

151 2922 256 2968 cantes
270 2909 490 2987 decreverunt,
509 2910 596 2991 quod
616 2910 654 2970 de
665 2910 787 2971 lesione
798 2912 907 2970 matris
920 2925 1027 2970 autem
1042 2909 1185 2971 eiusdem
1205 2911 1334 2973 medico
1354 2913 1420 2974 lese

150 3014 355 3094 satisfaciant,
380 3017 447 3078 leso
470 3032 576 3077 autem
602 3037 660 3098 pro
685 3017 829 3077 cicatrice
855 3017 886 3076 in
905 3017 1050 3098 quinque
1077 3018 1183 3098 pensis
1208 3017 1420 3082 denariorum

151 3122 308 3182 convincti
336 3138 418 3199 sunt,
444 3123 553 3202 juratis
578 3124 608 3183 in
635 3137 763 3184 centum
794 3123 951 3199 denariis;
976 3124 1000 3184 si
1026 3138 1133 3184 autem
1159 3123 1243 3184 lesus
1267 3129 1419 3188 membro

149 3227 301 3306 deficerit,
335 3243 449 3289 extunc
474 3230 505 3290 in
536 3230 636 3311 duplo
669 3230 918 3305 convincantur;
949 3231 987 3289 de
1022 3232 1116 3291 rebus
1140 3244 1247 3291 autem
1272 3249 1329 3312 per
1363 3253 1421 3295 eos

149 3337 327 3415 asportatis,
345 3357 440 3418 super
465 3338 723 3418 quibuscumque
749 3336 852 3397 dictus
871 3336 1006 3397 Mathias
1024 3335 1180 3397 Horwath
1198 3336 1420 3417 juramentum

148 3440 180 3501 in
204 3461 257 3501 ara
271 3456 377 3503 sancte
403 3442 541 3525 (Crucis)
567 3444 597 3503 in
624 3443 757 3503 ecclesia
781 3456 888 3503 nostra
917 3442 1093 3524 parochiali
1117 3443 1226 3505 habite
1251 3443 1419 3526 deponere

147 3550 385 3629 pressumserit,
419 3549 549 3610 tandem
579 3550 681 3610 dictus
713 3549 851 3611 Mathias
884 3549 1026 3610 Kowach
1061 3567 1133 3610 cum
1173 3551 1324 3611 comitiva
1360 3573 1419 3615 sua

146 3653 401 3716 satisfaccionem
426 3656 530 3716 eidem
557 3655 756 3737 impendant.
782 3692 822 3700 —
848 3655 944 3728 Quod
971 3677 1007 3717 ex
1026 3675 1091 3737 quo
1115 3658 1146 3716 in
1172 3656 1306 3718 domum
1333 3659 1419 3720 eius·

146 3760 219 3821 dem
245 3762 412 3844 Matheycz
437 3763 642 3842 potenciariis
667 3763 816 3822 manibus
841 3764 1037 3837 invaserunt,
1070 3777 1186 3824 extunc
1210 3762 1316 3824 eidem
1343 3780 1420 3829 sunt

146 3868 284 3928 convicti
310 3869 341 3928 in
367 3868 543 3949 (h)omagio
569 3869 776 3950 potenciari0.

749 4063 803 4130 17.

686 4243 880 4306 Consiliarii.

254 4387 443 4447 Valentinus
469 4407 610 4467 pwgnar.
887 4388 1033 4449 Andreas
1058 4408 1177 4470 sporar.

255 4494 331 4553 lane
358 4492 542 4574 pixidarius.
887 4495 977 4554 Hans
1005 4495 1155 4556 carnifex.

254 4600 440 4660 Franciscus
466 4599 634 4661 aurifaber.
888 4602 999 4661 Petrus
1024 4600 1193 4683 chhyalt.

253 4707 405 4766 Nicolaus
430 4706 598 4768 aurifaber.
887 4707 1069 4767 Anthonius
1095 4708 1134 4768 de
1160 4708 1280 4769 Zabolt.

253 4813 406 4873 Nicolaus
428 4833 567 4876 zwonar.
890 4815 1085 4875 laurencius
1110 4829 1208 4876 sutor.

253 4919 423 4982 Adrianus.
887 4921 1004 4981 Paulus
1028 4920 1222 5004 Vidowzyn.
