3142 5356
226 538 302 599 Item
328 539 469 619 quedam
495 539 611 600 domus
636 553 759 601 murata
785 541 880 601 simul
911 561 983 602 cum
1010 542 1111 603 l'undo
1135 556 1217 604 terre
1242 557 1273 605 et
1297 543 1385 604 hedi·

117 643 208 721 liciis,
235 665 330 706 unam
357 647 512 725 integram
539 647 659 706 curiam
686 647 726 706 ad
752 667 844 707 usum
870 649 1007 708 civitatis
1031 649 1063 708 in
1088 669 1120 708 se
1146 649 1324 725 continens,
1350 650 1381 710 in

117 751 202 811 dicta
228 751 355 813 civitate
380 753 461 813 inter
485 752 600 813 domos
622 753 764 813 virorum
789 753 998 834 providorum
1017 754 1182 815 Benedicti
1207 756 1336 816 sartoris
1353 769 1383 816 et

118 859 234 919 Briccii
259 859 382 940 pridem
408 858 522 938 judicis
546 859 699 936 habitam,
727 858 862 920 domino
889 860 973 921 Luce
995 862 1172 941 presbitero
1197 860 1263 922 filio
1293 860 1378 924 Galli

119 962 289 1046 freniparis
314 980 344 1026 et
369 966 499 1026 domine
526 965 626 1026 Eleae
659 965 837 1026 conthorali
871 966 1008 1026 condam
1034 967 1133 1048 ipsius
1158 968 1256 1045 Galli,
1289 969 1381 1030 matri

118 1091 195 1131 vero
221 1072 319 1152 ipsius
344 1071 467 1132 domini
494 1073 579 1133 Luce
597 1073 774 1154 presbiteri,
800 1088 845 1133 est
869 1093 925 1154 per
949 1093 1007 1133 nos
1032 1074 1131 1135 literis
1149 1076 1263 1135 nostris
1287 1075 1383 1156 privi-

116 1176 288 1256 legialibus
320 1179 537 1239 mediantibus
569 1193 684 1240 statuta
718 1193 874 1260 perpetuo
908 1179 1099 1260 possidenda
1131 1181 1199 1259 jure
1231 1181 1384 1263 empticio

116 1284 176 1365 ipsi
202 1283 337 1346 domino
372 1286 469 1364 Luce,
494 1286 609 1367 partim
642 1300 748 1346 autem
783 1285 913 1347 domine
944 1286 1043 1346 Elene
1076 1287 1225 1367 legaticio
1248 1286 1329 1367 jure,
1355 1303 1385 1349 et

117 1390 430 1472 quomodocumque
455 1391 617 1452 voluerint
642 1391 888 1473 disponendam.

224 1497 301 1558 ltem
328 1498 484 1559 medietas
501 1498 667 1558 cuiusdam
688 1498 814 1575 domus,
840 1496 929 1558 fundi
957 1512 987 1559 et
1004 1499 1111 1559 celarii
1135 1500 1332 1561 subterranei
1351 1500 1382 1560 in

116 1602 200 1664 dicta
228 1603 355 1664 civitate
389 1605 470 1664 inter
502 1604 617 1664 domos
642 1618 671 1664 et
706 1602 823 1664 fundos
857 1604 953 1664 Blasii
987 1604 1141 1665 institoris
1164 1604 1221 1665 lilii
1255 1605 1384 1667 Thome

115 1709 192 1770 dicti
220 1709 429 1787 Kurmanich,
455 1711 494 1770 ab
519 1729 581 1770 una
606 1724 705 1791 parte,
740 1711 779 1770 ab
809 1710 906 1770 altera
940 1729 1016 1770 vero
1041 1710 1169 1771 Andree
1194 1723 1226 1773 et
1250 1709 1382 1792 Georgii

116 1832 299 1878 nostrorum
334 1819 517 1879 concivium
551 1818 657 1878 habite
691 1832 721 1877 et
754 1818 927 1894 existentis,
952 1837 968 1878 a
995 1831 1082 1898 parte
1115 1818 1236 1880 scilicet
1268 1818 1384 1879 domus

116 1924 191 1985 dicti
219 1924 314 1985 Blasii
343 1923 540 1985 Kurmanich
564 1923 682 2001 habita,
708 1943 803 1984 unam
836 1924 985 1985 videlicet
1009 1938 1154 2005 quartam
1181 1938 1211 1985 et
1236 1938 1382 1986 octavam

116 2030 148 2090 in
174 2050 207 2090 se
233 2030 412 2108 continens,
444 2030 641 2112 asuperiori
672 2031 773 2091 canali
810 2031 946 2112 desuper
978 2043 1108 2108 tectum,
1132 2045 1213 2091 recte
1245 2029 1326 2092 infra
1351 2031 1383 2092 in

116 2138 269 2200 celarium
295 2160 328 2201 se
354 2140 539 2215 extendens,
557 2158 629 2199 curn
656 2139 721 2198 suis
737 2139 943 2219 pertinenciis
961 2138 1122 2200 Clementi
1141 2137 1210 2199 filio
1236 2139 1382 2223 Dyonisii

115 2264 172 2327 per
195 2245 403 2306 Valentinum
429 2224 531 2306 filium
550 2245 676 2306 Nicolai
701 2260 732 2305 et
756 2245 914 2326 Agatham
932 2265 1021 2306 suam
1047 2262 1228 2306 consortem
1245 2260 1291 2306 est
1308 2266 1382 2307 ven·

116 2351 181 2412 dita
208 2351 275 2428 jure
300 2351 488 2433 perhennali
523 2351 736 2434 possidenda;
769 2352 994 2432 cuiusquidem
1029 2352 1144 2413 domus
1169 2365 1200 2413 et
1231 2351 1321 2413 fundi
1347 2373 1384 2414 ac

115 2457 223 2518 celarii
249 2457 344 2518 aliam
372 2459 578 2520 medietatem
598 2478 614 2517 a
639 2472 727 2538 parte
746 2457 862 2518 domus
885 2458 1027 2539 ipsorum
1045 2458 1174 2519 Andree
1201 2473 1232 2519 et
1250 2457 1382 2540 Georgii

114 2565 219 2642 sitam,
245 2584 340 2625 unam
367 2565 578 2625 consimiliter
603 2578 747 2644 quartam
779 2577 809 2624 et
843 2578 989 2624 octavaur
1015 2564 1112 2623 iidem
1138 2564 1328 2625 Valentinus
1352 2579 1382 2625 et

116 2670 240 2750 Agatha
265 2690 322 2752 pro
347 2691 380 2732 se
405 2670 579 2731 literatorie
604 2683 817 2731 reservassent
842 2669 1080 2750 possidendam.

223 2777 298 2838 ltem
325 2777 464 2858 quedam
490 2778 606 2837 domus
636 2796 708 2837 cum
735 2775 836 2836 fundo
869 2790 899 2837 et
924 2775 1080 2837 hedificiis
1104 2777 1187 2837 inter
1210 2777 1327 2838 domos
1351 2791 1382 2839 et

116 2881 235 2943 fundos
259 2884 396 2943 condam
415 2883 541 2960 Blask0,
567 2902 650 2943 nunc
668 2898 775 2943 autern
795 2882 940 2965 Dyonisii
965 2882 1081 2942 sutoris
1098 2897 1128 2944 et
1147 2882 1277 2965 Mathey
1293 2883 1381 2944 simi·

115 2989 186 3049 liter
218 2990 335 3051 sutoris
367 2990 569 3066 existentem,
602 3008 696 3048 unam
731 3003 876 3069 quartam
903 2988 934 3048 in
960 3008 992 3048 se
1024 2988 1227 3066 retinentem,
1252 2989 1284 3049 in
1310 2989 1381 3050 vico

113 3109 279 3170 sutorum;
305 3096 379 3158 item
406 3115 501 3155 unam
528 3108 673 3155 octavam
700 3114 793 3176 supra
816 3094 992 3175 predictam
1019 3095 1152 3156 domum
1182 3093 1380 3172 adjacentem

115 3201 228 3261 semita
254 3201 426 3275 mediante,
451 3221 524 3261 cum
549 3201 614 3261 suis
638 3200 854 3282 pertinenciis,
884 3220 939 3282 per
964 3199 1171 3261 Valentinum
1197 3198 1300 3261 filium
1318 3200 1379 3261 De·

114 3305 217 3368 metrii
245 3307 387 3388 Georgio
412 3306 479 3368 lilio
505 3305 637 3386 Georgii
664 3307 762 3367 sutori
789 3325 846 3387 pro
875 3306 936 3366 alia
960 3305 1059 3366 domo
1083 3326 1140 3366 sua
1165 3325 1221 3387 per
1245 3307 1380 3367 modum

113 3413 364 3494 permutacionis
388 3413 476 3473 dedit
501 3427 657 3494 perpetuo
680 3411 919 3492 possidendam.

221 3519 298 3581 Item
331 3520 484 3581 Nicolaus
516 3533 605 3580 sutor
636 3517 721 3579 filius
752 3514 912 3580 Johannis
943 3518 1105 3599 quandam
1132 3519 1258 3579 vineam
1289 3538 1379 3580 suam

112 3625 246 3686 totalem
272 3626 304 3687 in
329 3626 491 3688 territorio
509 3625 644 3686 civitatis
670 3625 752 3686 inter
774 3625 884 3684 vineas
902 3623 1057 3685 Anthonii
1075 3623 1231 3684 carnificis
1255 3637 1285 3684 et
1302 3624 1379 3685 libe·

114 3751 222 3792 rorum
248 3732 385 3793 condam
412 3731 567 3792 lobannis
592 3730 745 3814 Therbyn
764 3730 917 3806 habitam,
943 3731 1080 3812 desuper
1104 3751 1120 3790 a
1147 3730 1196 3789 via
1214 3730 1379 3790 communi

114 3837 195 3898 infra
230 3857 330 3919 usque
364 3837 502 3898 rivulum
542 3856 613 3897 cum
648 3838 787 3918 virgulto
815 3857 848 3897 se
879 3837 1103 3897 extendentem
1129 3848 1160 3896 et
1183 3850 1377 3917 protensam,

113 3945 173 4003 sub
205 3943 270 4003 suis
303 3943 385 4003 veris
418 3943 578 4024 prioribus
611 3943 703 4004 metis
731 3943 836 4003 eidem
870 3941 1034 4003 Anthonio
1067 3940 1206 4003 carnifici
1232 3940 1379 4002 vendidit

114 4063 270 4131 perpetuo
300 4049 538 4131 possidendam.

221 4154 298 4216 Item
325 4156 508 4217 Demetrius
532 4170 685 4237 purgator
707 4155 890 4236 gladiorum
915 4153 1001 4216 filius
1025 4155 1180 4217 lobannis
1205 4170 1235 4218 et
1261 4156 1378 4218 Kathe-

112 4262 181 4322 rina
206 4282 262 4323 sua
288 4282 428 4339 consors,
460 4263 622 4344 quandam
657 4262 789 4323 domum
823 4282 913 4322 suam
947 4262 1204 4324 condicionalem
1231 4264 1261 4324 in
1295 4262 1378 4324 dicta

113 4367 252 4445 civitate,
278 4368 359 4429 inter
376 4367 535 4449 (domum)
554 4383 710 4429 muratam
729 4382 759 4429 et
784 4368 924 4447 ligneam
953 4368 1099 4429 similiter
1116 4368 1377 4430 condicionalem

113 4493 150 4535 ac
168 4473 350 4536 censualem
370 4475 545 4536 liberorum
564 4475 703 4535 condam
722 4473 853 4553 Georgii
872 4475 936 4534 ceci
955 4473 1012 4535 filii
1032 4473 1214 4557 Matheylro,
1232 4490 1262 4534 ct
1279 4494 1377 4556 penes

113 4580 246 4641 domum
272 4600 307 4640 ac
341 4581 447 4641 locum
473 4596 632 4641 muratum
659 4600 713 4640 seu
739 4580 910 4660 pallacium
943 4581 1029 4641 scole
1054 4594 1161 4641 nostre
1194 4581 1373 4642 communi·

113 4686 186 4747 tatis
218 4686 373 4763 liberum,
409 4706 444 4747 ac
477 4706 567 4747 secus
600 4687 682 4746 viam
715 4705 770 4746 seu
804 4685 940 4766 plateam
974 4706 1181 4748 communem
1222 4686 1377 4764 habitam,

113 4811 209 4852 unam
236 4792 384 4852 videlicet
408 4805 553 4873 quartam
579 4793 665 4852 curie
690 4792 729 4852 ad
755 4811 848 4851 usum
874 4793 1009 4855 civitatis
1027 4793 1057 4852 in
1083 4813 1115 4854 se
1141 4793 1377 4868 continentem,
