3142 5356
542 479 746 560 Anno1483.
772 519 811 528 -
836 500 885 547 22.
902 488 1054 562 siznuarii.
1392 513 1428 574 ¹9

195 583 1430 645 ᾓ-ῇ-ᾕΙ-,ᾕ-

273 692 344 754 ltem
369 713 497 755 causam
524 695 607 756 inter
631 695 795 757 Thomam
827 711 982 758 sartorem
1015 713 1045 760 et
1070 701 1244 762 Martinum
1269 717 1426 765 sartorem

195 814 238 874 pro
255 797 340 860 domo
364 820 420 861 seu
438 800 537 879 civili,
562 799 703 882 prelatus
728 802 873 864 Thomas
890 804 1065 884 appellavit
1085 807 1124 867 ad
1143 809 1285 869 seniores
1302 809 1426 890 judices

196 902 250 980 quia
268 904 354 984 jurati
380 905 654 970 confirmaverunt
677 908 785 970 literas
809 909 947 971 condam
976 911 1100 973 Rausar
1124 913 1156 974 in
1182 915 1299 995 quibus
1324 917 1428 978 conti-

196 1022 263 1068 netur
282 1012 364 1093 quod
399 1012 486 1074 Elias
518 1013 641 1075 Judeus
672 1014 878 1076 medietatem
912 1016 1056 1078 eiusdem
1088 1018 1204 1081 domus
1238 1021 1428 1084 vendiderat

196 1112 285 1178 lacobo
307 1119 497 1201 Eberspecz,
522 1122 582 1182 sub
606 1120 715 1203 sigillo
739 1120 905 1203 pendenti.

273 1223 344 1286 item
377 1226 409 1287 in
443 1246 537 1287 causa
570 1227 652 1289 inter
684 1228 783 1288 Jwrse
812 1228 851 1288 de
883 1228 1049 1290 Montibus
1073 1245 1103 1291 et
1135 1251 1267 1293 uxorem
1293 1234 1426 1315 Mylrule

198 1327 291 1391 racione
313 1332 408 1393 unius
432 1333 540 1411 solidi,
564 1331 705 1415 prefatus
729 1335 818 1395 Jurse
844 1350 890 1396 est
918 1336 1085 1397 convictus
1109 1337 1140 1398 in
1165 1339 1331 1420 patworia,
1354 1360 1426 1421 pre·

197 1427 241 1493 lara
260 1453 354 1500 autem
381 1459 461 1500 uxor
493 1441 638 1502 eiusdem
671 1441 794 1503 Mikule
823 1456 869 1503 est
900 1457 1023 1525 reperta
1055 1444 1135 1524 justa
1160 1459 1190 1506 et
1216 1446 1246 1506 in
1272 1447 1424 1508 omnibus

197 1536 312 1623 inmunis,
335 1547 429 1628 jurati
458 1546 734 1628 adjudicaverunt.

271 1651 341 1714 ltem
367 1654 459 1716 Jurse
484 1655 659 1716 modernus
679 1655 800 1737 juratus
817 1655 913 1718 debet
929 1656 1091 1738 deponere
1108 1656 1324 1737 juramentum
1342 1673 1421 1719 met-

194 1767 272 1817 sertus
291 1760 321 1819 in
346 1781 400 1821 ara
425 1773 532 1822 sancte
558 1761 671 1823 Crucis
695 1760 772 1823 feria
805 1777 891 1822 sexta
916 1763 1061 1844 proxime
1086 1777 1219 1825 ventura
1244 1764 1332 1845 quod
1358 1765 1424 1846 ipse

193 1863 332 1935 quandam
359 1886 465 1927 ceram
491 1887 556 1927 non
575 1867 762 1928 vendiderat
780 1866 856 1928 false
878 1868 928 1928 vel
955 1868 1100 1930 volenter
1128 1870 1299 1931 criminose
1316 1890 1421 1951 neque

193 1964 315 2049 volenter,
339 1973 395 2033 sed
421 1973 556 2052 contigit
579 1974 607 2034 ei
633 1973 737 2036 facere
763 1994 799 2034 ex
821 1975 1040 2056 inprovisione
1065 1973 1228 2036 funtarum
1254 1995 1333 2056 quas
1357 1995 1423 2036 non

189 2089 366 2156 conspexerat
390 2099 495 2159 neque
521 2081 602 2140 bene
626 2081 894 2159 consideraverat,
922 2081 1016 2162 jurati
1041 2081 1317 2162 adjudicaverunt.

266 2184 340 2245 ltem
359 2206 488 2246 causam
506 2187 587 2248 inter
604 2187 769 2248 dominam
793 2187 991 2248 Dorotheam
1008 2188 1152 2249 relictam
1171 2189 1309 2249 condam
1328 2189 1423 2249 Blasii

183 2284 322 2370 institoris,
346 2294 386 2353 ab
412 2313 486 2370 una,
513 2307 543 2354 et
568 2293 767 2376 Stephanum
793 2295 952 2355 literatum
971 2295 1189 2376 proquodam
1215 2296 1323 2376 pipere
1342 2295 1423 2355 eius-

178 2392 237 2456 dem
260 2398 389 2460 domine
414 2420 473 2480 pro
498 2399 614 2462 debitis
639 2401 782 2462 eiusdem
802 2400 954 2482 Stephani
980 2401 1096 2461 literati
1122 2400 1421 2480 Quinqueecclesiis

174 2505 295 2581 arestari,
312 2505 379 2587 ipse
404 2505 586 2588 Stephanus
609 2508 752 2569 literatus
770 2507 889 2589 recepit
916 2527 949 2568 se
973 2507 1012 2568 ad
1038 2507 1144 2588 legem
1169 2507 1418 2570 communitatis.

190 2739 279 2814 lesia
309 2751 435 2833 quarta
464 2753 542 2816 ante
579 2746 702 2817 festum
731 2743 964 2815 Conversionis
993 2745 1082 2814 beati
1113 2743 1208 2815 Pauli
1237 2745 1393 2832 apostoli.

668 2902 730 2972 (22.
746 2899 911 2974 januarii).

262 3038 367 3100 Causa
399 3039 528 3101 racione
561 3038 677 3100 domus
714 3052 838 3100 murate
871 3037 1020 3099 videlicet
1052 3038 1195 3099 eiusdem
1230 3039 1421 3116 medietatis,

155 3165 254 3228 quam
278 3165 336 3227 pro
360 3165 446 3206 nunc
471 3144 612 3227 possidet
637 3144 838 3225 Margaretha
863 3145 971 3207 relicta
1002 3144 1121 3204 Mathis
1146 3147 1274 3206 sartoris
1300 3145 1419 3206 Radler

155 3251 244 3329 dicti,
269 3271 329 3333 que
355 3253 538 3313 vertebatur
563 3251 645 3312 inter
669 3250 806 3312 eandem
824 3251 989 3310 dominam
1012 3252 1052 3311 ab
1077 3270 1151 3328 una,
1177 3266 1210 3311 ut
1235 3251 1267 3311 in
1292 3270 1420 3312 causam

154 3373 332 3437 attractam,
357 3373 446 3442 parte
480 3378 556 3419 vero
588 3361 628 3420 ab
652 3359 750 3419 altera
784 3358 866 3419 inter
891 3357 1054 3418 Thomam
1086 3371 1241 3418 sartorem
1273 3377 1423 3438 procura-

153 3478 257 3527 torem
283 3465 369 3528 Galli
396 3465 575 3527 loricatoris
601 3465 742 3527 concivis
764 3464 920 3525 Budensis
945 3464 1081 3524 civitatis
1098 3463 1153 3524 filii
1179 3464 1329 3524 videlicet
1346 3484 1421 3525 con-

154 3573 230 3634 dam
258 3573 342 3634 Luce
367 3571 524 3633 Horwath
550 3593 587 3633 ex
612 3572 749 3632 condam
785 3569 916 3630 domina
943 3569 1116 3631 Katherina
1150 3569 1241 3630 aliter
1267 3569 1420 3632 Kathicza

154 3693 267 3740 vocata
290 3678 461 3760 procreati,
485 3698 558 3739 cum
575 3677 745 3738 sufficienti
764 3677 985 3755 procuratorio
1003 3677 1062 3736 sub
1079 3676 1186 3755 sigillo
1209 3676 1325 3735 minori
1344 3675 1422 3734 civi-

152 3787 228 3848 tatis
252 3785 421 3863 Budensis,
446 3787 505 3846 sub
529 3784 624 3846 titulo
649 3783 808 3865 Leopoldi
834 3803 892 3865 pro
917 3797 992 3843 tunc
1016 3782 1130 3863 judicis
1155 3781 1312 3842 Budensis
1336 3799 1421 3841 ema-

153 3893 248 3970 natis,
271 3893 360 3974 prius
384 3911 492 3953 coram
517 3891 623 3971 judice
648 3904 679 3951 et
702 3891 812 3972 juratis
837 3903 922 3950 mota
946 3904 976 3950 et
993 3903 1145 3964 vertente,
1171 3889 1229 3968 ipsi
1255 3888 1347 3965 jurati
1366 3887 1421 3947 ad·

152 3999 375 4079 judicaverant
400 3998 534 4061 eandem
559 3996 766 4059 medietatem
798 3997 913 4058 domus
946 4009 1112 4077 prenotate
1137 3994 1268 4054 domine
1295 3994 1419 4072 Marga-

153 4106 255 4183 rethe,
279 4105 504 4167 confirmando
528 4105 637 4166 literas
660 4105 798 4165 condam
820 4102 962 4164 Conradi
981 4103 1103 4162 Rausar
1121 4120 1177 4181 pro
1203 4113 1277 4160 tunc
1304 4098 1419 4178 judicis

152 4214 292 4276 civitatis
316 4226 436 4289 nostre,
462 4212 492 4272 in
518 4211 637 4293 quibus
669 4211 860 4286 continetur,
893 4208 980 4289 quod
1013 4208 1100 4267 Elias
1132 4206 1252 4267 Judeus
1286 4204 1420 4264 eandem

151 4321 289 4381 domum
315 4319 376 4380 sibi
402 4319 641 4399 inpignoratam
667 4316 854 4378 vendiderat
887 4317 1007 4375 lacobo
1034 4314 1196 4394 Eberspelr
1230 4312 1289 4371 sub
1314 4310 1422 4390 sigillo

150 4425 320 4510 pendenti,
345 4439 454 4485 tamen
487 4438 658 4485 annotatus
692 4422 838 4484 Thomas
873 4435 973 4482 sartor
1004 4434 1191 4502 procurator
1222 4417 1423 4499 supradictus

150 4533 290 4596 eandem
314 4550 444 4593 causam
470 4531 501 4592 in
527 4530 725 4612 presenciam
750 4530 913 4591 seniorum
943 4527 1084 4608 judicum
1111 4525 1327 4607 appellaverat
1352 4544 1423 4585 sen-

150 4643 244 4704 ciens
267 4659 300 4701 se
324 4652 505 4720 gravatum.
531 4640 598 4699 Nos
631 4638 738 4718 itaque
763 4637 905 4697 seniores
937 4634 1059 4716 judices
1088 4630 1165 4694 feria
1191 4646 1303 4713 quarta
1327 4651 1422 4713 supra

148 4748 280 4829 signata
306 4746 338 4807 in
363 4745 474 4807 sedem
500 4757 641 4806 nostram
664 4743 864 4823 judiciariam
898 4742 928 4801 in
955 4759 1056 4800 unum
1081 4738 1265 4818 congregati
1291 4757 1421 4798 causam

148 4856 258 4939 ipsam
282 4852 431 4914 similiter
455 4852 536 4912 inter
560 4864 665 4932 partes
682 4850 766 4931 ipsas
791 4867 897 4910 coram
922 4847 1016 4907 nobis
1033 4859 1153 4907 motam
1171 4863 1206 4904 ac
1232 4844 1306 4904 visis
1323 4843 1423 4904 literis

147 4976 183 5026 et
208 4959 391 5023 literalibus
408 4957 627 5020 instrumentis
643 4958 703 5017 sub
726 4955 834 5035 sigillo
860 4969 968 5015 nostro
986 4952 1138 5035 pendenti
1157 4951 1312 5012 emanatis
1327 4967 1424 5069 ²super
