3156 5364
257 503 334 566 ltem
360 504 505 588 Gyurgia
530 505 639 564 relicta
665 518 696 564 et
721 502 849 587 Mathey
871 523 906 563 ac
925 502 1085 585 Georgius
1108 502 1166 564 filii
1185 504 1322 564 condam
1350 503 1416 563 Ste-

152 612 248 695 phani
273 611 330 673 filii
349 612 476 673 Andree
502 611 541 671 de
560 609 771 692 Opporouch,
796 610 827 670 in
854 630 910 671 sua
936 630 1076 672 necnon
1095 611 1187 672 Pauli
1214 626 1244 672 et
1263 609 1416 691 Stephani

152 717 293 779 filiorum
318 718 461 779 annotati
489 716 644 798 Stephani
668 714 725 777 filii
756 716 884 777 Andree
917 736 953 776 ex
980 717 1096 778 eodem
1121 731 1152 777 et
1176 716 1259 777 dicta
1286 715 1417 776 domina

154 823 300 907 Gyurgia
325 838 565 906 procreatorum
585 822 740 904 personis,
766 842 862 883 omne
880 843 962 883 onus
979 836 1009 884 et
1025 843 1198 904 gravamen
1224 823 1256 883 in
1282 843 1315 882 se
1332 842 1417 882 assu·

153 932 293 1009 mendo,
326 931 488 1013 quandam
522 931 656 991 domum
691 951 802 992 eorum
834 931 965 992 totalem
999 932 1030 991 in
1064 932 1147 993 dicta
1178 931 1307 992 civitate
1341 931 1420 990 inter

156 1037 273 1098 domos
304 1050 334 1098 et
366 1035 484 1098 fundos
516 1037 691 1097 liberorum
724 1036 861 1097 condam
895 1036 980 1097 iwan
1014 1037 1128 1119 Jelkyn
1164 1037 1240 1097 dicti
1265 1051 1296 1097 et
1329 1035 1419 1097 Pauli

156 1142 297 1204 Theklin
323 1143 542 1224 cognominati
581 1141 723 1203 habitam
749 1157 779 1203 et
799 1143 1000 1220 existentem,
1025 1143 1165 1204 mediam
1190 1143 1311 1204 curiam
1338 1143 1369 1202 in
1386 1161 1420 1202 se

154 1249 384 1326 continentem,
408 1249 503 1310 simul
529 1268 602 1309 cum
628 1249 797 1309 medietate
831 1249 939 1310 celarii
968 1271 1002 1310 ac
1035 1251 1164 1331 penoris
1190 1269 1247 1310 seu
1273 1250 1421 1311 introitus

156 1356 313 1433 eiusdem,
349 1355 460 1416 domui
485 1355 661 1415 liberorum
698 1375 754 1415 seu
779 1375 996 1417 successorum
1030 1356 1248 1438 predictorum
1274 1357 1417 1417 annotati

155 1461 292 1523 condam
320 1460 404 1522 lwan
429 1461 542 1545 Jelkyn
568 1461 797 1541 subjacentem,
822 1462 956 1543 aliisque
988 1463 1109 1522 cunctis
1135 1462 1278 1543 ipsorum
1304 1463 1420 1523 domus

155 1581 185 1629 et
209 1565 434 1628 hedificiorum
460 1587 495 1628 ac
520 1567 703 1628 medietatis
736 1568 843 1628 celarii
869 1583 900 1629 et
932 1569 1081 1628 introitus
1105 1568 1206 1649 ipsius
1231 1568 1421 1630 utilitatibus

155 1689 185 1735 et
209 1673 415 1755 pertinenciis
440 1673 597 1734 universis
622 1674 759 1754 provido
785 1674 854 1733 viro
880 1674 1028 1734 Emerico
1053 1674 1165 1734 sartori
1190 1671 1259 1734 filio
1284 1674 1420 1749 Nicolai,

154 1779 218 1859 jam
244 1793 353 1840 nostro
378 1779 502 1839 concivi
529 1792 559 1840 et
584 1798 639 1860 per
664 1799 738 1840 eum
762 1780 827 1839 suis
848 1779 1021 1840 heredibus
1045 1799 1103 1861 pro
1128 1779 1281 1840 tredecim
1308 1780 1420 1841 marcis

156 1886 362 1946 denariorum
389 1885 534 1946 vendidit
557 1900 714 1966 perpetuo
739 1885 978 1966 possidendam.

262 1991 338 2051 ltem
364 1993 463 2072 proba
488 2006 519 2052 et
543 1990 676 2052 honesta
701 1992 832 2052 domina
862 1991 1026 2052 Dorothea
1051 2005 1173 2069 vocata,
1198 1990 1263 2052 filia
1283 1992 1416 2052 condam

159 2097 302 2178 magistri
328 2096 481 2178 Stephani
513 2097 628 2158 literati
659 2096 716 2158 filii
748 2098 847 2171 Pauli,
881 2117 1012 2158 consors
1045 2097 1173 2179 Mathye
1205 2096 1262 2158 lilii
1290 2098 1419 2159 Andree

158 2202 345 2264 habitatoris
370 2203 515 2279 civitatis,
540 2203 694 2282 quasdam
720 2204 938 2284 possessiones
954 2203 1104 2264 videlicet
1127 2203 1261 2264 domurn
1288 2204 1418 2264 indicta

160 2309 287 2370 civitate
312 2308 394 2368 inter
418 2308 534 2369 domos
558 2322 588 2369 et
612 2309 714 2369 curias
738 2309 880 2369 virorum
898 2309 1106 2391 providorum
1133 2309 1276 2390 magistri
1303 2309 1417 2370 Mathei

158 2415 286 2492 literati,
310 2414 468 2475 scolastici
494 2428 524 2474 et
549 2415 690 2474 concivis
720 2415 818 2474 nostri
843 2413 900 2475 filii
927 2415 1013 2476 Luce
1039 2413 1095 2475 filii
1120 2415 1221 2492 Rade,
1247 2430 1278 2476 et
1296 2416 1420 2476 andree

158 2521 233 2581 dicti
260 2520 408 2581 Swechar
446 2519 585 2580 habitam
611 2535 641 2580 et
666 2521 865 2597 existentem,
897 2521 956 2581 tria
982 2520 1139 2600 quartalia
1163 2521 1202 2580 ad
1229 2540 1323 2581 usum
1349 2521 1420 2581 civi·

157 2627 229 2688 tatis
254 2627 284 2686 in
309 2646 342 2686 se
360 2626 597 2701 continentem;
623 2627 699 2687 item
724 2626 878 2707 quasdam
898 2627 1067 2708 porciones
1083 2626 1225 2687 vineales
1242 2647 1299 2687 seu
1317 2627 1421 2687 vineas

159 2733 191 2793 in
216 2733 376 2794 territorio
405 2733 540 2793 civitatis
565 2733 646 2793 inter
665 2734 774 2793 vineas
798 2734 974 2793 liberorum
992 2733 1130 2793 condam
1151 2732 1350 2813 Sigismundi
1367 2731 1420 2793 filii

159 2839 299 2920 Philippi
325 2838 381 2899 filii
408 2837 553 2899 Mauricii
579 2859 594 2898 a
620 2853 707 2919 parte
726 2838 941 2915 meridionali,
966 2853 996 2898 et
1018 2859 1034 2898 a
1059 2852 1148 2919 parte
1171 2838 1422 2920 septemtrionali

159 2946 315 3006 Anthonii
342 2945 416 3005 dicti
436 2943 613 3026 Pykuthich
638 2942 695 3005 filii
714 2945 858 3022 Fabiani,
883 2944 978 3004 simul
997 2964 1069 3005 curn
1094 2943 1211 3024 (h)orto
1237 2959 1268 3006 et
1284 2946 1422 3027 virgulto

161 3051 282 3111 eisdem
308 3050 495 3130 subjacenti,
519 3050 656 3131 desuper
680 3070 696 3110 a
722 3051 771 3110 via
796 3049 960 3110 communi
980 3049 1060 3110 inira
1085 3069 1186 3131 usque
1210 3051 1352 3112 rivulum
1368 3070 1422 3112 seu

161 3156 330 3217 decursum
357 3176 440 3236 aque
465 3156 615 3237 pluvialis
639 3175 671 3216 se
701 3155 946 3230 extendentem3
972 3155 1048 3216 item
1073 3156 1173 3216 eciam
1199 3158 1362 3236 quandam
1380 3157 1422 3216 vi-

160 3282 253 3323 neam
272 3263 302 3323 in
329 3263 442 3323 eodem
462 3262 622 3322 territorio
640 3261 776 3323 civitatis
800 3281 837 3322 ex
854 3261 1005 3341 opposito
1030 3261 1215 3322 earumdem
1234 3263 1422 3344 portionum

160 3371 346 3447 vinealium,
361 3370 442 3431 inter
455 3369 564 3429 vineas
583 3368 734 3428 Friderici
761 3382 791 3428 et
808 3367 985 3450 Elyzabeth
1003 3370 1043 3428 ab
1067 3388 1129 3428 una
1154 3382 1254 3448 parte,
1270 3371 1311 3429 ab
1328 3370 1423 3431 altera

160 3496 236 3537 vero
262 3477 472 3557 Margarethe,
498 3474 654 3536 Anthonii
680 3489 710 3535 et
735 3475 860 3534 Lucasii
886 3494 902 3534 a
928 3488 1016 3551 parte
1041 3474 1187 3535 orientali
1212 3475 1325 3551 sitam;
1350 3477 1423 3536 item

160 3582 323 3663 quandam
348 3597 462 3643 terram
489 3581 641 3642 arabilem
669 3581 699 3640 in
722 3598 836 3660 campo
862 3595 970 3640 nostro
988 3581 1020 3640 in
1045 3581 1207 3642 vicinitate
1232 3595 1316 3643 terre
1335 3581 1422 3642 Pauli

163 3689 321 3769 Hungari,
345 3709 361 3748 a
388 3702 476 3768 parte
501 3686 648 3746 orientali
674 3700 705 3746 et
728 3705 817 3746 secus
841 3685 925 3745 viam
951 3705 1157 3746 communem
1183 3707 1200 3747 a
1225 3688 1319 3767 plaga
1344 3687 1423 3748 occi-

161 3794 280 3855 dentali
306 3794 458 3870 habitam,
492 3813 544 3852 sex
569 3793 644 3852 citra
678 3792 778 3853 dietas
807 3808 887 3851 terre
921 3792 951 3852 in
977 3812 1010 3852 se
1043 3793 1273 3871 continentem,
1300 3795 1331 3855 in
1357 3794 1423 3855 Cri·

164 3899 309 3960 kwesche
342 3913 473 3973 vocato;
519 3899 592 3958 item
626 3899 725 3958 eciam
760 3898 925 3977 quoddam
958 3896 1055 3959 fenile
1092 3899 1123 3958 in
1155 3900 1271 3960 eodem
1314 3920 1424 3982 campo

162 4020 271 4066 nostro
297 4005 378 4065 inter
402 4003 574 4084 quemdam
608 4005 715 4063 locum
742 4003 843 4063 Wdol
875 4003 997 4063 dictum
1022 4018 1052 4064 et
1076 4018 1175 4064 terras
1207 4020 1314 4067 nostre
1339 4027 1424 4067 com·

162 4111 337 4187 munitatis,
361 4110 401 4170 ad
418 4125 480 4170 tres
497 4110 598 4170 dietas
624 4109 654 4169 in
676 4130 709 4170 se
727 4109 958 4187 continentem,
983 4108 1067 4187 juxta
1085 4125 1234 4172 contenta
1260 4112 1422 4172 literarum

163 4229 317 4276 annotato
343 4214 472 4296 Mathye
498 4216 612 4275 marito
645 4235 703 4276 suo
728 4229 758 4276 et
786 4236 823 4274 ex
849 4215 925 4296 ipsis
957 4216 1173 4296 superviventi
1199 4217 1333 4278 donavit
1360 4238 1424 4299 per·

162 4335 258 4402 petuo
285 4321 522 4402 possidendam.

269 4427 345 4489 ltem
372 4428 532 4488 Fabianus
550 4428 767 4509 carpentarius
785 4427 870 4488 filius
893 4428 986 4504 Petri,
1004 4427 1166 4508 quandam
1185 4428 1320 4490 domum
1338 4449 1425 4491 suam

163 4532 257 4593 simul
283 4553 356 4594 cum
382 4532 482 4594 lundo
507 4548 537 4594 et
561 4533 717 4594 hedificiis
741 4534 772 4593 in
799 4533 882 4594 dicta
907 4534 1035 4594 civitate
1060 4549 1143 4595 retro
1168 4535 1266 4596 aliam
1292 4536 1425 4597 domum

163 4639 307 4701 eiusdem
332 4640 465 4701 Fabiani
489 4640 694 4716 anteriorem,
718 4640 750 4700 in
783 4654 932 4720 postergo
964 4653 1075 4720 utputa
1102 4639 1218 4701 domus
1251 4661 1308 4703 sue
1341 4656 1424 4702 ante·

164 4745 256 4806 rioris
280 4745 432 4827 predicte,
458 4765 554 4806 unam
588 4759 733 4826 quartam
759 4746 845 4806 curie
880 4746 911 4805 in
937 4765 969 4805 se
1002 4747 1234 4824 continentem,
1266 4767 1339 4809 cum
1364 4747 1427 4809 suis
