3142 5356
198 321 255 384 ¹72
723 302 809 357 Anno
831 313 923 376 1429.

193 514 233 574 ab
248 511 328 573 infra
346 512 413 573 vias
430 532 618 573 communes
635 512 738 587 sitam,
759 511 854 572 simul
873 531 945 574 cum
965 512 1135 572 medietate
1150 509 1274 570 kouche
1293 522 1324 570 et
1336 507 1453 588 (hlorei,

194 639 266 680 cum
281 620 346 679 suis
364 619 579 700 pertinenciis,
603 637 667 698 que
684 618 820 678 condam
844 618 982 678 Emerici
1001 615 1168 678 Petrenich
1191 613 1364 696 prefuerat,
1380 633 1450 673 ven-

195 726 276 786 didit
300 738 455 807 perpetuo
472 723 719 806 possidendam
743 724 838 784 aliam
857 743 933 785 vero
951 724 1095 784 eiusdem
1118 721 1210 782 vinee
1235 720 1450 794 medietatem,

192 831 287 891 simul
313 850 384 891 cum
411 830 582 891 medietate
600 827 701 889 kuche
726 842 757 890 et
780 828 894 911 (hlorei
921 849 993 890 cum
1011 829 1076 889 suis
1099 826 1307 909 pertinenciis
1332 823 1452 905 Agatha

195 936 311 997 mulier
335 936 443 996 relicta
470 935 568 1016 ipsius
586 935 724 995 Emerici
749 953 785 994 ex
811 935 956 996 eiusdem
974 935 1140 1015 legacione
1160 933 1338 993 dinoscitur
1356 930 1452 1012 possi-

192 1041 279 1119 dere,
298 1043 339 1103 ita
357 1056 474 1119 tamen,
493 1040 606 1121 (quod)
620 1041 679 1121 ipsi
697 1040 821 1122 Ztoylro
838 1055 869 1101 et
884 1040 1009 1120 Agatha
1020 1059 1075 1101 sua
1093 1058 1224 1101 consors
1239 1051 1304 1099 tres
1322 1036 1454 1098 cubulos

196 1148 290 1208 musti
309 1148 401 1208 vinea
420 1147 458 1206 de
476 1146 589 1207 eadem
614 1145 704 1206 totali
730 1145 769 1205 ad
787 1145 1080 1207 confraternitatem
1099 1144 1331 1206 Sclauonicalis
1348 1143 1450 1204 colen·

194 1252 259 1313 dini
279 1253 413 1332 singulis
426 1252 518 1312 annis
531 1265 561 1312 et
585 1271 696 1312 eorum
711 1253 814 1312 cuncti
829 1270 1026 1312 successores
1049 1250 1229 1312 conducere
1245 1250 1449 1311 tenebuntur.

298 1359 373 1419 ltem
400 1359 474 1439 quia
500 1359 640 1439 quedam
665 1358 757 1419 vinea
783 1358 813 1418 in
840 1358 1001 1419 territorio
1026 1371 1135 1418 nostro
1158 1376 1214 1418 seu
1238 1371 1320 1417 terra
1347 1368 1454 1416 nostra

192 1464 418 1541 condicionali,
444 1465 525 1524 inter
550 1464 659 1524 vineas
683 1464 924 1525 condicionales
943 1463 1081 1525 Emerici
1107 1462 1196 1544 parvi
1221 1460 1278 1522 filii
1305 1461 1454 1535 Emerici,

191 1590 248 1652 per
265 1584 365 1630 metas
390 1571 540 1630 arborum
561 1570 661 1630 cerusi
685 1584 716 1630 et
741 1570 869 1647 merusi,
895 1583 925 1630 et
943 1569 1038 1630 Blasii
1059 1567 1256 1629 Kurmanich
1275 1582 1454 1628 nostrorum

191 1677 370 1738 concivium
412 1675 517 1736 habita
543 1691 573 1736 et
597 1676 745 1753 existens,
770 1676 906 1756 desuper
930 1695 947 1735 a
972 1676 1022 1735 via
1048 1674 1224 1752 communi,
1248 1671 1331 1734 infra
1356 1692 1455 1754 usque

191 1782 342 1848 rivulum.
379 1801 451 1842 cum
485 1781 624 1861 virgulto
657 1781 761 1842 eidem
794 1782 886 1842 vinee
916 1780 1093 1860 subiacenti
1127 1800 1159 1841 se
1191 1780 1379 1857 extendens,
1403 1798 1456 1861 per

192 1887 362 1949 Crisanum
388 1886 490 1948 filium
515 1887 658 1948 lwchech
684 1900 714 1948 et
746 1888 912 1948 dominam
936 1887 1050 1948 Vrsula
1076 1901 1233 1965 vocatam,
1257 1884 1357 1947 filiam
1383 1904 1454 1946 con·

192 1993 265 2054 dam
301 1995 413 2055 Lowre
446 1992 611 2071 carnificis,
642 2007 823 2054 consortem
857 1993 956 2073 ipsius
989 1992 1126 2068 Crisani,
1158 1991 1278 2053 inculta
1302 1991 1404 2052 extitit
1427 2004 1455 2051 et

191 2100 332 2161 totaliter
357 2100 387 2160 in
414 2098 697 2160 inlorestacionem
723 2112 753 2159 et
771 2098 1010 2159 desolacionem
1029 2098 1214 2180 perhibetur
1239 2098 1402 2174 devenire,
1419 2116 1453 2156 ex

191 2226 229 2267 eo
255 2207 322 2288 ipsa
346 2207 438 2266 vinea
464 2225 559 2287 super
584 2224 642 2266 nos
675 2219 705 2266 et
730 2205 945 2265 collacionem
970 2225 1005 2265 ac
1039 2204 1290 2286 disposicionem
1316 2218 1452 2264 nostram

190 2331 395 2374 communem
415 2313 591 2372 dinoscitur
608 2308 675 2372 lore
697 2311 893 2387 devolutam,
912 2311 1049 2391 ideoque
1069 2330 1127 2371 nos
1157 2325 1322 2391 tamquam
1341 2311 1454 2390 quibus

191 2420 348 2480 incumbit
380 2432 555 2499 proventus
587 2436 776 2478 communes
816 2418 926 2497 augeri
959 2417 1093 2477 eandem
1127 2417 1253 2477 vincam
1288 2435 1361 2477 cum
1393 2417 1455 2476 suis

190 2525 396 2607 pertinenciis
420 2539 450 2585 et
474 2524 666 2584 condicione
691 2521 890 2604 infrascripta
919 2522 1064 2604 predicto
1090 2523 1239 2584 Emerico
1264 2523 1373 2584 vicino
1397 2542 1453 2604 pro

190 2631 290 2691 tribus
314 2650 386 2691 cum
413 2630 516 2690 media
552 2629 665 2689 marcis
696 2629 902 2690 denariorum
937 2628 1143 2689 vendidimus
1167 2643 1323 2711 perpetuo
1356 2629 1453 2710 possi·

190 2736 342 2814 dendam,
369 2736 409 2795 ita
435 2752 554 2813 tamen,
579 2735 667 2815 quod
701 2735 768 2815 ipse
794 2735 961 2796 Emericus
994 2749 1025 2797 et
1048 2735 1096 2795 sui
1129 2736 1234 2796 cuncti
1257 2735 1391 2796 heredes
1414 2735 1453 2795 de

189 2843 300 2903 eadem
320 2841 411 2901 vinea
428 2856 548 2901 sextam
566 2855 686 2922 partem
708 2840 773 2901 vini
792 2840 830 2900 ad
850 2841 1037 2902 comitatum
1055 2855 1198 2903 nostrum
1217 2841 1316 2922 vulgo
1335 2844 1450 2924 lrnesya

191 2949 311 3009 dictum
336 2947 516 3008 conducere
541 2948 745 3008 tenebuntur.

296 3055 374 3116 Item
400 3054 590 3115 Valentinus
613 3052 698 3113 filius
723 3053 834 3130 Marci,
862 3052 1020 3113 habitator
1044 3053 1191 3131 civitatis,
1217 3053 1381 3134 quandam
1407 3053 1450 3114 vi·

189 3180 282 3221 neam
308 3180 399 3221 suam
424 3161 455 3220 in
488 3160 648 3220 territorio
681 3160 818 3220 civitatis
850 3159 931 3218 inter
962 3160 1071 3220 vineas
1103 3159 1280 3220 liberorum
1304 3180 1362 3222 seu
1385 3181 1452 3222 suc·

189 3286 351 3328 cessorum
376 3266 512 3327 condam
540 3265 672 3345 Georgii
700 3266 832 3325 Wllrow
866 3279 896 3326 et
921 3264 1049 3326 Andree
1081 3286 1118 3326 ac
1143 3264 1276 3345 Georgii
1301 3266 1452 3345 habitam,

188 3372 326 3455 desuper
349 3395 365 3434 a
392 3375 441 3434 via
467 3374 630 3434 communi
658 3371 739 3432 infra
776 3391 875 3452 usque
901 3371 1053 3449 rivulum,
1084 3372 1181 3433 simul
1206 3392 1278 3433 cum
1303 3375 1453 3454 virgulto,

190 3480 334 3540 Fabiano
359 3479 426 3540 filio
452 3479 584 3559 Georgii
610 3492 640 3539 et
665 3498 720 3558 per
745 3497 818 3538 eum
844 3478 909 3537 suis
938 3477 1112 3538 heredibus
1135 3499 1172 3538 ex
1196 3499 1354 3541 consensu
1379 3481 1453 3541 vici·

189 3605 303 3645 norum
319 3605 377 3666 pro
393 3605 509 3645 novem
524 3585 638 3644 marcis
652 3584 858 3644 denariorum
882 3583 1027 3645 vendidit
1041 3600 1196 3666 perpetuo
1214 3587 1452 3667 possidendam.

295 3691 370 3751 ltem
396 3691 559 3772 quandam
584 3691 711 3751 vineam
731 3690 857 3771 providi
875 3690 1012 3750 condam
1031 3692 1088 3751 viri
1114 3690 1270 3752 Anthonii
1295 3690 1352 3752 filii
1371 3692 1451 3753 Lau·

189 3797 298 3866 reticii,
327 3797 357 3856 in
383 3798 543 3858 territorio
569 3797 705 3857 civitatis
730 3798 811 3856 inter
835 3796 943 3856 vineas
972 3797 1147 3857 liberorum
1167 3798 1257 3858 Pauli
1283 3798 1451 3880 piscatoris

190 3916 220 3962 et
245 3902 420 3963 liberorum
440 3903 576 3964 condam
597 3903 692 3963 Blasii
710 3902 883 3964 Nausichin
898 3903 1002 3981 sitam,
1027 3904 1164 3985 desuper
1187 3924 1203 3964 a
1229 3902 1348 3965 fossato
1373 3903 1452 3967 infra

189 4027 290 4088 usque
317 4009 401 4068 viam
427 4029 645 4085 communem,
670 4030 741 4070 cum
775 4029 884 4070 secura
916 4009 1027 4070 semita
1052 4028 1109 4090 per
1140 4010 1335 4071 territorium
1360 4012 1451 4072 vinee

190 4113 333 4193 ipsorum
367 4115 543 4174 liberorum
579 4116 667 4175 Pauli
701 4131 732 4174 ct
764 4115 859 4175 Blasii
892 4114 1085 4192 Nausichin,
1118 4129 1149 4176 et
1173 4115 1243 4175 aliis
1267 4116 1333 4176 suis
1358 4118 1450 4196 perti·

190 4220 322 4296 nenciis,
349 4221 448 4280 Blene
486 4219 550 4280 filie
576 4221 649 4281 dicti
677 4221 766 4280 l'auli
800 4221 965 4301 piscatoris
1000 4222 1108 4282 relicte
1132 4220 1208 4281 dicti
1233 4220 1389 4283 Anthonii
1415 4242 1450 4283 ex

186 4323 355 4387 sufficienti
381 4328 428 4386 sui
455 4329 725 4408 comprobacione
764 4328 794 4387 in
821 4331 952 4387 katerno
977 4328 1041 4387 alio
1066 4341 1175 4389 nostro
1202 4327 1343 4407 judiciali
1369 4329 1450 4391 clare

187 4433 356 4511 assignata,
382 4434 551 4493 statuimus
574 4449 730 4515 perpetuo
754 4433 992 4515 possidendam.

294 4538 371 4600 ltem
398 4539 482 4599 livan
501 4555 531 4600 et
549 4541 746 4602 Laurencius
763 4542 906 4601 literatus
922 4539 979 4600 filii
998 4539 1131 4619 Georgii
1149 4538 1344 4620 fistulatoris,
1362 4541 1449 4602 habi·

186 4657 305 4705 tatores
330 4645 477 4725 civitatis,
503 4647 663 4725 quandam
698 4648 825 4706 vineam
851 4647 881 4706 in
915 4647 1076 4706 territorio
1101 4661 1209 4707 nostro
1235 4646 1317 4708 inter
1342 4648 1450 4710 vineas

188 4751 315 4812 Martini
343 4750 399 4812 lilii
426 4752 542 4813 Detrici
573 4766 602 4812 ct
628 4753 717 4813 Pauli
750 4752 807 4813 filii
834 4753 997 4813 Martonos
1022 4753 1174 4829 habitam,
1211 4772 1307 4833 quam
1333 4754 1372 4814 de
1397 4774 1447 4816 su·
