3142 5356
514 491 716 573 Ann01487.
742 529 783 538 —
807 509 860 574 14.
882 492 1047 557 decembris.

254 709 332 771 ltem
357 727 452 770 causa
483 707 566 771 inter
597 707 729 770 Gallum
762 706 945 770 Chudelich
975 720 1007 769 et
1038 709 1215 791 Symonem
1248 720 1416 786 sartorem,

147 815 261 877 citacio
285 815 399 898 prima.

254 920 332 983 ltem
355 940 452 983 causa
468 920 551 983 inter
572 919 705 983 Gallum
722 919 916 1000 Chudelich,
933 920 1056 982 Lucam
1073 920 1225 982 Ribaricz
1242 933 1274 982 et
1297 919 1416 982 Valen-

83 1018 89 1029 “
147 1028 252 1091 tinum
277 1027 448 1107 decanum,
473 1027 587 1090 citacio
609 1027 723 1110 prima.

254 1134 333 1198 ltem
358 1154 452 1197 causa
477 1135 559 1196 inter
582 1134 793 1198 Valentinum
824 1132 1009 1196 carnificem
1033 1147 1065 1197 et
1090 1134 1226 1196 Paulum
1251 1147 1420 1214 sartorem,

148 1242 263 1306 citacio
286 1241 401 1326 prima.

256 1349 335 1412 ltem
360 1347 417 1431 (in)
435 1369 528 1411 causa
545 1349 627 1411 inter
645 1348 870 1411 Sebastianum
888 1363 919 1412 et
934 1347 1092 1411 famulum
1110 1367 1215 1428 suum,
1238 1347 1416 1429 judicatum

152 1470 209 1536 est,
234 1455 322 1539 quod
348 1455 555 1517 Sebastianus
579 1455 676 1517 debet
706 1454 811 1536 jurare
836 1455 868 1516 in
892 1475 945 1517 ara
977 1468 1084 1518 sancte
1110 1455 1223 1518 Crucis
1247 1455 1338 1516 cuius
1362 1476 1419 1516 va·

149 1563 225 1625 lotis
249 1561 310 1624 fuit
335 1561 389 1624 ille
414 1581 517 1644 equus
541 1581 639 1643 quem
663 1560 805 1623 famulus
821 1581 898 1623 suus
922 1561 1080 1644 perdidit;
1104 1582 1215 1624 servus
1238 1581 1315 1624 vero
1341 1580 1419 1622 suus

149 1667 245 1730 debet
269 1667 431 1751 deponere
456 1667 673 1748 juramentum
697 1667 738 1729 ad
763 1684 878 1730 manus
901 1667 1016 1750 judicis
1040 1683 1159 1750 quanta
1185 1668 1324 1749 dampna
1343 1666 1419 1730 fecit

80 1763 84 1771 ’
150 1774 340 1837 Sebastiano
365 1773 500 1836 domino
524 1792 594 1836 suo.
619 1773 681 1836 Pro
705 1774 777 1836 aliis
804 1787 912 1837 autem
948 1774 1097 1858 dampnis
1121 1794 1184 1856 que
1209 1772 1284 1836 fecit
1308 1794 1419 1835 servus

151 1880 341 1960 Sebastiani,
353 1880 561 1943 Sebastianus
571 1879 702 1942 habebit
712 1879 927 1962 juramentum
939 1881 1100 1963 deponere
1115 1880 1154 1941 ad
1168 1900 1283 1942 manus
1292 1880 1418 1960 judicis.

257 1987 363 2051 Causa
388 1987 471 2049 inter
488 1985 620 2050 Gallum
638 1986 831 2067 Chudelich,
849 1988 969 2049 Lucam
987 1987 1136 2049 Ribaricz
1154 2002 1184 2048 et
1210 1988 1419 2049 Valentinum

150 2094 321 2173 decanum,
346 2094 460 2156 citacio
485 2092 635 2156 secunda.

257 2200 362 2263 Causa
388 2201 470 2262 inter
494 2201 637 2263 relictam
664 2199 792 2262 Mertlin
815 2213 846 2262 et
863 2198 998 2262 Paulum
1015 2213 1180 2277 sartorem,
1207 2201 1292 2262 idem
1318 2215 1420 2262 sartor

149 2307 293 2369 secundo
317 2306 432 2369 citatus
456 2326 523 2369 nou
547 2306 738 2388 comparuit.

257 2412 398 2476 Causam
423 2433 519 2495 quam
545 2411 813 2494 adjudicaverunt
844 2411 938 2493 jurati
970 2413 1052 2474 inter
1077 2412 1208 2474 Gallum
1236 2412 1419 2474 Chudelich

150 2533 181 2582 et
206 2520 404 2604 Symkonem
428 2519 484 2583 tali
509 2519 620 2598 modo,
652 2518 741 2601 quod
766 2519 851 2581 idem
884 2518 1006 2603 Symko
1038 2519 1162 2581 invenit
1186 2539 1314 2581 currum
1340 2520 1417 2581 dicti

151 2625 238 2689 Galli
263 2625 445 2689 Chudelich
471 2626 503 2687 in
527 2644 586 2687 suo
610 2622 701 2688 senili
733 2625 877 2708 proprio,
909 2639 938 2686 et
963 2625 1112 2687 dixerunt
1145 2639 1240 2688 testes
1265 2626 1320 2707 qui
1358 2625 1420 2688 hoc

150 2732 311 2813 viderunt,
336 2733 392 2816 qui
418 2733 540 2818 Symko
565 2732 687 2794 dictum
720 2751 849 2794 currum
882 2731 996 2814 prefati
1022 2731 1108 2795 Galli
1133 2731 1228 2814 fregit
1252 2745 1284 2795 et
1307 2734 1421 2812 secuit,

151 2851 183 2903 et
206 2840 239 2901 in
261 2838 323 2902 hoc
347 2838 489 2923 prelatus
513 2839 636 2923 Symko
659 2859 692 2900 se
714 2839 754 2901 de
778 2839 921 2921 dampno
945 2859 1003 2900 suo
1026 2840 1244 2916 contentavit;
1268 2839 1323 2900 sed
1349 2859 1421 2921 pre·

151 2945 234 3008 fatua
259 2944 373 3008 Gallus
397 2945 579 3008 Chudelich
612 2965 710 3028 quam
743 2944 938 3007 violenciam
962 2961 1175 3029 proposuerat
1206 2961 1316 3008 contra
1350 2966 1421 3028 pre·

152 3050 252 3114 fatum
279 3053 402 3136 Symko
435 3053 466 3113 in
501 3052 613 3114 eadem
646 3052 806 3114 violencia
838 3052 1004 3114 convictus
1036 3066 1067 3114 et
1094 3053 1350 3135 condempnatus
1375 3066 1423 3113 est

151 3157 292 3241 prelatus
317 3157 431 3222 Gallus
456 3158 636 3223 Chudelich
661 3159 793 3241 juratus.

258 3265 398 3329 Causam
423 3285 486 3348 que
512 3265 572 3328 luit
589 3267 670 3328 inter
693 3266 848 3328 Mathiam
867 3267 977 3329 Thaar
997 3280 1029 3329 et
1046 3267 1212 3328 dominam
1238 3265 1420 3327 Yalsiczam

153 3373 241 3437 idem
267 3373 405 3436 Mathias
429 3372 538 3434 Tbaar
570 3373 688 3435 dictam
720 3392 849 3436 causam
873 3374 997 3456 accepit
1028 3373 1068 3435 ad
1092 3372 1247 3454 judicium
1273 3373 1420 3434 civitatis.

224 3603 319 3684 lesia
347 3618 445 3684 sexta
472 3602 627 3701 proxima
655 3621 733 3701 post
760 3612 885 3685 lesturn
913 3620 1030 3686 sancte
1059 3605 1157 3686 lucie
1184 3603 1337 3702 virginis.

653 3767 717 3844 (14.
740 3766 914 3838 decembres).

259 3905 384 3967 Relicta
407 3904 568 3968 Verichna
591 3919 702 3968 contra
721 3906 927 3969 Valentinum
951 3906 1091 3985 judicem
1110 3907 1215 3989 primo
1241 3907 1334 3968 citata
1354 3926 1419 3968 non

154 4013 346 4096 comparuit.

260 4120 384 4182 Relicta
408 4119 568 4183 Verichna
600 4133 709 4182 contra
740 4120 949 4183 Valentinum
977 4119 1117 4203 judicem
1151 4119 1294 4182 secundo
1327 4121 1422 4182 citata

154 4247 220 4290 non
245 4226 436 4310 comparuit.

259 4334 339 4397 ltem
362 4333 553 4397 Valentinus
577 4333 674 4415 judex
704 4333 836 4397 habebit
866 4334 1063 4417 respondere
1095 4333 1135 4396 ad
1160 4334 1285 4416 objecta
1312 4334 1421 4395 relicte

154 4440 313 4504 Verichne
336 4455 409 4523 post
433 4439 690 4524 Carnisprivium
714 4441 811 4502 tercia
835 4439 915 4502 feria
939 4456 1037 4504 sexta.

261 4547 367 4609 Causa
392 4546 474 4608 inter
496 4560 654 4610 rectorem
669 4545 756 4609 scole
781 4560 812 4608 et
836 4547 957 4609 Lucam
974 4546 1158 4630 pellificem,
1176 4547 1290 4609 citacio
1308 4549 1421 4629 prima.

261 4652 367 4716 Causa
399 4653 481 4715 inter
512 4653 690 4735 Margetam
722 4652 1039 4736 Mrzlochepichnam
1072 4667 1103 4716 et
1144 4654 1225 4714 inter
1265 4653 1420 4714 Mathiam

156 4759 290 4841 Dragin,
313 4759 427 4821 citacio
452 4761 566 4842 prima.

263 4866 369 4929 Causa
393 4866 475 4928 inter
500 4867 713 4948 Margaretam
750 4865 1065 4949 Mrzlochepichnam
1099 4880 1130 4929 et
1158 4868 1240 4928 inter
1265 4865 1421 4927 Mathiam

156 4973 288 5056 Dragin,
312 4972 426 5036 citacio
449 4971 601 5039 secunda.
