3142 5356
686 338 771 393 Anno
795 349 883 412 ¹431·
1353 349 1415 410 2¹7

150 548 274 610 vialem
299 547 470 609 decursum
490 565 572 627 aque
590 565 623 606 se
648 545 884 622 extendentem,
902 565 973 606 cunr
992 545 1042 606 via
1067 564 1176 606 secura
1193 564 1249 626 per
1266 543 1419 624 (hlortum

150 655 331 716 liberorum
357 653 502 714 annotati
528 651 656 736 Mathey
689 667 719 713 et
743 652 814 712 aliis
838 652 903 712 suis
934 652 1151 733 pertinenciis,
1177 649 1320 732 Georgio
1353 649 1420 712 filio

150 761 288 823 Fabiani
314 760 529 821 vendiderunt
553 773 710 841 perpetuo
734 758 974 840 possidendam.

263 867 339 929 ltem
367 869 493 928 Marcus
525 865 610 927 filius
642 866 765 927 Nicolai
799 866 952 927 directam
978 880 1008 926 et
1032 864 1180 945 equalem
1213 864 1418 925 medietatem

152 975 324 1036 cuiusdam
356 974 489 1051 domus,
522 972 613 1034 luridi
646 987 677 1034 et
709 971 931 1033 hedificiorum
964 971 995 1032 in
1028 972 1154 1033 civitate
1188 971 1269 1032 inter
1305 970 1420 1031 domos

151 1095 186 1144 et
222 1079 340 1142 fundos
373 1100 408 1140 ac
445 1078 591 1141 hedificia
618 1079 779 1140 Dominici
812 1078 922 1159 generi
955 1076 1092 1138 condam
1124 1076 1253 1138 Thome
1278 1076 1418 1160 Wyche·

151 1187 242 1249 thich
266 1206 302 1248 ac
326 1185 482 1247 Arrtltonii
516 1185 555 1245 de
578 1186 756 1266 Zavversya,
781 1185 820 1246 ab
853 1204 916 1245 una
941 1199 1040 1266 parte,
1069 1184 1108 1245 ab
1132 1183 1231 1245 altera
1256 1202 1332 1244 vero
1358 1183 1416 1243 Fa-

151 1294 242 1356 biani
268 1291 466 1356 Gornichich
499 1291 575 1352 dicti
604 1291 722 1365 habite,
757 1311 853 1352 unam
877 1292 997 1352 scilicet
1029 1304 1174 1372 quartam
1207 1289 1294 1350 curie
1327 1290 1358 1349 in
1384 1308 1416 1349 se

150 1399 380 1460 tantummodo
406 1399 589 1474 habentem,
614 1417 685 1458 cum
711 1398 777 1458 suis
808 1397 1024 1478 pertinenciis,
1048 1415 1088 1459 ex
1112 1415 1270 1457 consensu
1294 1395 1415 1456 vicino-

151 1524 226 1567 rum
251 1503 394 1586 Georgio
419 1502 486 1565 filio
504 1502 590 1565 Galli
615 1503 739 1564 concivi
763 1518 872 1564 nostro
903 1502 1048 1564 vendidit
1072 1516 1228 1584 perpetuo
1254 1501 1417 1584 possiden·

152 1612 241 1690 dam,
277 1611 363 1672 salva
388 1611 449 1671 alia
482 1625 565 1671 recta
598 1625 628 1670 et
653 1610 759 1691 equali
793 1610 962 1672 medietate
988 1609 1133 1671 eiusdem
1166 1609 1292 1687 domus,
1325 1606 1416 1671 fundi

152 1732 186 1780 et
211 1717 447 1796 hedificiorum‚
479 1737 574 1778 unam
609 1717 819 1778 consimiliter
843 1731 990 1798 quartam
1023 1717 1110 1778 curie
1134 1717 1166 1777 in
1191 1736 1224 1778 se
1248 1716 1415 1795 retinente,

150 1846 251 1908 quam
277 1826 362 1887 idem
387 1823 517 1888 Marcus
542 1845 600 1907 pro
625 1845 657 1885 se
682 1839 872 1886 reservasset
896 1824 1135 1906 possidendam.

260 1934 335 1994 ltem
362 1933 502 2014 quedam
526 1946 609 1994 terra
635 1945 773 2012 quatuor
798 1932 954 1992 dictarum
977 1931 1117 2009 arabilis,
1143 1931 1174 1991 in
1200 1949 1314 2012 campo
1343 1929 1419 1991 civi-

151 2041 227 2102 tatis
252 2039 337 2115 juxta
356 2039 489 2100 fluvium
517 2038 724 2100 Kuhinschalr
743 2052 773 2100 et
789 2053 906 2100 terram
924 2038 1053 2100 Martini
1070 2038 1200 2099 sartoris
1217 2035 1273 2098 filii
1291 2035 1419 2097 Thome

150 2147 261 2208 habita
288 2162 319 2208 et
343 2147 491 2224 existens,
516 2162 654 2226 quatuor
673 2146 773 2207 dietas
799 2146 829 2206 in
855 2166 887 2207 se
912 2146 1092 2224 continens,
1110 2144 1254 2227 predicto
1281 2145 1419 2206 Martino

150 2252 268 2332 jurato,
293 2267 449 2333 quantum
475 2253 514 2312 ad
540 2252 670 2313 terciam
697 2266 830 2334 partem,
865 2266 896 2314 et
921 2252 1078 2334 Dyonisio
1104 2251 1265 2333 piscatori,
1289 2271 1306 2311 a
1330 2265 1419 2332 parte

150 2359 228 2419 dieti
255 2357 343 2418 fluvii
361 2372 518 2439 quantum
544 2359 583 2418 ad
610 2359 689 2419 duas
706 2372 822 2440 partes,
839 2378 895 2440 per
913 2357 1091 2440 Elyzabeth
1109 2357 1251 2418 relictam
1270 2372 1300 2418 et
1318 2355 1419 2419 Geor·

149 2466 240 2546 gium
268 2463 368 2525 filium
395 2466 530 2526 condam
559 2464 691 2544 Georgii
711 2465 946 2546 l'opravviniclr,
967 2484 1023 2546 per
1040 2478 1158 2525 metam
1183 2463 1281 2525 medii
1299 2462 1418 2525 brachii

152 2570 248 2632 ferrei
274 2572 356 2632 inter
380 2572 511 2632 eosdem
538 2572 712 2632 Martinum
738 2587 768 2632 et
794 2572 986 2654 Dyonisium
1016 2591 1072 2653 per
1096 2570 1226 2632 eosdem
1251 2571 1419 2649 consituta,

151 2693 198 2740 est
222 2678 352 2739 vendita
378 2692 408 2740 et
433 2677 677 2760 privilegialiter
702 2692 899 2760 perpetuata.

258 2784 337 2845 ltem
362 2784 502 2865 quedam
521 2785 637 2845 domus
662 2799 692 2846 et
709 2782 827 2845 fundus
850 2785 881 2844 in
908 2783 991 2845 dicta
1011 2783 1137 2845 civitate
1163 2784 1194 2844 in
1220 2784 1324 2866 platea
1342 2783 1418 2846 Car·

152 2888 295 2968 uilicum,
321 2891 402 2952 inter
427 2891 542 2952 domos
567 2907 596 2951 et
621 2889 738 2952 lundos
765 2890 903 2967 Martini,
928 2893 967 2951 ab
994 2910 1067 2968 una,
1092 2904 1123 2952 et
1147 2905 1235 2972 parte
1260 2911 1297 2951 ex
1321 2891 1418 2952 altera

151 2997 307 3059 Demetrii
334 2998 441 3059 Sebko
467 2997 542 3058 dicti
568 2996 685 3074 habita,
716 3017 812 3057 unam
838 3009 984 3077 quartam
1002 2997 1088 3058 curie
1113 2997 1145 3057 in
1170 3016 1203 3058 se
1228 2998 1259 3057 in
1284 3011 1353 3060 toto
1378 2998 1417 3058 ad

153 3122 248 3164 usum
273 3103 409 3165 civitatis
434 3104 613 3181 continens,
639 3122 711 3164 cum
729 3103 793 3163 suis
817 3103 1040 3185 pertinenciis;
1066 3104 1141 3164 item
1167 3103 1306 3184 quedam
1325 3105 1418 3166 vinea

152 3208 305 3271 inloresta
331 3210 362 3270 in
387 3210 548 3271 territorio
573 3209 709 3270 civitatis
734 3209 815 3270 inter
841 3210 951 3270 vineas
975 3211 1109 3292 provide
1135 3211 1278 3271 mulieris
1304 3211 1417 3293 Elyza-

153 3315 228 3378 beth
254 3316 362 3377 relicte
387 3317 497 3377 Jacobi
525 3316 697 3398 l'opowich
725 3316 812 3394 dicti,
842 3336 928 3376 nunc
959 3317 1116 3378 consortis
1140 3316 1245 3395 Frich,
1270 3317 1418 3381 similiter

152 3420 358 3499 inlorestam,
395 3436 425 3484 et
459 3422 587 3482 Andree
620 3421 770 3482 Zvvechar
803 3423 932 3500 cultam,
965 3422 1083 3500 habita,
1119 3443 1194 3484 cum
1227 3424 1292 3484 suis
1324 3425 1416 3505 perti·

153 3529 275 3590 nenciis
300 3528 400 3590 Paulo
425 3529 551 3590 literato
584 3528 650 3590 filio
683 3529 811 3589 Thorne
845 3530 910 3590 Ban
948 3549 984 3590 ex
1024 3530 1122 3612 ipsius
1156 3530 1285 3591 Thome
1317 3531 1414 3612 patris

151 3636 200 3697 aui
224 3637 461 3697 testamentaria
491 3636 656 3716 legacione
690 3648 736 3696 est
768 3636 1009 3717 privilegialiter
1041 3650 1226 3718 perpetuata
1253 3636 1320 3716 jure
1346 3658 1414 3719 per-

152 3741 282 3804 hennali
309 3742 501 3824 possidenda
528 3756 557 3802 et
582 3742 891 3823 quomodocumque
916 3743 1055 3805 voluerit
1079 3742 1292 3826 disponenda.

188 3963 270 4035 ltem
301 3968 333 4034 in
363 3961 478 4051 vigilia
509 3962 585 4033 festi
616 3962 872 4034 Purificacionis
902 3963 1046 4052 gloriose
1074 3985 1207 4054 semper
1237 3962 1379 4052 virginis

725 4088 840 4159 Marie.

670 4242 711 4314 (1.
728 4242 904 4315 febmarir').

259 4379 335 4441 ltem
356 4381 479 4441 Blasius
497 4379 580 4440 filius
599 4381 745 4464 Mykech,
759 4382 899 4442 concivis
917 4397 1035 4459 noster,
1053 4383 1205 4444 directam
1221 4398 1251 4445 et
1268 4383 1416 4464 equalem

152 4486 358 4548 medietatem
376 4488 542 4548 cuiusdam
560 4487 676 4547 domus
701 4508 756 4547 seu
781 4486 872 4548 fundi
906 4489 936 4549 in
966 4488 1049 4549 dicta
1068 4489 1207 4566 civitate,
1232 4510 1317 4550 nune
1335 4489 1417 4550 inter

153 4592 269 4654 domos
293 4612 348 4654 seu
373 4590 490 4655 fundos
516 4593 613 4654 Lucie
639 4592 866 4654 Santhinnicza
896 4594 978 4655 dicte
1004 4610 1034 4655 et
1060 4595 1224 4657 Benedicti
1251 4594 1334 4673 ruffi,
1359 4616 1415 4657 no-

151 4714 290 4762 strorum
316 4700 496 4760 concivium
525 4700 630 4760 habite
655 4715 685 4759 et
714 4700 886 4777 existentis,
910 4715 1031 4780 partem
1056 4702 1176 4762 scilicet
1193 4702 1414 4783 posteriorem,

153 4825 252 4869 unam
276 4806 502 4868 tantummodo
527 4820 671 4887 quartam
706 4807 791 4867 curie
821 4807 860 4867 ad
887 4827 980 4868 usum
1005 4807 1141 4869 civitatis
1172 4806 1293 4890 prefate
1327 4808 1413 4874 inse
