<?xml version="1.0" encoding="UTF-8"?>
<!DOCTYPE html PUBLIC "-//W3C//DTD XHTML 1.0 Transitional//EN"
    "http://www.w3.org/TR/xhtml1/DTD/xhtml1-transitional.dtd">
<html xmlns="http://www.w3.org/1999/xhtml" xml:lang="en" lang="en">
 <head>
  <title>
</title>
<meta http-equiv="Content-Type" content="text/html;charset=utf-8" />
  <meta name='ocr-system' content='tesseract 3.04.00' />
  <meta name='ocr-capabilities' content='ocr_page ocr_carea ocr_par ocr_line ocrx_word'/>
</head>
<body>
  <div class='ocr_page' id='page_1' title='image "./monumentahistor17laszgoog_0701.png"; bbox 0 0 3142 5356; ppageno 0'>
   <div class='ocr_carea' id='block_1_1' title="bbox 683 310 887 392">
    <p class='ocr_par' dir='ltr' id='par_1_1' title="bbox 683 310 887 392">
     <span class='ocr_line' id='line_1_1' title="bbox 683 310 887 392; baseline 0.005 -18"><span class='ocrx_word' id='word_1_1' title='bbox 683 317 769 374; x_wconf 82' lang='lat' dir='ltr'>Anno</span> <span class='ocrx_word' id='word_1_2' title='bbox 792 310 887 392; x_wconf 74' lang='lat'><em>1438.</em></span> 
     </span>
    </p>
   </div>
   <div class='ocr_carea' id='block_1_2' title="bbox 152 321 214 402">
    <p class='ocr_par' dir='ltr' id='par_1_2' title="bbox 152 321 214 402">
     <span class='ocr_line' id='line_1_2' title="bbox 152 321 214 402; baseline 0 -21"><span class='ocrx_word' id='word_1_3' title='bbox 152 321 214 402; x_wconf 79' lang='lat'>316</span> 
     </span>
    </p>
   </div>
   <div class='ocr_carea' id='block_1_3' title="bbox 151 524 1421 825">
    <p class='ocr_par' dir='ltr' id='par_1_3' title="bbox 151 524 1421 825">
     <span class='ocr_line' id='line_1_3' title="bbox 151 524 1420 612; baseline -0.008 -18"><span class='ocrx_word' id='word_1_4' title='bbox 151 533 296 594; x_wconf 90' lang='lat' dir='ltr'>relictam</span> <span class='ocrx_word' id='word_1_5' title='bbox 322 545 362 591; x_wconf 85' lang='lat' dir='ltr'>et</span> <span class='ocrx_word' id='word_1_6' title='bbox 376 550 432 612; x_wconf 90' lang='lat' dir='ltr'>per</span> <span class='ocrx_word' id='word_1_7' title='bbox 456 528 605 589; x_wconf 88' lang='lat' dir='ltr'>Vrsulam</span> <span class='ocrx_word' id='word_1_8' title='bbox 631 526 729 588; x_wconf 88' lang='lat' dir='ltr'>filiam</span> <span class='ocrx_word' id='word_1_9' title='bbox 756 525 855 609; x_wconf 91' lang='lat' dir='ltr'>ipsius</span> <span class='ocrx_word' id='word_1_10' title='bbox 873 524 1027 606; x_wconf 82' lang='lat' dir='ltr'>Stephani</span> <span class='ocrx_word' id='word_1_11' title='bbox 1044 525 1204 586; x_wconf 89' lang='lat' dir='ltr'>tributarii</span> <span class='ocrx_word' id='word_1_12' title='bbox 1232 525 1420 586; x_wconf 81' lang='lat' dir='ltr'><strong>Sebastiano</strong></span> 
     </span>
     <span class='ocr_line' id='line_1_4' title="bbox 152 630 1421 714; baseline -0.007 -15"><span class='ocrx_word' id='word_1_13' title='bbox 152 638 263 700; x_wconf 90' lang='lat' dir='ltr'>clienti</span> <span class='ocrx_word' id='word_1_14' title='bbox 287 635 354 697; x_wconf 90' lang='lat' dir='ltr'>lilio</span> <span class='ocrx_word' id='word_1_15' title='bbox 381 635 521 697; x_wconf 79' lang='lat' dir='ltr'>Ladislai</span> <span class='ocrx_word' id='word_1_16' title='bbox 546 634 586 694; x_wconf 93' lang='lat' dir='ltr'>de</span> <span class='ocrx_word' id='word_1_17' title='bbox 612 633 773 714; x_wconf 89' lang='lat' dir='ltr'>Bulgaria,</span> <span class='ocrx_word' id='word_1_18' title='bbox 798 631 924 693; x_wconf 89' lang='lat' dir='ltr'>concivi</span> <span class='ocrx_word' id='word_1_19' title='bbox 949 645 1072 709; x_wconf 88' lang='lat' dir='ltr'>nostro,</span> <span class='ocrx_word' id='word_1_20' title='bbox 1099 644 1175 693; x_wconf 89' lang='lat' dir='ltr'>sunt</span> <span class='ocrx_word' id='word_1_21' title='bbox 1197 630 1332 692; x_wconf 91' lang='lat' dir='ltr'>vendite</span> <span class='ocrx_word' id='word_1_22' title='bbox 1356 650 1421 712; x_wconf 90' lang='lat' dir='ltr'>per·</span> 
     </span>
     <span class='ocr_line' id='line_1_5' title="bbox 151 736 1416 825; baseline -0.006 -21"><span class='ocrx_word' id='word_1_23' title='bbox 151 758 248 825; x_wconf 92' lang='lat' dir='ltr'>petuo</span> <span class='ocrx_word' id='word_1_24' title='bbox 273 740 468 824; x_wconf 87' lang='lat' dir='ltr'>possidende</span> <span class='ocrx_word' id='word_1_25' title='bbox 492 754 523 802; x_wconf 94' lang='lat' dir='ltr'>et</span> <span class='ocrx_word' id='word_1_26' title='bbox 547 739 720 822; x_wconf 86' lang='lat' dir='ltr'>superinde</span> <span class='ocrx_word' id='word_1_27' title='bbox 745 752 791 799; x_wconf 89' lang='lat' dir='ltr'>est</span> <span class='ocrx_word' id='word_1_28' title='bbox 817 737 907 798; x_wconf 87' lang='lat' dir='ltr'>litera</span> <span class='ocrx_word' id='word_1_29' title='bbox 941 751 1089 799; x_wconf 82' lang='lat' dir='ltr'><strong>emanata</strong></span> <span class='ocrx_word' id='word_1_30' title='bbox 1112 739 1171 799; x_wconf 94' lang='lat' dir='ltr'>sub</span> <span class='ocrx_word' id='word_1_31' title='bbox 1196 736 1356 820; x_wconf 83' lang='lat' dir='ltr'>pendenti</span> <span class='ocrx_word' id='word_1_32' title='bbox 1379 737 1416 797; x_wconf 92' lang='lat' dir='ltr'>si·</span> 
     </span>
    </p>
   </div>
   <div class='ocr_carea' id='block_1_4' title="bbox 150 847 1422 1032">
    <p class='ocr_par' dir='ltr' id='par_1_4' title="bbox 150 847 1422 1032">
     <span class='ocr_line' id='line_1_6' title="bbox 150 847 507 930; baseline -0.006 -22"><span class='ocrx_word' id='word_1_33' title='bbox 150 849 232 930; x_wconf 93' lang='lat' dir='ltr'>gillo</span> <span class='ocrx_word' id='word_1_34' title='bbox 257 847 507 909; x_wconf 79' lang='lat' dir='ltr'>communitatis.</span> 
     </span>
     <span class='ocr_line' id='line_1_7' title="bbox 259 948 1422 1032; baseline -0.002 -19"><span class='ocrx_word' id='word_1_35' title='bbox 259 953 336 1014; x_wconf 92' lang='lat' dir='ltr'>ltem</span> <span class='ocrx_word' id='word_1_36' title='bbox 362 967 428 1014; x_wconf 89' lang='lat' dir='ltr'>tota</span> <span class='ocrx_word' id='word_1_37' title='bbox 446 952 663 1013; x_wconf 89' lang='lat' dir='ltr'>communitas</span> <span class='ocrx_word' id='word_1_38' title='bbox 679 949 842 1032; x_wconf 87' lang='lat' dir='ltr'>quandam</span> <span class='ocrx_word' id='word_1_39' title='bbox 861 950 988 1010; x_wconf 88' lang='lat' dir='ltr'>vineam</span> <span class='ocrx_word' id='word_1_40' title='bbox 1007 949 1145 1010; x_wconf 90' lang='lat' dir='ltr'>condam</span> <span class='ocrx_word' id='word_1_41' title='bbox 1162 948 1303 1011; x_wconf 85' lang='lat' dir='ltr'>ecclesie</span> <span class='ocrx_word' id='word_1_42' title='bbox 1321 964 1422 1011; x_wconf 86' lang='lat' dir='ltr'>nostre</span> 
     </span>
    </p>
   </div>
   <div class='ocr_carea' id='block_1_5' title="bbox 147 1054 1423 4836">
    <p class='ocr_par' dir='ltr' id='par_1_5' title="bbox 151 1054 1423 2305">
     <span class='ocr_line' id='line_1_8' title="bbox 151 1054 1423 1142; baseline -0.002 -22"><span class='ocrx_word' id='word_1_43' title='bbox 151 1059 343 1142; x_wconf 86' lang='lat' dir='ltr'>parochialis</span> <span class='ocrx_word' id='word_1_44' title='bbox 368 1059 452 1120; x_wconf 87' lang='lat' dir='ltr'>beati</span> <span class='ocrx_word' id='word_1_45' title='bbox 479 1058 577 1119; x_wconf 88' lang='lat' dir='ltr'>Marci</span> <span class='ocrx_word' id='word_1_46' title='bbox 610 1055 816 1138; x_wconf 84' lang='lat' dir='ltr'>ewangeliste</span> <span class='ocrx_word' id='word_1_47' title='bbox 850 1056 881 1116; x_wconf 90' lang='lat' dir='ltr'>in</span> <span class='ocrx_word' id='word_1_48' title='bbox 915 1070 1025 1118; x_wconf 92' lang='lat' dir='ltr'>monte</span> <span class='ocrx_word' id='word_1_49' title='bbox 1055 1054 1267 1117; x_wconf 88' lang='lat' dir='ltr'>Kuhinschak</span> <span class='ocrx_word' id='word_1_50' title='bbox 1301 1071 1423 1135; x_wconf 91' lang='lat' dir='ltr'>vocato,</span> 
     </span>
     <span class='ocr_line' id='line_1_9' title="bbox 152 1161 1422 1244; baseline -0.003 -17"><span class='ocrx_word' id='word_1_51' title='bbox 152 1168 233 1227; x_wconf 91' lang='lat' dir='ltr'>inter</span> <span class='ocrx_word' id='word_1_52' title='bbox 258 1166 384 1226; x_wconf 89' lang='lat' dir='ltr'>vineam</span> <span class='ocrx_word' id='word_1_53' title='bbox 413 1165 497 1225; x_wconf 90' lang='lat' dir='ltr'>Luce</span> <span class='ocrx_word' id='word_1_54' title='bbox 523 1162 604 1224; x_wconf 90' lang='lat' dir='ltr'>labri</span> <span class='ocrx_word' id='word_1_55' title='bbox 629 1182 686 1244; x_wconf 92' lang='lat' dir='ltr'>per</span> <span class='ocrx_word' id='word_1_56' title='bbox 711 1176 832 1224; x_wconf 91' lang='lat' dir='ltr'>metam</span> <span class='ocrx_word' id='word_1_57' title='bbox 864 1163 987 1223; x_wconf 89' lang='lat' dir='ltr'>arboris</span> <span class='ocrx_word' id='word_1_58' title='bbox 1019 1161 1120 1223; x_wconf 89' lang='lat' dir='ltr'>cerusi</span> <span class='ocrx_word' id='word_1_59' title='bbox 1147 1174 1178 1222; x_wconf 91' lang='lat' dir='ltr'>et</span> <span class='ocrx_word' id='word_1_60' title='bbox 1204 1162 1288 1222; x_wconf 89' lang='lat' dir='ltr'>inter</span> <span class='ocrx_word' id='word_1_61' title='bbox 1312 1162 1422 1223; x_wconf 89' lang='lat' dir='ltr'>silvam</span> 
     </span>
     <span class='ocr_line' id='line_1_10' title="bbox 151 1268 1422 1350; baseline -0.002 -18"><span class='ocrx_word' id='word_1_62' title='bbox 151 1273 325 1332; x_wconf 90' lang='lat' dir='ltr'>liberorum</span> <span class='ocrx_word' id='word_1_63' title='bbox 352 1269 491 1331; x_wconf 89' lang='lat' dir='ltr'>condam</span> <span class='ocrx_word' id='word_1_64' title='bbox 516 1269 658 1350; x_wconf 81' lang='lat' dir='ltr'>magistri</span> <span class='ocrx_word' id='word_1_65' title='bbox 685 1268 816 1330; x_wconf 87' lang='lat' dir='ltr'>Thorne</span> <span class='ocrx_word' id='word_1_66' title='bbox 842 1268 919 1330; x_wconf 93' lang='lat' dir='ltr'>dicti</span> <span class='ocrx_word' id='word_1_67' title='bbox 939 1268 1007 1329; x_wconf 90' lang='lat' dir='ltr'>lsan</span> <span class='ocrx_word' id='word_1_68' title='bbox 1030 1288 1086 1350; x_wconf 84' lang='lat' dir='ltr'>per</span> <span class='ocrx_word' id='word_1_69' title='bbox 1111 1281 1232 1329; x_wconf 88' lang='lat' dir='ltr'>metam</span> <span class='ocrx_word' id='word_1_70' title='bbox 1257 1268 1422 1330; x_wconf 90' lang='lat' dir='ltr'>cuiusdam</span> 
     </span>
     <span class='ocr_line' id='line_1_11' title="bbox 151 1371 1421 1458; baseline -0.003 -20"><span class='ocrx_word' id='word_1_71' title='bbox 151 1378 273 1438; x_wconf 90' lang='lat' dir='ltr'>arboris</span> <span class='ocrx_word' id='word_1_72' title='bbox 298 1376 453 1458; x_wconf 83' lang='lat' dir='ltr'>quercina</span> <span class='ocrx_word' id='word_1_73' title='bbox 478 1375 632 1453; x_wconf 84' lang='lat' dir='ltr'>habitam,</span> <span class='ocrx_word' id='word_1_74' title='bbox 657 1375 795 1457; x_wconf 86' lang='lat' dir='ltr'>desuper</span> <span class='ocrx_word' id='word_1_75' title='bbox 818 1395 835 1435; x_wconf 89' lang='lat' dir='ltr'>a</span> <span class='ocrx_word' id='word_1_76' title='bbox 859 1375 911 1435; x_wconf 92' lang='lat' dir='ltr'>via</span> <span class='ocrx_word' id='word_1_77' title='bbox 940 1373 1104 1435; x_wconf 90' lang='lat' dir='ltr'>communi</span> <span class='ocrx_word' id='word_1_78' title='bbox 1130 1371 1212 1434; x_wconf 83' lang='lat' dir='ltr'>infra</span> <span class='ocrx_word' id='word_1_79' title='bbox 1237 1393 1343 1455; x_wconf 91' lang='lat' dir='ltr'>usque</span> <span class='ocrx_word' id='word_1_80' title='bbox 1367 1373 1421 1435; x_wconf 90' lang='lat' dir='ltr'>flu·</span> 
     </span>
     <span class='ocr_line' id='line_1_12' title="bbox 151 1479 1421 1562; baseline -0.002 -20"><span class='ocrx_word' id='word_1_81' title='bbox 151 1484 238 1544; x_wconf 90' lang='lat' dir='ltr'>vium</span> <span class='ocrx_word' id='word_1_82' title='bbox 265 1481 474 1543; x_wconf 89' lang='lat' dir='ltr'>Knhinschak</span> <span class='ocrx_word' id='word_1_83' title='bbox 498 1496 660 1560; x_wconf 90' lang='lat' dir='ltr'>vocatum,</span> <span class='ocrx_word' id='word_1_84' title='bbox 684 1481 781 1542; x_wconf 86' lang='lat' dir='ltr'>simul</span> <span class='ocrx_word' id='word_1_85' title='bbox 806 1500 880 1542; x_wconf 90' lang='lat' dir='ltr'>cum</span> <span class='ocrx_word' id='word_1_86' title='bbox 905 1480 1045 1561; x_wconf 91' lang='lat' dir='ltr'>virgulto</span> <span class='ocrx_word' id='word_1_87' title='bbox 1067 1479 1171 1541; x_wconf 88' lang='lat' dir='ltr'>eidem</span> <span class='ocrx_word' id='word_1_88' title='bbox 1197 1481 1258 1541; x_wconf 85' lang='lat' dir='ltr'>sub</span> <span class='ocrx_word' id='word_1_89' title='bbox 1285 1494 1316 1542; x_wconf 93' lang='lat' dir='ltr'>et</span> <span class='ocrx_word' id='word_1_90' title='bbox 1340 1480 1421 1562; x_wconf 82' lang='lat' dir='ltr'>adja-</span> 
     </span>
     <span class='ocr_line' id='line_1_13' title="bbox 152 1585 1421 1667; baseline -0.002 -18"><span class='ocrx_word' id='word_1_91' title='bbox 152 1588 234 1649; x_wconf 90' lang='lat' dir='ltr'>centi</span> <span class='ocrx_word' id='word_1_92' title='bbox 268 1607 304 1648; x_wconf 93' lang='lat' dir='ltr'>ac</span> <span class='ocrx_word' id='word_1_93' title='bbox 336 1607 408 1648; x_wconf 94' lang='lat' dir='ltr'>cum</span> <span class='ocrx_word' id='word_1_94' title='bbox 434 1587 525 1648; x_wconf 90' lang='lat' dir='ltr'>terris</span> <span class='ocrx_word' id='word_1_95' title='bbox 555 1587 731 1649; x_wconf 89' lang='lat' dir='ltr'>arabilibus</span> <span class='ocrx_word' id='word_1_96' title='bbox 759 1586 857 1667; x_wconf 90' lang='lat' dir='ltr'>vulgo</span> <span class='ocrx_word' id='word_1_97' title='bbox 887 1586 1007 1648; x_wconf 81' lang='lat' dir='ltr'>Zalulte</span> <span class='ocrx_word' id='word_1_98' title='bbox 1041 1586 1161 1647; x_wconf 87' lang='lat' dir='ltr'>vocatis</span> <span class='ocrx_word' id='word_1_99' title='bbox 1185 1585 1294 1648; x_wconf 88' lang='lat' dir='ltr'>eidem</span> <span class='ocrx_word' id='word_1_100' title='bbox 1319 1585 1421 1664; x_wconf 79' lang='lat' dir='ltr'>subja·</span> 
     </span>
     <span class='ocr_line' id='line_1_14' title="bbox 154 1693 1420 1774; baseline -0.002 -18"><span class='ocrx_word' id='word_1_101' title='bbox 154 1695 301 1756; x_wconf 89' lang='lat' dir='ltr'>centibus</span> <span class='ocrx_word' id='word_1_102' title='bbox 335 1714 367 1754; x_wconf 91' lang='lat' dir='ltr'>se</span> <span class='ocrx_word' id='word_1_103' title='bbox 393 1694 630 1773; x_wconf 86' lang='lat' dir='ltr'>extendentem,</span> <span class='ocrx_word' id='word_1_104' title='bbox 654 1712 728 1755; x_wconf 91' lang='lat' dir='ltr'>cum</span> <span class='ocrx_word' id='word_1_105' title='bbox 752 1712 912 1754; x_wconf 88' lang='lat' dir='ltr'>consensu</span> <span class='ocrx_word' id='word_1_106' title='bbox 946 1693 1160 1774; x_wconf 91' lang='lat' dir='ltr'>plebanorum</span> <span class='ocrx_word' id='word_1_107' title='bbox 1185 1707 1217 1753; x_wconf 93' lang='lat' dir='ltr'>et</span> <span class='ocrx_word' id='word_1_108' title='bbox 1240 1693 1420 1754; x_wconf 88' lang='lat' dir='ltr'>vicinorum</span> 
     </span>
     <span class='ocr_line' id='line_1_15' title="bbox 152 1797 1420 1880; baseline 0.001 -20"><span class='ocrx_word' id='word_1_109' title='bbox 152 1799 328 1861; x_wconf 90' lang='lat' dir='ltr'>Benedicto</span> <span class='ocrx_word' id='word_1_110' title='bbox 353 1800 445 1862; x_wconf 88' lang='lat' dir='ltr'>aliter</span> <span class='ocrx_word' id='word_1_111' title='bbox 463 1801 565 1862; x_wconf 88' lang='lat' dir='ltr'>Bensa</span> <span class='ocrx_word' id='word_1_112' title='bbox 591 1813 705 1861; x_wconf 90' lang='lat' dir='ltr'>vocato</span> <span class='ocrx_word' id='word_1_113' title='bbox 722 1797 790 1860; x_wconf 91' lang='lat' dir='ltr'>filio</span> <span class='ocrx_word' id='word_1_114' title='bbox 816 1799 959 1880; x_wconf 89' lang='lat' dir='ltr'>Dragecz</span> <span class='ocrx_word' id='word_1_115' title='bbox 975 1799 1034 1860; x_wconf 87' lang='lat' dir='ltr'>sub</span> <span class='ocrx_word' id='word_1_116' title='bbox 1060 1817 1157 1860; x_wconf 90' lang='lat' dir='ltr'>censu</span> <span class='ocrx_word' id='word_1_117' title='bbox 1182 1819 1294 1860; x_wconf 86' lang='lat' dir='ltr'>annuo</span> <span class='ocrx_word' id='word_1_118' title='bbox 1312 1798 1420 1861; x_wconf 89' lang='lat' dir='ltr'>decern</span> 
     </span>
     <span class='ocr_line' id='line_1_16' title="bbox 152 1905 1422 1987; baseline 0 -21"><span class='ocrx_word' id='word_1_119' title='bbox 152 1906 345 1967; x_wconf 91' lang='lat' dir='ltr'>cubulorum</span> <span class='ocrx_word' id='word_1_120' title='bbox 371 1906 467 1967; x_wconf 91' lang='lat' dir='ltr'>musti</span> <span class='ocrx_word' id='word_1_121' title='bbox 492 1905 639 1987; x_wconf 87' lang='lat' dir='ltr'>plebanis</span> <span class='ocrx_word' id='word_1_122' title='bbox 663 1905 746 1967; x_wconf 90' lang='lat' dir='ltr'>dicte</span> <span class='ocrx_word' id='word_1_123' title='bbox 764 1905 898 1967; x_wconf 90' lang='lat' dir='ltr'>ecclesie</span> <span class='ocrx_word' id='word_1_124' title='bbox 922 1924 981 1986; x_wconf 90' lang='lat' dir='ltr'>pro</span> <span class='ocrx_word' id='word_1_125' title='bbox 1005 1919 1151 1987; x_wconf 90' lang='lat' dir='ltr'>tempore</span> <span class='ocrx_word' id='word_1_126' title='bbox 1169 1906 1354 1967; x_wconf 90' lang='lat' dir='ltr'>constitutis</span> <span class='ocrx_word' id='word_1_127' title='bbox 1370 1925 1422 1966; x_wconf 93' lang='lat' dir='ltr'>an·</span> 
     </span>
     <span class='ocr_line' id='line_1_17' title="bbox 153 2010 1420 2093; baseline 0 -21"><span class='ocrx_word' id='word_1_128' title='bbox 153 2012 276 2072; x_wconf 91' lang='lat' dir='ltr'>nuatim</span> <span class='ocrx_word' id='word_1_129' title='bbox 302 2031 429 2093; x_wconf 89' lang='lat' dir='ltr'>semper</span> <span class='ocrx_word' id='word_1_130' title='bbox 453 2010 668 2092; x_wconf 89' lang='lat' dir='ltr'>persolvendo</span> <span class='ocrx_word' id='word_1_131' title='bbox 693 2025 724 2072; x_wconf 91' lang='lat' dir='ltr'>et</span> <span class='ocrx_word' id='word_1_132' title='bbox 748 2012 807 2071; x_wconf 94' lang='lat' dir='ltr'>sub</span> <span class='ocrx_word' id='word_1_133' title='bbox 832 2011 918 2072; x_wconf 90' lang='lat' dir='ltr'>bona</span> <span class='ocrx_word' id='word_1_134' title='bbox 941 2011 1065 2072; x_wconf 89' lang='lat' dir='ltr'>cultura</span> <span class='ocrx_word' id='word_1_135' title='bbox 1089 2030 1146 2071; x_wconf 90' lang='lat' dir='ltr'>seu</span> <span class='ocrx_word' id='word_1_136' title='bbox 1170 2012 1420 2072; x_wconf 85' lang='lat' dir='ltr'>conservacione</span> 
     </span>
     <span class='ocr_line' id='line_1_18' title="bbox 152 2117 1419 2199; baseline 0 -20"><span class='ocrx_word' id='word_1_137' title='bbox 152 2119 238 2179; x_wconf 93' lang='lat' dir='ltr'>bone</span> <span class='ocrx_word' id='word_1_138' title='bbox 262 2118 386 2179; x_wconf 90' lang='lat' dir='ltr'>culture</span> <span class='ocrx_word' id='word_1_139' title='bbox 411 2117 499 2178; x_wconf 89' lang='lat' dir='ltr'>dedit</span> <span class='ocrx_word' id='word_1_140' title='bbox 523 2131 680 2199; x_wconf 89' lang='lat' dir='ltr'>perpetuo</span> <span class='ocrx_word' id='word_1_141' title='bbox 712 2117 939 2198; x_wconf 86' lang='lat' dir='ltr'>possidendam</span> <span class='ocrx_word' id='word_1_142' title='bbox 964 2131 996 2179; x_wconf 93' lang='lat' dir='ltr'>et</span> <span class='ocrx_word' id='word_1_143' title='bbox 1019 2117 1190 2199; x_wconf 88' lang='lat' dir='ltr'>superinde</span> <span class='ocrx_word' id='word_1_144' title='bbox 1215 2117 1307 2179; x_wconf 92' lang='lat' dir='ltr'>litera</span> <span class='ocrx_word' id='word_1_145' title='bbox 1333 2137 1419 2179; x_wconf 91' lang='lat' dir='ltr'>com·</span> 
     </span>
     <span class='ocr_line' id='line_1_19' title="bbox 154 2222 1255 2305; baseline 0.001 -21"><span class='ocrx_word' id='word_1_146' title='bbox 154 2223 318 2284; x_wconf 90' lang='lat' dir='ltr'>munitatis</span> <span class='ocrx_word' id='word_1_147' title='bbox 342 2222 414 2305; x_wconf 89' lang='lat' dir='ltr'>(est)</span> <span class='ocrx_word' id='word_1_148' title='bbox 439 2223 498 2284; x_wconf 92' lang='lat' dir='ltr'>sub</span> <span class='ocrx_word' id='word_1_149' title='bbox 522 2222 675 2305; x_wconf 92' lang='lat' dir='ltr'>pendenti</span> <span class='ocrx_word' id='word_1_150' title='bbox 700 2222 807 2304; x_wconf 92' lang='lat' dir='ltr'>sigillo</span> <span class='ocrx_word' id='word_1_151' title='bbox 832 2223 1071 2284; x_wconf 88' lang='lat' dir='ltr'>communitatis</span> <span class='ocrx_word' id='word_1_152' title='bbox 1096 2237 1255 2287; x_wconf 87' lang='lat' dir='ltr'>emanata.</span> 
     </span>
    </p>

    <p class='ocr_par' dir='ltr' id='par_1_6' title="bbox 149 2327 1420 2836">
     <span class='ocr_line' id='line_1_20' title="bbox 257 2327 1420 2412; baseline 0.001 -22"><span class='ocrx_word' id='word_1_153' title='bbox 257 2329 334 2390; x_wconf 92' lang='lat' dir='ltr'>ltem</span> <span class='ocrx_word' id='word_1_154' title='bbox 360 2329 497 2390; x_wconf 90' lang='lat' dir='ltr'>Nicolao</span> <span class='ocrx_word' id='word_1_155' title='bbox 521 2328 620 2409; x_wconf 89' lang='lat' dir='ltr'>judici</span> <span class='ocrx_word' id='word_1_156' title='bbox 645 2327 712 2390; x_wconf 86' lang='lat' dir='ltr'>filio</span> <span class='ocrx_word' id='word_1_157' title='bbox 738 2328 872 2390; x_wconf 91' lang='lat' dir='ltr'>Fabiani</span> <span class='ocrx_word' id='word_1_158' title='bbox 898 2329 988 2390; x_wconf 89' lang='lat' dir='ltr'>litera</span> <span class='ocrx_word' id='word_1_159' title='bbox 1007 2329 1216 2410; x_wconf 90' lang='lat' dir='ltr'>privilegialis</span> <span class='ocrx_word' id='word_1_160' title='bbox 1239 2349 1336 2412; x_wconf 88' lang='lat' dir='ltr'>super</span> <span class='ocrx_word' id='word_1_161' title='bbox 1355 2350 1420 2391; x_wconf 90' lang='lat' dir='ltr'>me-</span> 
     </span>
     <span class='ocr_line' id='line_1_21' title="bbox 152 2433 1418 2517; baseline 0.002 -22"><span class='ocrx_word' id='word_1_162' title='bbox 152 2435 271 2496; x_wconf 90' lang='lat' dir='ltr'>dietate</span> <span class='ocrx_word' id='word_1_163' title='bbox 295 2435 463 2496; x_wconf 89' lang='lat' dir='ltr'>cuiusdam</span> <span class='ocrx_word' id='word_1_164' title='bbox 488 2436 580 2495; x_wconf 87' lang='lat' dir='ltr'>vinee</span> <span class='ocrx_word' id='word_1_165' title='bbox 599 2435 736 2496; x_wconf 91' lang='lat' dir='ltr'>condam</span> <span class='ocrx_word' id='word_1_166' title='bbox 762 2435 903 2497; x_wconf 89' lang='lat' dir='ltr'>Barberii</span> <span class='ocrx_word' id='word_1_167' title='bbox 920 2433 979 2497; x_wconf 92' lang='lat' dir='ltr'>filii</span> <span class='ocrx_word' id='word_1_168' title='bbox 997 2433 1145 2516; x_wconf 82' lang='lat' dir='ltr'>Gregorii</span> <span class='ocrx_word' id='word_1_169' title='bbox 1170 2455 1270 2517; x_wconf 90' lang='lat' dir='ltr'>penes</span> <span class='ocrx_word' id='word_1_170' title='bbox 1288 2437 1418 2497; x_wconf 92' lang='lat' dir='ltr'>vineam</span> 
     </span>
     <span class='ocr_line' id='line_1_22' title="bbox 150 2541 1419 2624; baseline 0 -21"><span class='ocrx_word' id='word_1_171' title='bbox 150 2543 327 2603; x_wconf 92' lang='lat' dir='ltr'>liberorum</span> <span class='ocrx_word' id='word_1_172' title='bbox 352 2542 488 2602; x_wconf 87' lang='lat' dir='ltr'>condam</span> <span class='ocrx_word' id='word_1_173' title='bbox 516 2541 612 2602; x_wconf 89' lang='lat' dir='ltr'>Blasii</span> <span class='ocrx_word' id='word_1_174' title='bbox 634 2541 741 2624; x_wconf 87' lang='lat' dir='ltr'>Duym</span> <span class='ocrx_word' id='word_1_175' title='bbox 767 2556 797 2604; x_wconf 88' lang='lat' dir='ltr'>et</span> <span class='ocrx_word' id='word_1_176' title='bbox 822 2542 904 2603; x_wconf 91' lang='lat' dir='ltr'>inter</span> <span class='ocrx_word' id='word_1_177' title='bbox 920 2542 1016 2603; x_wconf 88' lang='lat' dir='ltr'>aliam</span> <span class='ocrx_word' id='word_1_178' title='bbox 1042 2541 1248 2604; x_wconf 90' lang='lat' dir='ltr'>medietatem</span> <span class='ocrx_word' id='word_1_179' title='bbox 1275 2543 1419 2604; x_wconf 90' lang='lat' dir='ltr'>eiusdem</span> 
     </span>
     <span class='ocr_line' id='line_1_23' title="bbox 149 2647 1419 2731; baseline 0.001 -22"><span class='ocrx_word' id='word_1_180' title='bbox 149 2649 241 2710; x_wconf 90' lang='lat' dir='ltr'>vinee</span> <span class='ocrx_word' id='word_1_181' title='bbox 265 2647 392 2726; x_wconf 92' lang='lat' dir='ltr'>habita,</span> <span class='ocrx_word' id='word_1_182' title='bbox 416 2667 472 2730; x_wconf 92' lang='lat' dir='ltr'>per</span> <span class='ocrx_word' id='word_1_183' title='bbox 506 2648 611 2730; x_wconf 89' lang='lat' dir='ltr'>ipsum</span> <span class='ocrx_word' id='word_1_184' title='bbox 646 2647 816 2709; x_wconf 90' lang='lat' dir='ltr'>Nicolaum</span> <span class='ocrx_word' id='word_1_185' title='bbox 850 2648 992 2728; x_wconf 90' lang='lat' dir='ltr'>judicem</span> <span class='ocrx_word' id='word_1_186' title='bbox 1020 2648 1145 2709; x_wconf 90' lang='lat' dir='ltr'>dudum</span> <span class='ocrx_word' id='word_1_187' title='bbox 1179 2649 1316 2731; x_wconf 87' lang='lat' dir='ltr'>abipso</span> <span class='ocrx_word' id='word_1_188' title='bbox 1342 2648 1419 2711; x_wconf 89' lang='lat' dir='ltr'>Gre-</span> 
     </span>
     <span class='ocr_line' id='line_1_24' title="bbox 150 2753 1420 2836; baseline 0.002 -21"><span class='ocrx_word' id='word_1_189' title='bbox 150 2755 243 2836; x_wconf 87' lang='lat' dir='ltr'>gorio</span> <span class='ocrx_word' id='word_1_190' title='bbox 261 2754 404 2816; x_wconf 89' lang='lat' dir='ltr'>Barberii</span> <span class='ocrx_word' id='word_1_191' title='bbox 430 2767 625 2835; x_wconf 91' lang='lat' dir='ltr'>comparata,</span> <span class='ocrx_word' id='word_1_192' title='bbox 643 2768 690 2814; x_wconf 90' lang='lat' dir='ltr'>est</span> <span class='ocrx_word' id='word_1_193' title='bbox 705 2753 857 2834; x_wconf 90' lang='lat' dir='ltr'>pendenti</span> <span class='ocrx_word' id='word_1_194' title='bbox 875 2754 982 2834; x_wconf 91' lang='lat' dir='ltr'>sigillo</span> <span class='ocrx_word' id='word_1_195' title='bbox 1001 2754 1243 2816; x_wconf 88' lang='lat' dir='ltr'>communitatis</span> <span class='ocrx_word' id='word_1_196' title='bbox 1260 2756 1420 2818; x_wconf 87' lang='lat' dir='ltr'>roborata.</span> 
     </span>
    </p>

    <p class='ocr_par' dir='ltr' id='par_1_7' title="bbox 149 2858 1420 3685">
     <span class='ocr_line' id='line_1_25' title="bbox 256 2858 1420 2941; baseline 0.001 -20"><span class='ocrx_word' id='word_1_197' title='bbox 256 2859 333 2921; x_wconf 91' lang='lat' dir='ltr'>Item</span> <span class='ocrx_word' id='word_1_198' title='bbox 352 2858 534 2941; x_wconf 90' lang='lat' dir='ltr'>Stephanus</span> <span class='ocrx_word' id='word_1_199' title='bbox 559 2859 805 2921; x_wconf 83' lang='lat' dir='ltr'>Skerczlrowich</span> <span class='ocrx_word' id='word_1_200' title='bbox 823 2858 908 2920; x_wconf 89' lang='lat' dir='ltr'>filius</span> <span class='ocrx_word' id='word_1_201' title='bbox 931 2859 1071 2939; x_wconf 87' lang='lat' dir='ltr'>Andree,</span> <span class='ocrx_word' id='word_1_202' title='bbox 1089 2861 1298 2922; x_wconf 88' lang='lat' dir='ltr'>medietatem</span> <span class='ocrx_word' id='word_1_203' title='bbox 1315 2861 1420 2922; x_wconf 92' lang='lat' dir='ltr'>cuius·</span> 
     </span>
     <span class='ocr_line' id='line_1_26' title="bbox 152 2965 1419 3049; baseline 0.002 -23"><span class='ocrx_word' id='word_1_204' title='bbox 152 2966 226 3026; x_wconf 88' lang='lat' dir='ltr'>dam</span> <span class='ocrx_word' id='word_1_205' title='bbox 252 2967 345 3026; x_wconf 90' lang='lat' dir='ltr'>vinee</span> <span class='ocrx_word' id='word_1_206' title='bbox 370 2966 451 3026; x_wconf 91' lang='lat' dir='ltr'>inter</span> <span class='ocrx_word' id='word_1_207' title='bbox 475 2965 585 3026; x_wconf 90' lang='lat' dir='ltr'>vineas</span> <span class='ocrx_word' id='word_1_208' title='bbox 609 2965 802 3026; x_wconf 90' lang='lat' dir='ltr'>Balthasaris</span> <span class='ocrx_word' id='word_1_209' title='bbox 826 2980 857 3027; x_wconf 93' lang='lat' dir='ltr'>et</span> <span class='ocrx_word' id='word_1_210' title='bbox 878 2965 1011 3047; x_wconf 91' lang='lat' dir='ltr'>Georgii</span> <span class='ocrx_word' id='word_1_211' title='bbox 1037 2965 1117 3028; x_wconf 87' lang='lat' dir='ltr'>fabri</span> <span class='ocrx_word' id='word_1_212' title='bbox 1143 2966 1262 3045; x_wconf 89' lang='lat' dir='ltr'>habite,</span> <span class='ocrx_word' id='word_1_213' title='bbox 1288 2988 1306 3028; x_wconf 90' lang='lat' dir='ltr'>a</span> <span class='ocrx_word' id='word_1_214' title='bbox 1331 2983 1419 3049; x_wconf 89' lang='lat' dir='ltr'>parte</span> 
     </span>
     <span class='ocr_line' id='line_1_27' title="bbox 153 3072 1418 3155; baseline 0.002 -22"><span class='ocrx_word' id='word_1_215' title='bbox 153 3072 276 3134; x_wconf 91' lang='lat' dir='ltr'>scilicet</span> <span class='ocrx_word' id='word_1_216' title='bbox 300 3073 399 3155; x_wconf 87' lang='lat' dir='ltr'>ipsius</span> <span class='ocrx_word' id='word_1_217' title='bbox 422 3072 514 3132; x_wconf 92' lang='lat' dir='ltr'>vinee</span> <span class='ocrx_word' id='word_1_218' title='bbox 540 3072 615 3133; x_wconf 92' lang='lat' dir='ltr'>dicti</span> <span class='ocrx_word' id='word_1_219' title='bbox 641 3072 833 3134; x_wconf 89' lang='lat' dir='ltr'>Balthasaris</span> <span class='ocrx_word' id='word_1_220' title='bbox 856 3073 1076 3154; x_wconf 67' lang='lat' dir='ltr'>adjacentem</span> <span class='ocrx_word' id='word_1_221' title='bbox 1108 3075 1184 3137; x_wconf 92' lang='lat' dir='ltr'>item</span> <span class='ocrx_word' id='word_1_222' title='bbox 1210 3075 1418 3137; x_wconf 89' lang='lat' dir='ltr'>medietatem</span> 
     </span>
     <span class='ocr_line' id='line_1_28' title="bbox 151 3178 1414 3258; baseline 0.002 -19"><span class='ocrx_word' id='word_1_223' title='bbox 151 3178 316 3240; x_wconf 88' lang='lat' dir='ltr'>cuiusdam</span> <span class='ocrx_word' id='word_1_224' title='bbox 342 3178 471 3258; x_wconf 85' lang='lat' dir='ltr'>virgulti</span> <span class='ocrx_word' id='word_1_225' title='bbox 496 3198 553 3238; x_wconf 92' lang='lat' dir='ltr'>seu</span> <span class='ocrx_word' id='word_1_226' title='bbox 584 3179 664 3240; x_wconf 91' lang='lat' dir='ltr'>silve</span> <span class='ocrx_word' id='word_1_227' title='bbox 688 3178 770 3240; x_wconf 91' lang='lat' dir='ltr'>inter</span> <span class='ocrx_word' id='word_1_228' title='bbox 801 3180 911 3240; x_wconf 89' lang='lat' dir='ltr'>vineas</span> <span class='ocrx_word' id='word_1_229' title='bbox 942 3195 973 3241; x_wconf 92' lang='lat' dir='ltr'>et</span> <span class='ocrx_word' id='word_1_230' title='bbox 1004 3181 1101 3242; x_wconf 90' lang='lat' dir='ltr'>silvas</span> <span class='ocrx_word' id='word_1_231' title='bbox 1125 3181 1271 3242; x_wconf 90' lang='lat' dir='ltr'>Barnabe</span> <span class='ocrx_word' id='word_1_232' title='bbox 1296 3196 1327 3243; x_wconf 93' lang='lat' dir='ltr'>et</span> <span class='ocrx_word' id='word_1_233' title='bbox 1354 3181 1414 3242; x_wconf 89' lang='lat' dir='ltr'>De·</span> 
     </span>
     <span class='ocr_line' id='line_1_29' title="bbox 150 3284 1417 3370; baseline 0.002 -24"><span class='ocrx_word' id='word_1_234' title='bbox 150 3286 254 3348; x_wconf 90' lang='lat' dir='ltr'>metrii</span> <span class='ocrx_word' id='word_1_235' title='bbox 281 3286 441 3346; x_wconf 90' lang='lat' dir='ltr'>cultorum</span> <span class='ocrx_word' id='word_1_236' title='bbox 468 3284 585 3363; x_wconf 92' lang='lat' dir='ltr'>habite,</span> <span class='ocrx_word' id='word_1_237' title='bbox 619 3305 636 3346; x_wconf 91' lang='lat' dir='ltr'>a</span> <span class='ocrx_word' id='word_1_238' title='bbox 660 3300 748 3367; x_wconf 90' lang='lat' dir='ltr'>parte</span> <span class='ocrx_word' id='word_1_239' title='bbox 772 3286 893 3348; x_wconf 91' lang='lat' dir='ltr'>scilicet</span> <span class='ocrx_word' id='word_1_240' title='bbox 910 3286 993 3348; x_wconf 92' lang='lat' dir='ltr'>dicte</span> <span class='ocrx_word' id='word_1_241' title='bbox 1017 3287 1110 3360; x_wconf 88' lang='lat' dir='ltr'>vinee</span> <span class='ocrx_word' id='word_1_242' title='bbox 1136 3287 1234 3370; x_wconf 90' lang='lat' dir='ltr'>ipsius</span> <span class='ocrx_word' id='word_1_243' title='bbox 1260 3287 1417 3349; x_wconf 87' lang='lat' dir='ltr'>Demetrii</span> 
     </span>
     <span class='ocr_line' id='line_1_30' title="bbox 150 3391 1414 3472; baseline 0.002 -19"><span class='ocrx_word' id='word_1_244' title='bbox 150 3392 281 3454; x_wconf 90' lang='lat' dir='ltr'>cultoris</span> <span class='ocrx_word' id='word_1_245' title='bbox 305 3391 459 3470; x_wconf 83' lang='lat' dir='ltr'>habitam,</span> <span class='ocrx_word' id='word_1_246' title='bbox 483 3411 557 3452; x_wconf 87' lang='lat' dir='ltr'>curn</span> <span class='ocrx_word' id='word_1_247' title='bbox 575 3392 639 3452; x_wconf 88' lang='lat' dir='ltr'>suis</span> <span class='ocrx_word' id='word_1_248' title='bbox 664 3392 869 3472; x_wconf 88' lang='lat' dir='ltr'>pertinenciis</span> <span class='ocrx_word' id='word_1_249' title='bbox 886 3392 1019 3455; x_wconf 88' lang='lat' dir='ltr'>donavit</span> <span class='ocrx_word' id='word_1_250' title='bbox 1044 3392 1193 3454; x_wconf 89' lang='lat' dir='ltr'>Michaeli</span> <span class='ocrx_word' id='word_1_251' title='bbox 1218 3394 1318 3455; x_wconf 92' lang='lat' dir='ltr'>sutori</span> <span class='ocrx_word' id='word_1_252' title='bbox 1346 3394 1414 3457; x_wconf 87' lang='lat' dir='ltr'>filio</span> 
     </span>
     <span class='ocr_line' id='line_1_31' title="bbox 150 3497 1412 3582; baseline 0.002 -24"><span class='ocrx_word' id='word_1_253' title='bbox 150 3498 298 3578; x_wconf 88' lang='lat' dir='ltr'>Gregorii</span> <span class='ocrx_word' id='word_1_254' title='bbox 323 3517 442 3577; x_wconf 90' lang='lat' dir='ltr'>genero</span> <span class='ocrx_word' id='word_1_255' title='bbox 468 3511 498 3558; x_wconf 92' lang='lat' dir='ltr'>et</span> <span class='ocrx_word' id='word_1_256' title='bbox 516 3497 616 3559; x_wconf 87' lang='lat' dir='ltr'>Elene</span> <span class='ocrx_word' id='word_1_257' title='bbox 633 3517 689 3558; x_wconf 90' lang='lat' dir='ltr'>sue</span> <span class='ocrx_word' id='word_1_258' title='bbox 707 3499 859 3577; x_wconf 88' lang='lat' dir='ltr'>consorti,</span> <span class='ocrx_word' id='word_1_259' title='bbox 876 3497 952 3576; x_wconf 92' lang='lat' dir='ltr'>filie,</span> <span class='ocrx_word' id='word_1_260' title='bbox 976 3499 1053 3578; x_wconf 89' lang='lat' dir='ltr'>suis,</span> <span class='ocrx_word' id='word_1_261' title='bbox 1070 3513 1227 3582; x_wconf 90' lang='lat' dir='ltr'>perpetuo</span> <span class='ocrx_word' id='word_1_262' title='bbox 1244 3501 1412 3581; x_wconf 91' lang='lat' dir='ltr'>possiden·</span> 
     </span>
     <span class='ocr_line' id='line_1_32' title="bbox 149 3603 1409 3685; baseline 0.004 -21"><span class='ocrx_word' id='word_1_263' title='bbox 149 3604 223 3664; x_wconf 90' lang='lat' dir='ltr'>dam</span> <span class='ocrx_word' id='word_1_264' title='bbox 250 3618 280 3663; x_wconf 92' lang='lat' dir='ltr'>et</span> <span class='ocrx_word' id='word_1_265' title='bbox 297 3603 468 3685; x_wconf 86' lang='lat' dir='ltr'>superinde</span> <span class='ocrx_word' id='word_1_266' title='bbox 486 3618 532 3664; x_wconf 92' lang='lat' dir='ltr'>est</span> <span class='ocrx_word' id='word_1_267' title='bbox 547 3604 637 3664; x_wconf 87' lang='lat' dir='ltr'>litera</span> <span class='ocrx_word' id='word_1_268' title='bbox 651 3603 803 3685; x_wconf 90' lang='lat' dir='ltr'>pendenti</span> <span class='ocrx_word' id='word_1_269' title='bbox 821 3605 928 3685; x_wconf 91' lang='lat' dir='ltr'>sigillo</span> <span class='ocrx_word' id='word_1_270' title='bbox 946 3606 1186 3666; x_wconf 90' lang='lat' dir='ltr'>communitatis</span> <span class='ocrx_word' id='word_1_271' title='bbox 1210 3604 1409 3671; x_wconf 83' lang='lat' dir='ltr'>confirmata.</span> 
     </span>
    </p>

    <p class='ocr_par' dir='ltr' id='par_1_8' title="bbox 147 3709 1417 4836">
     <span class='ocr_line' id='line_1_33' title="bbox 256 3709 1414 3793; baseline 0.007 -24"><span class='ocrx_word' id='word_1_272' title='bbox 256 3709 332 3770; x_wconf 90' lang='lat' dir='ltr'>ltem</span> <span class='ocrx_word' id='word_1_273' title='bbox 358 3709 473 3769; x_wconf 90' lang='lat' dir='ltr'>Vrsula</span> <span class='ocrx_word' id='word_1_274' title='bbox 505 3709 620 3770; x_wconf 89' lang='lat' dir='ltr'>mulier</span> <span class='ocrx_word' id='word_1_275' title='bbox 652 3710 761 3771; x_wconf 87' lang='lat' dir='ltr'>relicta</span> <span class='ocrx_word' id='word_1_276' title='bbox 794 3711 932 3772; x_wconf 88' lang='lat' dir='ltr'>condam</span> <span class='ocrx_word' id='word_1_277' title='bbox 964 3711 1118 3793; x_wconf 89' lang='lat' dir='ltr'>Stephani</span> <span class='ocrx_word' id='word_1_278' title='bbox 1150 3712 1228 3773; x_wconf 91' lang='lat' dir='ltr'>olim</span> <span class='ocrx_word' id='word_1_279' title='bbox 1253 3712 1349 3793; x_wconf 90' lang='lat' dir='ltr'>jurati</span> <span class='ocrx_word' id='word_1_280' title='bbox 1384 3729 1414 3777; x_wconf 91' lang='lat' dir='ltr'>et</span> 
     </span>
     <span class='ocr_line' id='line_1_34' title="bbox 150 3815 1417 3896; baseline 0.004 -20"><span class='ocrx_word' id='word_1_281' title='bbox 150 3815 291 3876; x_wconf 90' lang='lat' dir='ltr'>concivis</span> <span class='ocrx_word' id='word_1_282' title='bbox 316 3816 426 3892; x_wconf 90' lang='lat' dir='ltr'>nostri,</span> <span class='ocrx_word' id='word_1_283' title='bbox 452 3815 614 3896; x_wconf 87' lang='lat' dir='ltr'>quandam</span> <span class='ocrx_word' id='word_1_284' title='bbox 639 3830 756 3877; x_wconf 90' lang='lat' dir='ltr'>terram</span> <span class='ocrx_word' id='word_1_285' title='bbox 790 3837 880 3877; x_wconf 92' lang='lat' dir='ltr'>suam</span> <span class='ocrx_word' id='word_1_286' title='bbox 913 3817 1067 3879; x_wconf 90' lang='lat' dir='ltr'>arabilem</span> <span class='ocrx_word' id='word_1_287' title='bbox 1100 3831 1173 3879; x_wconf 93' lang='lat' dir='ltr'>octo</span> <span class='ocrx_word' id='word_1_288' title='bbox 1198 3819 1360 3881; x_wconf 88' lang='lat' dir='ltr'>dictarum</span> <span class='ocrx_word' id='word_1_289' title='bbox 1386 3821 1417 3881; x_wconf 91' lang='lat' dir='ltr'>in</span> 
     </span>
     <span class='ocr_line' id='line_1_35' title="bbox 149 3920 1417 4005; baseline 0.004 -24"><span class='ocrx_word' id='word_1_290' title='bbox 149 3921 310 3981; x_wconf 91' lang='lat' dir='ltr'>territorio</span> <span class='ocrx_word' id='word_1_291' title='bbox 335 3921 471 3981; x_wconf 91' lang='lat' dir='ltr'>civitatis</span> <span class='ocrx_word' id='word_1_292' title='bbox 495 3920 616 4001; x_wconf 83' lang='lat' dir='ltr'>prefate</span> <span class='ocrx_word' id='word_1_293' title='bbox 642 3923 730 4003; x_wconf 89' lang='lat' dir='ltr'>Krog</span> <span class='ocrx_word' id='word_1_294' title='bbox 755 3923 917 4005; x_wconf 90' lang='lat' dir='ltr'>appellato</span> <span class='ocrx_word' id='word_1_295' title='bbox 949 3937 1034 3985; x_wconf 90' lang='lat' dir='ltr'>retro</span> <span class='ocrx_word' id='word_1_296' title='bbox 1059 3924 1226 3985; x_wconf 87' lang='lat' dir='ltr'>ecclesiam</span> <span class='ocrx_word' id='word_1_297' title='bbox 1251 3926 1336 3987; x_wconf 86' lang='lat' dir='ltr'>beati</span> <span class='ocrx_word' id='word_1_298' title='bbox 1362 3927 1417 3987; x_wconf 93' lang='lat' dir='ltr'>Ni·</span> 
     </span>
     <span class='ocr_line' id='line_1_36' title="bbox 149 4027 1417 4110; baseline 0.004 -21"><span class='ocrx_word' id='word_1_299' title='bbox 149 4029 231 4090; x_wconf 92' lang='lat' dir='ltr'>colai</span> <span class='ocrx_word' id='word_1_300' title='bbox 264 4027 455 4088; x_wconf 87' lang='lat' dir='ltr'>confessoris</span> <span class='ocrx_word' id='word_1_301' title='bbox 481 4042 511 4088; x_wconf 92' lang='lat' dir='ltr'>et</span> <span class='ocrx_word' id='word_1_302' title='bbox 541 4029 624 4089; x_wconf 88' lang='lat' dir='ltr'>inter</span> <span class='ocrx_word' id='word_1_303' title='bbox 656 4029 818 4110; x_wconf 90' lang='lat' dir='ltr'>quendam</span> <span class='ocrx_word' id='word_1_304' title='bbox 852 4029 985 4091; x_wconf 86' lang='lat' dir='ltr'>fluvium</span> <span class='ocrx_word' id='word_1_305' title='bbox 1019 4030 1170 4092; x_wconf 90' lang='lat' dir='ltr'>metalem</span> <span class='ocrx_word' id='word_1_306' title='bbox 1196 4045 1305 4093; x_wconf 89' lang='lat' dir='ltr'>nostre</span> <span class='ocrx_word' id='word_1_307' title='bbox 1329 4053 1417 4095; x_wconf 92' lang='lat' dir='ltr'>com-</span> 
     </span>
     <span class='ocr_line' id='line_1_37' title="bbox 149 4134 1416 4201; baseline 0.006 -8"><span class='ocrx_word' id='word_1_308' title='bbox 149 4134 314 4194; x_wconf 89' lang='lat' dir='ltr'>munitatis</span> <span class='ocrx_word' id='word_1_309' title='bbox 338 4154 374 4194; x_wconf 90' lang='lat' dir='ltr'>ac</span> <span class='ocrx_word' id='word_1_310' title='bbox 392 4134 473 4194; x_wconf 90' lang='lat' dir='ltr'>inter</span> <span class='ocrx_word' id='word_1_311' title='bbox 497 4148 596 4194; x_wconf 89' lang='lat' dir='ltr'>terras</span> <span class='ocrx_word' id='word_1_312' title='bbox 612 4135 788 4196; x_wconf 91' lang='lat' dir='ltr'>liberorum</span> <span class='ocrx_word' id='word_1_313' title='bbox 809 4136 948 4197; x_wconf 91' lang='lat' dir='ltr'>condam</span> <span class='ocrx_word' id='word_1_314' title='bbox 968 4136 1135 4199; x_wconf 89' lang='lat' dir='ltr'>Michaelis</span> <span class='ocrx_word' id='word_1_315' title='bbox 1151 4135 1208 4198; x_wconf 88' lang='lat' dir='ltr'>filii</span> <span class='ocrx_word' id='word_1_316' title='bbox 1234 4137 1416 4201; x_wconf 89' lang='lat' dir='ltr'>Sebastiani</span> 
     </span>
     <span class='ocr_line' id='line_1_38' title="bbox 148 4239 1415 4324; baseline 0.004 -22"><span class='ocrx_word' id='word_1_317' title='bbox 148 4255 180 4302; x_wconf 90' lang='lat' dir='ltr'>et</span> <span class='ocrx_word' id='word_1_318' title='bbox 195 4240 358 4302; x_wconf 90' lang='lat' dir='ltr'>colendini</span> <span class='ocrx_word' id='word_1_319' title='bbox 376 4239 643 4302; x_wconf 86' lang='lat' dir='ltr'>confraternitatis</span> <span class='ocrx_word' id='word_1_320' title='bbox 661 4241 962 4303; x_wconf 89' lang='lat' dir='ltr'>Theuthonicorum</span> <span class='ocrx_word' id='word_1_321' title='bbox 985 4256 1016 4304; x_wconf 91' lang='lat' dir='ltr'>et</span> <span class='ocrx_word' id='word_1_322' title='bbox 1032 4243 1175 4304; x_wconf 88' lang='lat' dir='ltr'>virorum</span> <span class='ocrx_word' id='word_1_323' title='bbox 1200 4244 1415 4324; x_wconf 88' lang='lat' dir='ltr'>providorum</span> 
     </span>
     <span class='ocr_line' id='line_1_39' title="bbox 149 4346 1415 4429; baseline 0.006 -21"><span class='ocrx_word' id='word_1_324' title='bbox 149 4346 277 4408; x_wconf 87' lang='lat' dir='ltr'>Thome</span> <span class='ocrx_word' id='word_1_325' title='bbox 302 4346 450 4408; x_wconf 79' lang='lat' dir='ltr'>Oczwirlr</span> <span class='ocrx_word' id='word_1_326' title='bbox 475 4361 506 4408; x_wconf 92' lang='lat' dir='ltr'>et</span> <span class='ocrx_word' id='word_1_327' title='bbox 531 4347 655 4408; x_wconf 91' lang='lat' dir='ltr'>Nicolai</span> <span class='ocrx_word' id='word_1_328' title='bbox 679 4346 794 4429; x_wconf 89' lang='lat' dir='ltr'>judicis</span> <span class='ocrx_word' id='word_1_329' title='bbox 818 4368 854 4409; x_wconf 92' lang='lat' dir='ltr'>ac</span> <span class='ocrx_word' id='word_1_330' title='bbox 879 4349 1042 4410; x_wconf 90' lang='lat' dir='ltr'>colendini</span> <span class='ocrx_word' id='word_1_331' title='bbox 1069 4348 1340 4413; x_wconf 82' lang='lat' dir='ltr'>confraternitatis</span> <span class='ocrx_word' id='word_1_332' title='bbox 1364 4373 1415 4415; x_wconf 89' lang='lat' dir='ltr'>su·</span> 
     </span>
     <span class='ocr_line' id='line_1_40' title="bbox 147 4453 1414 4532; baseline 0.006 -18"><span class='ocrx_word' id='word_1_333' title='bbox 147 4467 254 4514; x_wconf 92' lang='lat' dir='ltr'>torum</span> <span class='ocrx_word' id='word_1_334' title='bbox 286 4473 322 4513; x_wconf 90' lang='lat' dir='ltr'>ac</span> <span class='ocrx_word' id='word_1_335' title='bbox 353 4472 443 4512; x_wconf 88' lang='lat' dir='ltr'>secus</span> <span class='ocrx_word' id='word_1_336' title='bbox 466 4453 533 4513; x_wconf 90' lang='lat' dir='ltr'>vias</span> <span class='ocrx_word' id='word_1_337' title='bbox 564 4473 753 4515; x_wconf 89' lang='lat' dir='ltr'>communes</span> <span class='ocrx_word' id='word_1_338' title='bbox 792 4454 945 4532; x_wconf 91' lang='lat' dir='ltr'>habitam,</span> <span class='ocrx_word' id='word_1_339' title='bbox 972 4475 1009 4516; x_wconf 89' lang='lat' dir='ltr'>ex</span> <span class='ocrx_word' id='word_1_340' title='bbox 1041 4474 1199 4516; x_wconf 89' lang='lat' dir='ltr'>consensu</span> <span class='ocrx_word' id='word_1_341' title='bbox 1231 4456 1414 4521; x_wconf 90' lang='lat' dir='ltr'>vicinorum</span> 
     </span>
     <span class='ocr_line' id='line_1_41' title="bbox 149 4558 1414 4643; baseline 0.006 -23"><span class='ocrx_word' id='word_1_342' title='bbox 149 4559 323 4620; x_wconf 89' lang='lat' dir='ltr'>Benedicto</span> <span class='ocrx_word' id='word_1_343' title='bbox 349 4558 498 4640; x_wconf 89' lang='lat' dir='ltr'>piscatori</span> <span class='ocrx_word' id='word_1_344' title='bbox 525 4558 591 4620; x_wconf 88' lang='lat' dir='ltr'>filio</span> <span class='ocrx_word' id='word_1_345' title='bbox 617 4559 772 4620; x_wconf 90' lang='lat' dir='ltr'>lohannis</span> <span class='ocrx_word' id='word_1_346' title='bbox 789 4561 935 4621; x_wconf 92' lang='lat' dir='ltr'>vendidit</span> <span class='ocrx_word' id='word_1_347' title='bbox 951 4574 1107 4643; x_wconf 88' lang='lat' dir='ltr'>perpetuo</span> <span class='ocrx_word' id='word_1_348' title='bbox 1132 4561 1364 4643; x_wconf 89' lang='lat' dir='ltr'>possidendam</span> <span class='ocrx_word' id='word_1_349' title='bbox 1384 4581 1414 4628; x_wconf 91' lang='lat' dir='ltr'>et</span> 
     </span>
     <span class='ocr_line' id='line_1_42' title="bbox 148 4664 1415 4754; baseline 0.008 -29"><span class='ocrx_word' id='word_1_350' title='bbox 148 4664 318 4747; x_wconf 86' lang='lat' dir='ltr'>superinde</span> <span class='ocrx_word' id='word_1_351' title='bbox 344 4679 389 4727; x_wconf 91' lang='lat' dir='ltr'>est</span> <span class='ocrx_word' id='word_1_352' title='bbox 413 4664 504 4728; x_wconf 90' lang='lat' dir='ltr'>litera</span> <span class='ocrx_word' id='word_1_353' title='bbox 530 4665 739 4750; x_wconf 88' lang='lat' dir='ltr'>privilegialis</span> <span class='ocrx_word' id='word_1_354' title='bbox 766 4668 825 4731; x_wconf 92' lang='lat' dir='ltr'>sub</span> <span class='ocrx_word' id='word_1_355' title='bbox 851 4666 1003 4752; x_wconf 88' lang='lat' dir='ltr'>pendenti</span> <span class='ocrx_word' id='word_1_356' title='bbox 1038 4667 1147 4754; x_wconf 88' lang='lat' dir='ltr'>sigillo</span> <span class='ocrx_word' id='word_1_357' title='bbox 1171 4671 1415 4738; x_wconf 86' lang='lat' dir='ltr'>communitatis</span> 
     </span>
     <span class='ocr_line' id='line_1_43' title="bbox 148 4785 305 4836; baseline 0.006 -1"><span class='ocrx_word' id='word_1_358' title='bbox 148 4785 305 4836; x_wconf 88' lang='lat' dir='ltr'>emanata.</span> 
     </span>
    </p>
   </div>
   <div class='ocr_carea' id='block_1_6' title="bbox 0 0 1576 5356">
    <p class='ocr_par' dir='ltr' id='par_1_9' title="bbox 0 0 1576 5356">
     <span class='ocr_line' id='line_1_44' title="bbox 0 0 1576 5356; baseline 0 2"><span class='ocrx_word' id='word_1_359' title='bbox 0 0 1576 5356; x_wconf 95' lang='lat' dir='ltr'> </span> 
     </span>
    </p>
   </div>
  </div>
 </body>
</html>
