3142 5356
215 352 276 412 3¹²
745 333 831 391 Anno
854 342 944 408 1437.

213 542 361 605 vendidit
385 555 541 624 perpetuo
560 540 788 623 possidendam
813 555 844 603 et
866 541 1038 623 superinde
1057 555 1103 602 est
1127 541 1218 603 litera
1242 544 1304 603 sub
1329 543 1483 625 pendenti

213 648 320 730 sigillo
346 648 588 710 communitatis
612 660 769 710 emanata.

320 791 397 852 Item
424 789 580 851 Martinus
602 802 690 850 sutor
707 787 793 850 filius
811 789 930 851 Mathai
948 789 1052 851 dictus
1069 790 1212 868 Pastork,
1235 790 1372 853 totalem
1389 812 1478 853 suam

213 897 403 980 porcionem
428 896 594 957 cuiusdam
612 895 738 974 domus,
763 893 866 972 fundi,
883 895 991 957 celarii
1021 909 1052 956 et
1068 894 1291 957 hedificiorum
1317 898 1351 958 in
1377 898 1480 979 platea

213 1016 359 1064 sutorum
384 1003 466 1063 inter
490 1001 624 1063 domum
650 1002 778 1062 Martini
804 1002 920 1063 sutoris
946 1002 1028 1083 nigri
1053 1017 1083 1063 et
1108 1002 1270 1065 Valentini
1297 1004 1410 1065 Sollen
1428 1003 1481 1066 ha·

214 1111 325 1187 bitam,
358 1128 454 1169 unam
488 1121 635 1190 quartam
668 1108 756 1169 curie
781 1108 813 1169 in
848 1128 880 1168 se
913 1109 1144 1186 continentem,
1177 1109 1337 1191 Dyonisio
1362 1110 1483 1172 decano

214 1214 281 1276 filio
306 1214 432 1276 Crisani
457 1214 604 1276 vendidit
628 1227 784 1296 perpetuo
809 1214 1037 1296 possidendam
1062 1229 1094 1277 et
1119 1216 1293 1296 superinde
1317 1231 1367 1278 est
1392 1218 1482 1279 litera

214 1323 273 1383 sub
297 1321 404 1402 sigillo
429 1320 581 1403 pendenti
607 1321 847 1382 communitatis
872 1336 1031 1383 emanata.

320 1461 397 1524 ltem
424 1461 579 1523 medietas
604 1461 772 1524 cuiusdam
797 1463 923 1542 domus,
941 1461 1042 1542 fundi,
1068 1463 1176 1526 celarii
1201 1478 1232 1524 et
1255 1462 1481 1526 hedificiorum

215 1570 246 1631 in
271 1570 375 1650 platea
400 1582 547 1629 sutorum
572 1568 721 1630 exteriori
739 1589 796 1630 seu
820 1568 1074 1631 Theuthonicali
1099 1570 1181 1631 inter
1205 1570 1322 1631 domos
1351 1568 1478 1652 Mathye

214 1675 330 1736 sutoris
353 1688 384 1736 et
409 1680 537 1756 Agycze
562 1675 718 1754 mulieris,
742 1677 782 1736 ab
807 1694 881 1754 una,
898 1690 987 1758 parte
1012 1679 1052 1737 ab
1076 1677 1176 1738 altera
1199 1696 1276 1738 vero
1303 1677 1434 1738 Martini
1452 1691 1480 1737 et

215 1781 330 1843 Jansek
354 1794 500 1842 sutorum
525 1781 644 1858 habite,
678 1801 776 1843 unam
809 1794 955 1863 quartam
981 1782 1068 1843 curie
1100 1782 1132 1843 in
1157 1804 1190 1845 se
1215 1783 1398 1862 continens,
1422 1803 1482 1865 que

215 1887 353 1949 condam
378 1886 508 1949 Thome
532 1889 649 1949 sutoris
673 1888 750 1949 dicti
775 1887 866 1948 Zima
891 1886 1062 1970 prefuerat,
1086 1908 1143 1970 per
1159 1889 1361 1970 legacionem
1388 1904 1479 1950 testa·

215 1994 404 2055 mentariam
438 1994 582 2057 eiusdem
616 1993 744 2055 Thome
776 1995 893 2056 sutoris
924 1995 1037 2057 Vrsule
1069 1995 1177 2057 relicte
1212 2011 1243 2056 et
1275 1996 1390 2057 Vrsule
1419 1995 1481 2057 filie

217 2100 317 2183 ipsius
341 2099 471 2162 Thome
488 2101 605 2162 sutoris
630 2115 676 2162 est
702 2101 947 2182 privilegialiter
963 2115 1077 2162 statuta
1096 2115 1252 2184 perpetuo
1276 2103 1481 2184 possidenda,

216 2209 306 2270 cuius
330 2206 461 2269 tandem
487 2207 668 2269 medietatis
691 2208 824 2269 totalem
857 2227 948 2269 suam
980 2208 1167 2290 porcionem
1201 2207 1344 2289 predicta
1370 2208 1480 2270 Vrsula

217 2315 326 2376 relicta
352 2315 451 2396 ipsius
475 2313 605 2374 Thome
631 2313 781 2374 Ladislao
805 2313 873 2376 filio
899 2315 983 2375 Petri
1008 2313 1148 2375 Fudrich
1174 2315 1274 2376 sutori
1300 2314 1436 2376 do'mino
1453 2331 1482 2375 et

216 2420 331 2482 marito
364 2438 423 2479 suo
456 2418 626 2497 moderno,
661 2438 758 2480 unam
790 2419 940 2481 videlicet
971 2434 1118 2482 octavam
1136 2420 1167 2481 in
1192 2439 1225 2481 se
1249 2421 1481 2499 continentem,

216 2525 349 2586 donavit
372 2539 528 2607 perpetuo
545 2525 774 2607 possidendam
798 2541 829 2588 et
852 2526 1025 2609 superinde
1056 2539 1103 2589 est
1127 2527 1219 2588 litera
1243 2529 1303 2588 sub
1328 2527 1482 2609 pendenti

216 2631 323 2712 sigillo
346 2631 589 2692 communitatis
614 2644 771 2696 emanata.

323 2772 401 2835 Item
419 2773 582 2834 Barnabas
606 2773 726 2853 juratus
743 2773 828 2835 filius
846 2774 998 2858 Symonis
1015 2791 1045 2836 et
1063 2775 1245 2858 Stephanus
1271 2789 1362 2838 autor
1379 2777 1483 2839 dictus

217 2884 339 2964 Rosyn,
357 2881 567 2943 commissarii
586 2894 616 2942 et
633 2895 819 2944 executores
832 2883 1014 2944 testamenti
1032 2882 1170 2944 condam
1185 2882 1349 2945 Valentini
1368 2883 1483 2965 Peryn,

216 2988 380 3070 quandam
405 2987 539 3048 domum
565 3007 682 3048 novam
701 2988 800 3069 ipsius
823 2989 960 3049 condam
979 2989 1142 3051 Valentini
1159 2990 1263 3072 Peryn
1288 3009 1363 3051 cum
1380 2988 1483 3051 fundo

217 3109 247 3156 et
271 3092 428 3155 hedificiis
451 3113 488 3154 ac
512 3114 584 3154 cum
610 3113 675 3154 uno
693 3093 809 3155 celario
835 3093 934 3174 vulgo
959 3094 1045 3156 kleth
1064 3095 1150 3156 dicto
1166 3095 1198 3155 in
1224 3095 1295 3156 vico
1313 3094 1481 3156 Theutho·

217 3200 312 3263 nicali
338 3200 421 3260 inter
445 3200 577 3261 domum
604 3214 635 3261 et
659 3198 796 3261 fundum
815 3200 960 3262 Barnabe
983 3200 1076 3282 jurati
1092 3200 1225 3282 predicti
1250 3214 1281 3262 et
1304 3201 1481 3263 liberorum

216 3306 330 3391 prefati
356 3306 518 3367 Valentini
544 3307 646 3389 Peryn
672 3307 827 3384 habitam,
852 3327 949 3368 unam
980 3321 1126 3389 quartam
1152 3308 1238 3369 curie
1264 3308 1296 3368 in
1320 3327 1355 3369 se
1380 3310 1482 3370 conti·

216 3429 357 3492 nentem,
383 3413 476 3474 Petro
501 3413 627 3474 literato
652 3412 719 3474 filio
745 3414 924 3475 Sebastiani
950 3434 987 3475 ex
1012 3434 1170 3476 consensu
1198 3414 1379 3476 vicinorum
1412 3435 1481 3497 pre-

217 3523 375 3584 dictorum
401 3519 616 3580 vendiderunt
639 3534 796 3601 perpetuo
821 3520 1049 3602 possidendam
1067 3534 1098 3582 et
1122 3521 1294 3602 superinde
1318 3535 1366 3582 est
1389 3523 1482 3584 litera

217 3630 275 3690 sub
299 3625 452 3709 pendenti
478 3625 585 3706 sigillo
611 3627 851 3688 communitatis
873 3641 1029 3688 emanata.

322 3769 399 3829 ltem
434 3768 643 3828 commissarii
676 3781 706 3829 et
737 3781 922 3829 executores
954 3769 1136 3829 testamenti
1168 3767 1305 3829 condam
1340 3768 1481 3852 Philippi

217 3875 346 3937 sartoris
362 3872 419 3934 filii
434 3874 556 3953 Woyn,
571 3872 734 3953 quandam
752 3887 873 3954 partem
892 3893 948 3934 seu
962 3874 1149 3955 porcionem
1167 3873 1335 3935 cuiusdam
1354 3875 1483 3957 domus,

216 3981 308 4044 fundi
333 3995 363 4041 et
387 3977 609 4041 hedificiorum
634 3980 716 4040 inter
740 3980 855 4042 domos
879 3995 910 4042 et
934 3979 1053 4042 fundos
1071 3980 1199 4062 Mathye
1223 3981 1343 4042 Farkas
1368 3997 1400 4045 et
1425 3984 1480 4046 do·

217 4090 303 4150 mine
330 4087 503 4148 Kathcrine
528 4105 584 4145 sue
609 4087 776 4164 consortis,
801 4089 840 4148 ab
859 4107 932 4166 una,
958 4101 1047 4168 parte
1071 4089 1111 4148 ab
1136 4087 1234 4149 altera
1259 4107 1337 4149 vero
1363 4089 1481 4152 Valen-

215 4196 274 4258 tini
298 4194 392 4274 jurati
416 4191 473 4253 filii
492 4191 659 4253 Michaelis
683 4193 838 4255 Saronich
856 4193 974 4271 habite,
992 4194 1180 4276 porcionem
1205 4194 1357 4256 videlicet
1381 4197 1482 4278 ipsius

217 4301 357 4383 Philippi
382 4299 521 4377 sartoris,
545 4319 642 4359 unam
668 4300 894 4361 tantummodo
920 4313 1066 4361 octavam
1091 4300 1177 4361 curie
1196 4299 1228 4360 in
1252 4319 1286 4361 se
1310 4304 1480 4365 continen-

215 4423 291 4485 tem,
317 4405 446 4487 Mathye
470 4405 581 4466 sartori
618 4403 685 4465 filio
717 4405 846 4488 Mathye
879 4426 976 4467 unam
1002 4420 1147 4487 quartam
1181 4406 1326 4468 eiusdem
1352 4409 1480 4489 domus,

216 4513 306 4574 fundi
332 4526 363 4573 et
379 4510 600 4573 hedificiorum
627 4511 814 4592 possidenti,
832 4533 869 4572 ex
890 4532 1048 4573 consensu
1067 4512 1191 4573 domini
1210 4511 1338 4597 Mathye
1357 4517 1479 4597 presbi-

215 4621 274 4681 teri
305 4618 362 4680 filii
395 4618 561 4679 Michaelis
591 4617 720 4679 sartoris
752 4618 966 4680 vendiderunt
998 4633 1154 4701 perpetuo
1185 4619 1417 4702 possidendam
1450 4638 1480 4683 et

215 4726 385 4809 superinde
411 4738 457 4788 est
480 4725 572 4787 litera
596 4727 655 4786 sub
679 4724 832 4808 pendenti
856 4725 963 4805 sigillo
992 4725 1233 4788 communitatis
1257 4741 1418 4789 emanata.
