3142 5356
479 489 566 544 Anne
589 485 683 564 1496.
708 520 752 531 -
776 502 825 547 eo⁰
848 488 1020 566 septembris.
1328 508 1384 568 113

235 697 366 759 Ratione
392 697 559 758 cuiusdam
578 696 830 776 malefaccionis‚
847 699 935 779 quod
960 699 1027 781 ipsa
1046 719 1125 761 uxor
1143 700 1265 761 Malecz
1283 700 1385 779 scivit,

159 800 222 877 quod
241 817 267 864 et
288 818 334 866 est
358 804 391 864 in
416 805 567 865 societate
601 803 854 882 malefaccionis‚
878 804 972 885 jurati
997 805 1272 885 adjudicaverunt,
1297 806 1385 887 quod

158 902 204 983 ipsa
224 928 290 970 uxor
315 911 437 972 Malecz
462 911 559 973 debet
583 910 657 972 duci
682 912 722 971 ad
740 912 848 972 locum
874 912 1108 972 combustionis
1132 927 1162 974 et
1179 913 1275 974 debet
1298 932 1384 974 coin·

157 1011 220 1089 buri;
240 1032 267 1079 et
287 1018 348 1080 hoc
373 1018 529 1079 hodierna
555 1018 606 1079 die
631 1016 751 1079 factum
777 1032 833 1080 est.

313 1218 412 1292 leria
442 1223 550 1291 tercia
579 1229 658 1292 ante
685 1220 811 1291 festum
840 1219 945 1292 llarie
977 1213 1185 1292 Natiuitatis.

623 1373 668 1450 (ό.
692 1375 875 1449 septembris).

231 1513 426 1596 Margaretha
443 1532 523 1575 uxor
548 1513 681 1594 Georgii
700 1513 781 1575 lassa
807 1528 853 1576 est
878 1535 916 1576 eo
934 1515 1045 1594 modo,
1069 1515 1157 1596 quod
1176 1516 1241 1597 ipsa
1260 1517 1383 1599 Marga-

155 1613 216 1677 retha
236 1639 292 1681 una
317 1640 390 1682 cum
417 1640 515 1681 uxore
540 1620 674 1702 depellit
699 1640 800 1681 unum
837 1621 875 1680 de
901 1621 965 1682 alio
989 1641 1062 1682 cum
1096 1621 1188 1682 malis
1214 1621 1314 1701 factis,
1338 1623 1384 1705 ju·

154 1721 194 1780 rati
212 1725 476 1806 adjudicaverunt,
502 1727 590 1808 quod
617 1728 684 1809 ipsa
710 1727 913 1807 Margaretha
938 1728 1033 1789 debet
1057 1729 1214 1789 comburi.

231 1832 320 1907 Quod
346 1835 414 1916 ipsa
440 1853 519 1895 uxor
538 1834 666 1895 Martini
684 1835 813 1895 sartoris
836 1849 881 1894 est
899 1834 1027 1894 inventa
1047 1836 1077 1895 in
1096 1834 1249 1896 lurticilio
1274 1848 1383 1897 contra

156 1926 316 2000 Demetrium
349 1955 516 2016 sartorem,
547 1939 641 2020 jurati
678 1939 954 2020 adjudicaverunt,
987 1941 1075 2020 quod
1108 1941 1175 2022 ipse
1201 1941 1383 2002 Demetrius

155 2033 223 2103 debet
241 2044 338 2123 jurare
364 2067 459 2128 super
484 2061 579 2128 caput
605 2047 683 2125 eius,
709 2047 840 2127 quando
863 2047 929 2127 ipse
954 2046 1081 2127 jurabit,
1095 2061 1170 2109 tunc
1196 2048 1264 2129 ipsa
1288 2048 1384 2109 debet

154 2152 267 2225 suspendi
290 2173 386 2235 super
414 2153 606 2234 patibulum.

230 2256 334 2320 l'rsula
360 2258 424 2320 filia
451 2259 536 2320 Luce
561 2259 678 2320 sutoris
703 2257 782 2319 fassa
816 2272 862 2319 est
887 2259 1079 2337 istomodo,
1104 2259 1192 2341 quod
1218 2260 1284 2342 ipsa
1308 2257 1384 2322 fecit

157 2347 220 2418 fiatri
239 2382 290 2425 suo
315 2384 388 2426 cum
414 2383 512 2425 uxore
544 2384 600 2425 sua
633 2364 722 2445 quod
748 2384 830 2425 unus
862 2385 934 2426 curn
962 2366 1026 2425 alio
1059 2385 1124 2426 non
1148 2366 1217 2427 vult
1242 2386 1380 2438 manere,

159 2453 225 2534 junii
244 2470 512 2551 adjudicaverunt,
538 2470 626 2551 quod
651 2472 718 2552 ipsa
744 2470 859 2531 Vrsula
884 2470 979 2531 debet
1004 2473 1161 2532 comburi.

318 2665 415 2745 Feria
445 2681 543 2745 sexta
573 2681 650 2762 post
678 2673 801 2744 festum
831 2670 1031 2743 Nativitatis
1060 2672 1176 2743 llario.

626 2825 673 2905 (9.
697 2825 888 2900 septembris).

234 2962 326 3029 Causa
352 2969 435 3029 inter
460 2967 615 3029 Mathiam
649 2968 762 3029 Sibralt
796 2983 826 3030 et
851 2969 1038 3050 Synkonem
1062 2969 1235 3048 literatum,
1268 2970 1381 3031 citatio

159 3071 240 3130 lflma.

234 3175 326 3242 Causa
351 3181 434 3243 inter
467 3179 564 3242 filiam
598 3196 629 3243 et
658 3179 741 3242 filios
767 3181 947 3241 Domkonis
973 3181 1148 3263 Perowych
1180 3197 1211 3245 et
1235 3184 1378 3244 nobilem

158 3260 281 3376 lhOmam
304 3288 343 3347 de
377 3287 528 3369 Bachyan
550 3288 678 3348 racione
711 3307 856 3364 uvarum,
889 3287 1016 3367 terragii
1050 3302 1080 3348 et
1106 3286 1181 3366 feni,
1205 3289 1298 3370 jurati
1324 3291 1378 3351 ad-

158 3372 348 3471 iudicaverunt,
374 3393 463 3474 quod
488 3413 526 3454 ex
544 3414 609 3475 quo
628 3395 694 3475 ipse
720 3393 866 3454 Thomas
883 3409 956 3454 ante
981 3394 1186 3475 putacionem
1204 3396 1297 3456 vinee
1315 3417 1379 3458 non

157 3491 266 3590 ³f0³1³vit
288 3519 345 3560 nec
371 3500 521 3578 inhibuit,
547 3500 592 3561 illi
618 3500 672 3581 qui
698 3500 824 3560 labores
852 3498 1006 3578 fecerunt,
1031 3499 1183 3581 colligere
1206 3522 1283 3562 uvas
1307 3522 1379 3584 pos-

156 3597 296 3683 nutatque
328 3605 474 3682 valeant;
506 3606 718 3686 similiterque
751 3605 796 3665 illi
830 3605 885 3686 qui
918 3620 1016 3666 terras
1045 3606 1075 3665 in
1109 3622 1226 3667 sortem
1251 3610 1379 3689 terragii

156 3684 284 3788 dedefunt,
301 3713 347 3773 illi
366 3712 544 3794 percipiant
556 3713 749 3792 terragium;
766 3709 876 3772 senum
894 3726 1000 3773 autem
1018 3733 1074 3793 per
1092 3713 1198 3793 ipsum
1216 3713 1380 3776 Thomam

156 3788 269 3879 falcatum
299 3821 366 3902 ipse
399 3819 525 3897 habeat,
557 3839 594 3880 ex
619 3838 685 3900 quo
717 3819 785 3879 sine
810 3833 914 3880 aresto
946 3815 1055 3880 falcari
1081 3817 1173 3895 fecit;
1206 3821 1272 3902 ipse
1303 3842 1378 3883 vero

156 3894 350 3987 Th⁰11iasnon
375 3939 545 3987 contentus
569 3925 745 4007 appellavit
769 3925 808 3984 ad
833 3925 984 3986 seniores.

366 4127 513 4198 sabbati
542 4134 618 4216 post
646 4127 769 4198 festum
798 4125 997 4200 Natiuitatis
1028 4128 1141 4198 llarie.

608 4279 674 4358 (10.
699 4280 889 4360 septeieibei's).

231 4413 362 4483 Causam
387 4419 543 4503 prefatam
568 4421 650 4482 inter
674 4420 772 4482 filiam
791 4436 822 4482 et
846 4420 929 4482 filios
954 4420 1134 4482 Domkonis
1159 4421 1332 4506 Perowych
1351 4437 1381 4484 et

151 4501 260 4615 f¹⁰bllem
278 4527 441 4589 Thomam
467 4527 506 4588 de
525 4527 675 4610 Bachyan
700 4528 843 4588 seniores
860 4527 982 4609 judices
999 4526 1274 4607 adjudicaverunt,
1293 4531 1380 4610 quod

150 4609 196 4725 ipsi
214 4618 334 4694 heredes
358 4633 539 4695 Domkonis
564 4653 678 4695 omnes
702 4649 877 4716 proventus
902 4650 932 4696 et
950 4634 1069 4695 fructus
1093 4636 1183 4695 'stius
1201 4636 1274 4696 anni
1294 4637 1381 4697 vide·

148 4711 208 4785 ¹¹⁶²1
225 4733 255 4796 de
278 4740 391 4817 vineis,
416 4740 508 4800 terris
532 4754 562 4801 et
580 4739 732 4802 fenilibus
760 4757 791 4802 et
808 4743 878 4802 aliis
895 4743 995 4802 libere
1020 4742 1216 4823 percipiant;
1241 4741 1381 4822 prefatus

149 4818 263 4904 Thana,
296 4844 335 4906 de
370 4844 493 4926 judicio
529 4848 693 4909 seniorum
729 4847 872 4928 judicum
906 4868 971 4909 non
1004 4862 1173 4909 contentus
1205 4848 1381 4929 appellavit

145 4949 247 5008 “utini
270 4951 309 5013 ad
333 4951 587 5015 illustrissimum
611 4952 781 5015 dominum
808 4954 934 5017 duceni.

1283 5047 1306 5112 b
