3142 5356
229 348 291 411 ²72
763 328 848 385 Anno
871 340 965 406 1434.

228 541 470 624 septemtrione,
495 554 526 601 et
543 539 625 600 inter
648 553 747 599 terras
765 537 902 598 arabiles
922 537 1057 598 ecclesie
1075 552 1182 598 sancte
1209 537 1416 616 Margarethe
1433 557 1500 619 pre-

229 661 337 709 notate
369 667 404 708 ac
429 647 562 708 domine
594 643 746 706 Anthone
779 644 888 705 relicte
927 643 1065 704 condam
1098 643 1226 704 Andree
1259 643 1301 704 de
1335 643 1444 704 Turre
1468 663 1501 704 ac

230 755 297 814 vias
328 772 519 815 communes
555 750 684 829 habite,
716 749 906 832 porcionem
938 748 1089 810 videlicet
1118 768 1228 827 suam,
1262 750 1303 811 ab
1337 749 1505 811 occidente

229 859 391 936 habitam,
422 872 487 920 tres
511 855 561 918 vel
593 857 669 918 citra
701 855 803 917 dietas
837 855 870 916 in
895 875 929 916 se
953 855 1194 932 continentem;
1229 855 1307 917 item
1342 855 1506 936 quendam

230 965 382 1046 (h)ortum
407 983 501 1026 suum
527 963 558 1024 in
583 962 739 1023 suburbio
764 961 902 1023 civitatis
936 975 1022 1023 extra
1048 976 1175 1044 portam
1200 961 1341 1023 civitatis
1366 960 1502 1024 Carnifi-

231 1091 302 1133 cum
328 1072 409 1132 inter
440 1069 595 1150 (h)ortum
619 1068 795 1129 liberorum
814 1066 981 1129 Michaelis
999 1067 1154 1130 Saronich
1172 1087 1208 1128 ac
1233 1067 1403 1149 quandam
1421 1069 1506 1130 viam

231 1177 434 1255 currualem,
468 1173 669 1257 Margarethe
702 1173 875 1237 domicelle
912 1174 1073 1257 predicte,
1106 1195 1165 1236 nec
1198 1193 1263 1236 non
1296 1174 1507 1237 medietatem

232 1283 322 1345 cuius
355 1296 532 1364 proventus
565 1300 622 1342 seu
646 1280 792 1342 redditus
823 1281 901 1342 sexti
935 1281 1044 1342 eubuli
1070 1281 1135 1341 vini
1167 1282 1243 1342 novi
1268 1300 1326 1343 seu
1352 1282 1453 1343 musti
1476 1283 1506 1343 in

232 1388 372 1470 quadam
405 1388 499 1448 vinea
532 1386 750 1448 condicionali
783 1386 875 1447 Pauli
909 1385 984 1447 dicti
1018 1386 1251 1471 Sullrowichyn
1287 1401 1319 1448 et
1351 1388 1508 1449 moderne

233 1494 341 1556 uxoris
365 1513 420 1555 sue
445 1493 601 1574 legittime
626 1492 708 1553 inter
733 1492 842 1552 vineas
870 1492 1013 1573 magistri
1031 1491 1160 1553 Thome
1185 1492 1304 1554 literati
1331 1493 1411 1556 dicti
1437 1493 1505 1554 isan

233 1615 263 1662 et
288 1600 417 1684 Mathye
441 1599 551 1680 generi
580 1597 717 1659 condam
751 1597 894 1679 magistri
920 1597 1075 1680 Stephani
1101 1598 1217 1660 literati
1243 1599 1406 1661 Rakarich
1432 1599 1507 1661 dicti

235 1706 353 1784 habita,
378 1703 499 1787 prefate
526 1703 728 1785 Margarethe
761 1704 934 1764 domicelle
959 1722 1017 1786 pro
1046 1703 1219 1766 medietate
1245 1705 1417 1766 cuiusdam
1443 1705 1507 1787 pal·

234 1813 307 1875 lacii
333 1811 448 1873 murati
486 1824 516 1871 et
549 1810 723 1871 domorum
759 1810 940 1890 lignearum
965 1830 1000 1870 ac
1037 1808 1213 1870 fundorum
1238 1809 1345 1871 eidem
1369 1811 1508 1893 pallacio

235 1931 361 1980 murato
393 1920 433 1979 ab
470 1917 586 1978 exteris
620 1935 820 1977 annexorum
853 1936 889 1977 ac
921 1916 1029 1978 celarii
1063 1931 1094 1978 et
1125 1917 1245 1978 clibani
1277 1936 1335 1978 seu
1369 1915 1509 1979 fornacis

234 2044 366 2107 panum,
391 2023 594 2104 aliarumque
611 2037 799 2084 cunctarum
816 2041 947 2083 suarum
965 2022 1250 2104 pertinenciarum,
1274 2042 1334 2104 pro
1353 2024 1507 2103 porcione

235 2130 386 2192 videlicet
410 2130 511 2212 ipsius
535 2128 749 2210 Margarethe,
771 2149 829 2211 pro
847 2148 910 2190 una
935 2129 1086 2190 videlicet
1110 2129 1197 2190 curia
1223 2148 1296 2190 cum
1316 2129 1438 2207 media,
1454 2148 1508 2212 per

237 2237 372 2299 modum
397 2237 650 2320 permutacionis
674 2251 705 2299 et
726 2237 908 2299 concambii
926 2237 1067 2299 dedisset
1091 2251 1247 2318 perpetuo
1265 2236 1506 2318 possidendam.

342 2344 419 2406 Item
444 2343 577 2426 provida
603 2343 720 2404 mulier
745 2343 845 2405 Elena
871 2357 982 2404 vocata
999 2343 1120 2422 relicta,
1145 2357 1175 2404 et
1200 2342 1353 2404 dominus
1387 2344 1507 2405 Paulus

237 2451 393 2533 presbiter
418 2451 649 2532 prebendarius
681 2451 781 2512 sancti
810 2450 893 2530 regis
919 2449 1073 2532 Stephani
1105 2469 1141 2511 ac
1166 2452 1251 2511 bone
1277 2449 1400 2512 indolis
1426 2452 1506 2512 Leo·

238 2558 356 2618 nardus
381 2556 525 2635 clericus,
549 2554 619 2634 filii,
644 2576 680 2616 ac
700 2555 899 2637 Margaretha
922 2555 987 2617 filia
1012 2556 1149 2618 condam
1169 2556 1324 2638 Stephani
1350 2557 1507 2634 Pundich‚

237 2664 400 2745 quandam
427 2664 552 2724 vineam
579 2683 690 2724 eorum
718 2664 798 2724 inter
830 2664 941 2724 vineas
965 2663 1131 2724 benedicti
1165 2662 1260 2744 jurati
1284 2662 1344 2726 filii
1369 2664 1506 2748 Gywani

237 2784 267 2831 et
291 2770 466 2831 liberorum
493 2769 630 2831 condam
656 2768 812 2830 Anthonii
838 2771 931 2831 Kone
956 2770 1110 2849 habitam,
1135 2769 1274 2852 desuper
1297 2791 1315 2832 a
1341 2771 1392 2832 via
1419 2791 1506 2834 com·

237 2876 326 2936 muni
352 2873 433 2936 infra
458 2894 560 2956 usque
578 2874 719 2936 rivulum
744 2895 776 2936 se
795 2875 1033 2953 extendentem,
1057 2874 1182 2958 prelato
1207 2876 1385 2940 Benedicto
1403 2877 1507 2960 jurato

237 2995 268 3042 et
292 2981 425 3062 Agyche
450 3000 504 3041 sue
539 2981 679 3041 consorti
705 3001 762 3061 pro
795 2981 968 3042 duodecim
1001 2979 1071 3043 flor.
1104 2982 1174 3043 auri
1198 2981 1416 3045 vendiderunt
1440 3003 1508 3066 per·

237 3101 335 3169 petuo
369 3087 616 3169 possidendam,
649 3101 846 3149 assumentes
883 3087 1014 3149 eosdem
1051 3088 1263 3151 Benedictum
1300 3089 1443 3169 juratum
1479 3104 1509 3152 et

237 3193 403 3275 Agycham
437 3214 526 3255 suam
560 3207 741 3255 consortem
782 3208 892 3256 contra
924 3194 1087 3276 quoslibet
1119 3195 1307 3277 inpetitores
1341 3193 1508 3258 defensare

238 3300 379 3382 propriis
404 3319 516 3361 eorum
541 3300 706 3361 laboribus
730 3315 760 3361 et
784 3301 940 3382 expensis.

343 3405 422 3467 Item
447 3406 647 3485 Margaretha
673 3426 752 3466 uxor
784 3406 938 3488 Stephani
963 3405 1212 3469 Skerchkowich
1244 3408 1378 3470 totalem
1413 3428 1503 3471 suam

238 3511 427 3594 porcionem
462 3512 627 3572 cuiusdam
653 3513 745 3572 vinee
777 3513 808 3572 in
840 3513 1002 3574 territorio
1035 3513 1171 3574 civitatis
1203 3514 1285 3575 inter
1309 3515 1422 3576 vineas
1448 3515 1507 3576 Mi·

238 3617 356 3680 chaelis
380 3618 571 3679 successoris
607 3617 740 3678 Skerthe
777 3632 807 3679 et
841 3617 974 3700 Georgii
1011 3619 1103 3700 jurati
1139 3619 1238 3680 nostri
1270 3619 1420 3699 moderni
1453 3619 1506 3682 lilii

238 3725 398 3785 Francisci
424 3722 506 3784 labri
530 3723 649 3801 habite,
674 3723 817 3806 predicto
841 3724 1005 3807 Stephano
1031 3724 1166 3786 domino
1191 3739 1221 3786 et
1245 3725 1363 3787 marito
1387 3745 1449 3788 suo
1473 3746 1508 3788 ac

238 3850 391 3912 pereum
417 3829 590 3891 heredibus
614 3830 757 3912 ipsorum
783 3830 915 3892 donavit
947 3843 1103 3912 perpetuo
1136 3831 1386 3914 possidendam;
1412 3833 1508 3894 aliam

238 3951 345 3997 autem
370 3935 576 3998 medietatem
602 3936 746 3997 eiusdem
768 3938 871 4016 vinee,
896 3938 1083 4018 porcionem
1102 3937 1252 3999 videlicet
1276 3958 1379 4017 susm,
1399 3945 1508 4021 Agnes

238 4062 328 4103 soror
359 4042 502 4124 predicte
536 4041 736 4124 Margarethe
779 4062 910 4105 consors
944 4043 1107 4104 Dominici
1140 4043 1218 4105 dicti
1251 4043 1371 4124 Hrezt,
1404 4046 1508 4108 eidem

240 4148 402 4231 Stephano
438 4149 562 4210 sororio
594 4169 653 4210 suo
689 4169 747 4231 pro
785 4150 928 4230 quinque
963 4148 1032 4211 flor.
1066 4149 1135 4210 auri
1173 4149 1319 4212 vendidit
1352 4165 1509 4234 perpetuo

238 4254 479 4336 possidendam.

345 4361 423 4423 ltem
456 4363 671 4424 communitas
702 4362 865 4443 quendam
892 4361 1029 4424 fundum
1062 4364 1239 4426 liberorum
1265 4364 1407 4427 Emerici
1432 4364 1507 4427 dicti

239 4467 401 4529 Banchich
427 4468 459 4528 in
497 4468 568 4530 vico
593 4467 827 4550 lutifigulorum
852 4468 935 4530 inter
959 4468 1078 4531 fundos
1103 4469 1256 4553 Symonis
1281 4470 1322 4532 de
1347 4470 1505 4534 Grathsan

239 4587 270 4634 et
294 4572 426 4655 Georgii
452 4575 568 4636 literati
587 4574 745 4654 habitum,
770 4594 867 4636 unam
887 4591 1033 4656 quartam
1056 4575 1143 4638 curie
1168 4577 1200 4637 in
1217 4595 1251 4637 se
1275 4576 1507 4654 continentem,

239 4680 363 4742 Briccio
387 4680 485 4760 judici
510 4701 567 4763 pro
594 4681 692 4743 daciis
716 4695 747 4743 et
770 4681 841 4743 aliis
862 4683 1002 4743 serviciis
1019 4683 1249 4745 communibus
1272 4684 1422 4747 vendidit
1438 4703 1506 4767 per·

239 4800 336 4868 petuo
360 4787 606 4869 possidendum.
