3142 5356
253 472 330 535 Item
356 471 443 533 iwan
469 471 573 532 dictus
601 468 705 531 Joffan
738 468 877 530 condam
902 467 1023 549 juratus
1054 466 1133 528 emit
1156 480 1187 528 et
1211 466 1313 526 eciam
1336 484 1408 527 con·

147 578 318 640 cambiavit
350 596 448 638 unam
480 577 607 636 vineam
636 596 654 636 a
686 576 779 636 Petro
805 575 892 636 dicto
925 571 1053 649 Kurch,
1076 585 1224 654 tempore
1255 570 1411 653 judicatus

147 685 223 746 dicti
253 683 416 746 Johaunis.

254 790 331 852 Item
356 789 442 850 idem
465 786 550 849 Iwan
576 787 654 849 emit
677 785 940 847 concambialiter
965 804 1061 846 unam
1086 783 1214 845 vineam
1239 803 1257 844 a
1282 782 1413 864 Gurgek

146 896 261 975 jurato,
284 910 429 977 tempore
451 893 610 975 judicatus
634 892 709 954 dicti
735 891 901 953 Johannis.

252 1002 330 1064 item
355 999 489 1082 Matbey
513 999 650 1061 condam
676 999 817 1060 decanus
848 999 926 1059 emit
951 1019 967 1058 a
994 997 1139 1059 Johanne
1164 995 1292 1058 literato
1318 1014 1412 1056 unam

152 1124 278 1186 terram,
303 1124 449 1190 tempore
473 1105 632 1185 judicatus
656 1104 732 1166 dicti
758 1103 923 1167 Johannis.

253 1213 330 1275 item
356 1212 432 1293 quis
456 1211 649 1272 Benedictus
674 1208 813 1271 carnifex
842 1209 1029 1271 testimonio
1062 1206 1184 1269 efficaci
1208 1208 1240 1268 id
1265 1226 1414 1288 compro-

147 1320 244 1397 bavit,
269 1319 356 1400 quod
383 1317 544 1399 Georgius
576 1317 681 1377 dictus
712 1315 811 1377 mladi
848 1335 949 1376 unum
983 1314 1120 1376 fundum
1144 1333 1217 1375 cum
1243 1333 1301 1374 sua
1326 1313 1414 1374 vide-

147 1426 221 1486 licet
245 1425 345 1507 ipsius
369 1422 535 1485 Benedicti
560 1423 696 1503 pecunia
721 1421 931 1503 comparavit,
956 1420 1030 1482 ideo
1059 1439 1118 1481 nos
1143 1420 1248 1501 ipsum
1275 1417 1414 1480 fundum

148 1531 254 1591 eidem
282 1529 457 1590 Benedicto
490 1527 641 1588 duximus
673 1527 942 1588 committendum
975 1526 1043 1607 jure
1076 1539 1243 1608 perpetuo,
1267 1539 1415 1608 ternpore

149 1637 308 1717 judicatus
332 1636 496 1697 Johannis.

254 1743 332 1804 Item
365 1741 497 1802 domina
531 1740 629 1801 Lucia
662 1759 793 1801 consors
826 1738 981 1800 Johannis
1007 1738 1165 1801 Praudicb
1199 1738 1290 1800 dedit
1316 1757 1413 1799 unam

150 1849 277 1910 vineam
297 1867 387 1909 suam
405 1847 510 1909 eidem
528 1844 666 1908 Johanni
692 1846 806 1907 marito
831 1865 889 1906 suo
913 1845 953 1906 ad
978 1845 1146 1922 honorem,
1167 1859 1315 1927 tempore
1332 1843 1414 1926 judi·

148 1969 237 2017 catus
260 1955 336 2016 dicti
361 1952 525 2015 iohannis.

253 2061 330 2122 ltern
356 2058 530 2122 Katherina
556 2058 645 2120 dedit
669 2077 769 2118 unum
799 2055 935 2118 fundum
967 2076 1062 2118 suum
1086 2057 1146 2117 sibi
1173 2077 1189 2117 a
1215 2057 1323 2138 primo
1348 2076 1415 2118 rna·

148 2169 209 2229 rito
229 2166 390 2247 Gergerak
416 2179 529 2227 vocato
553 2164 817 2226 testamentaliter
841 2165 990 2244 legatam,
1015 2178 1160 2245 tempore
1181 2164 1342 2245 judicatus
1358 2164 1415 2226 do·

148 2273 227 2333 mini
253 2271 417 2332 iohannis.

252 2378 329 2440 item
354 2378 438 2439 lwan
463 2378 540 2438 emit
564 2397 665 2438 unum
682 2373 819 2439 fundum
845 2398 861 2437 a
884 2377 1019 2438 Jancino
1039 2375 1107 2438 filio
1132 2377 1299 2453 Jobannis,
1333 2393 1414 2439 tem-

147 2505 222 2566 pore
247 2485 405 2567 judicatus
429 2485 504 2547 dicti
531 2485 695 2547 Johannis.

252 2591 330 2652 Item
358 2590 529 2651 Katherina
554 2590 645 2652 dedit
668 2610 765 2651 unam
799 2589 926 2650 vineam
952 2610 1041 2651 suam
1068 2591 1183 2653 marito
1207 2610 1267 2652 suo
1294 2590 1414 2652 Deme·

146 2697 218 2775 trio,
243 2710 388 2778 tempore
413 2696 571 2776 judicatus
595 2697 670 2757 dicti
696 2697 861 2757 iohannis.

252 2803 329 2863 item
355 2802 484 2886 Mathey
508 2802 646 2863 condam
664 2802 804 2864 decanus
828 2803 905 2863 emit
922 2822 1022 2863 unum
1040 2801 1176 2865 fundum
1201 2823 1218 2864 a
1244 2804 1414 2866 Elizabeth

147 2907 255 2989 puella
279 2907 344 2968 filiu
370 2909 478 2985 iwani,
502 2922 647 2990 tempore
672 2907 832 2985 judicatus
855 2909 931 2970 dicti
956 2908 1122 2972 Johannis.

254 3014 332 3074 item
357 3014 489 3074 domina
514 3015 611 3075 Lucia
629 3015 774 3076 vendidit
800 3035 899 3076 unum
919 3015 1053 3077 fundum
1072 3036 1164 3077 suum
1191 3017 1222 3077 in
1249 3017 1301 3078 via
1327 3017 1414 3078 Teu-

150 3120 332 3180 tunicorum
359 3120 501 3200 Georgio
532 3140 652 3202 genero
685 3141 756 3200 suo,
787 3136 931 3202 ternpore
963 3123 1121 3204 judicatus
1145 3123 1220 3184 dicti
1246 3122 1416 3186 Johannis.

252 3226 329 3286 Item
356 3227 479 3287 Blasius
503 3242 603 3287 sartor
628 3228 705 3288 emit
729 3247 826 3288 unam
848 3229 975 3289 vineam
1000 3250 1016 3290 a
1043 3229 1215 3291 Dominico
1241 3245 1415 3293 executore

148 3332 284 3392 condam
310 3332 412 3410 Pauli,
436 3347 580 3414 tempore
606 3333 764 3412 judicatus
788 3334 864 3395 dicti
890 3335 1056 3397 iohannis.

253 3438 330 3498 ltem
356 3437 510 3499 Crisanus
535 3440 637 3500 dictus
663 3440 729 3500 Lah
755 3461 827 3501 curn
854 3462 908 3501 sua
935 3458 1082 3505 consorte
1108 3443 1310 3524 Margaretha
1337 3446 1416 3507 emit

149 3563 243 3604 unam
269 3544 396 3605 vineam
421 3566 438 3605 a
464 3546 568 3620 l'etr0,
592 3559 736 3627 tempore
758 3547 916 3625 judicatus
940 3549 1015 3610 dicti
1041 3549 1205 3612 iohannis.

253 3651 330 3712 Item
362 3653 491 3734 Alspeta
524 3652 663 3731 conjunx
698 3654 850 3734 Stephani
883 3655 998 3716 literati
1024 3656 1063 3716 de
1096 3655 1259 3738 Crappina
1291 3661 1413 3720 condo·

148 3757 235 3818 navit
268 3776 366 3818 unuin
392 3778 485 3818 suum
517 3756 655 3818 fundum
690 3759 794 3819 eidem
828 3760 992 3842 Stephano
1025 3762 1140 3823 marito
1172 3781 1243 3841 suo,
1267 3777 1413 3846 ternpore

147 3862 306 3941 judicatus
331 3862 405 3923 dicti
432 3863 596 3926 Johannis.

253 3969 331 4029 Item
357 3970 444 4050 quod
471 3972 545 4051 quia
580 3971 760 4031 Demetrius
793 3971 878 4033 filius
911 3973 1085 4056 Mychaelis
1111 3975 1142 4035 id
1176 3977 1413 4058 comprobavit,

147 4075 234 4154 quod
261 4075 364 4135 Borka
382 4076 442 4135 sibi
469 4096 563 4137 unam
584 4077 710 4137 vineam
728 4097 818 4137 suam
839 4079 957 4159 legavit
982 4080 1013 4140 in
1038 4100 1096 4141 suo
1113 4095 1320 4162 testament0,
1338 4083 1413 4146 ideo

149 4202 208 4241 nos
222 4182 323 4263 ipsam
338 4183 464 4243 vineam
475 4184 578 4244 eidem
591 4185 815 4264 relinquimus,
830 4185 988 4265 judicatus
996 4201 1141 4268 tempore
1156 4188 1230 4248 dicti
1245 4189 1412 4252 iohannis.

254 4288 330 4349 Item
356 4291 430 4369 quia
449 4290 534 4351 idem
555 4291 736 4352 Demetrius
762 4291 792 4351 id
810 4294 1044 4372 comprobavit,
1069 4295 1157 4375 quod
1175 4294 1289 4357 eadem
1307 4297 1413 4358 Borka

147 4394 206 4454 sibi
232 4393 368 4454 fundum
394 4415 531 4457 unacum
557 4397 667 4478 Zlayta
685 4397 803 4477 legavit
827 4400 1099 4478 testamentaliter,
1124 4400 1199 4462 ideo
1224 4421 1283 4462 nos
1307 4402 1413 4483 ipsum

146 4497 282 4561 fundum
316 4501 436 4562 eisdem
469 4504 650 4564 remisimus
681 4503 931 4584 possidendum,
966 4519 1112 4588 ternpore
1144 4507 1304 4587 judicatus
1335 4509 1413 4573 dicti

148 4605 313 4670 iohannis.

732 4748 882 4767 w-——ae
