3156 5364
686 369 773 427 Anno
795 364 888 444 1458.
1359 387 1421 449 3¹9

152 579 222 641 dini
248 578 518 641 confraternitatis
542 577 844 641 Theuthonicorum
875 600 912 641 ac
935 579 1021 662 juxta
1045 580 1131 641 viam
1156 600 1363 642 communem
1387 593 1421 642 et

153 686 321 767 quoddam
355 685 509 747 fossatum
541 685 573 746 in
600 686 688 767 Krog
720 685 846 763 habite,
880 686 949 768 ipso
981 686 1116 747 Nicolao
1149 685 1246 767 judici
1272 686 1417 747 vendidit

152 807 311 874 perpetuo
336 790 563 873 possidendam
589 804 620 852 et
650 791 823 873 superinde
852 806 898 853 est
922 791 1013 852 litera
1037 792 1096 852 sub
1128 792 1282 873 pendenti
1307 791 1416 872 sigillo

151 899 395 961 communitatis
419 911 577 960 emanata.

260 1021 338 1084 Item
363 1022 425 1083 due
449 1021 607 1084 sessiones
630 1041 688 1083 seu
719 1019 811 1082 fundi
844 1020 1067 1102 jobagionales
1099 1021 1130 1082 in
1155 1020 1317 1082 territorio
1344 1021 1419 1082 civi·

151 1128 227 1190 tatis
251 1128 282 1189 in
307 1128 382 1190 villa
408 1128 568 1212 Pobresya
593 1127 689 1188 simul
713 1146 787 1189 cum
812 1125 937 1208 (hlortis
971 1140 1002 1189 et
1024 1127 1116 1189 terris
1139 1127 1315 1188 arabilibus
1343 1127 1416 1188 Del-

152 1235 243 1295 nicze
269 1249 299 1295 et
324 1234 531 1295 Srebinnicze
556 1234 686 1312 vocatis,
704 1252 740 1294 ac
763 1233 896 1314 quidam
917 1232 1053 1315 (blortus
1077 1233 1160 1294 circs
1185 1231 1307 1295 fontem
1332 1233 1422 1294 Man-

154 1340 315 1418 dusewcz,
338 1340 394 1421 qui
411 1339 549 1401 condam
568 1339 735 1401 Michaelis
752 1338 842 1400 Thar
858 1338 1030 1422 prefuerat,
1047 1358 1120 1400 cum
1143 1340 1209 1400 suis
1232 1339 1424 1401 utilitatibus

153 1461 186 1509 et
219 1446 426 1529 pertinenciis
458 1447 613 1507 universis
653 1445 803 1506 Michaeli
835 1465 936 1527 puero
977 1443 1042 1507 filie
1075 1445 1207 1506 domine
1233 1446 1333 1506 Elene
1357 1444 1423 1507 filie

154 1552 328 1615 Michaelis
346 1552 534 1624 Sebastiani,
560 1566 631 1634 post
647 1565 784 1612 mortem
807 1551 951 1612 eiusdem
970 1550 1101 1612 domine
1123 1552 1234 1630 Elene,
1258 1571 1314 1634 per
1330 1565 1423 1614 testa-

154 1659 346 1720 mentariam
371 1658 571 1739 legacionem
597 1658 696 1740 ipsius
721 1657 890 1719 Michaelis
908 1657 1088 1719 Sebastiani
1113 1670 1187 1720 sunt
1211 1658 1302 1719 litera
1327 1659 1423 1740 privi-

153 1765 262 1846 legiali
287 1766 346 1825 sub
372 1764 525 1846 pendenti
550 1763 658 1844 sigillo
683 1764 924 1825 communitatis
956 1777 1144 1845 perpetuare
1169 1777 1200 1825 et
1224 1761 1422 1825 confirmata.

261 1888 338 1949 ltem
363 1897 425 1949 tres
449 1887 607 1949 sessiones
638 1907 695 1948 seu
720 1885 811 1948 fundi
845 1887 1069 1970 jobagionales
1093 1887 1124 1948 in
1157 1887 1319 1948 territorio
1344 1888 1420 1948 civi·

154 1995 230 2056 tatis
255 1996 286 2056 in
304 1995 445 2076 predicta
463 1995 539 2055 villa
557 1994 718 2077 Pobresya
735 2008 859 2071 vocata,
877 1994 959 2056 inter
972 1994 1131 2055 sessiones
1148 1993 1307 2075 predictas
1326 1993 1424 2074 ipsius

156 2100 327 2162 Michaelis
359 2101 449 2182 pueri
475 2102 514 2162 ab
547 2099 726 2178 occidente,
759 2114 790 2162 et
814 2100 896 2162 inter
927 2099 1085 2161 sessiones
1109 2099 1284 2161 liberorum
1310 2097 1423 2180 prefati

156 2206 326 2268 Michaelis
362 2205 540 2268 Sebastiani
572 2209 612 2267 ab
645 2206 769 2268 oriente
800 2205 909 2268 habite
942 2221 973 2267 et
997 2206 1188 2284 existentes,
1220 2205 1317 2266 simul
1351 2224 1423 2266 cum

153 2312 281 2393 (h)ottis
306 2326 338 2374 et
361 2313 453 2374 terris
470 2311 645 2374 arabilibus
670 2311 823 2374 Delnicze
841 2326 872 2374 et
897 2312 1112 2397 Srebynnicze
1137 2312 1269 2390 vocatis,
1293 2331 1329 2372 ac
1347 2330 1423 2392 que-

154 2418 230 2480 dem
255 2433 336 2480 terta
361 2418 491 2480 arabilis
514 2419 658 2500 quinque
675 2418 833 2480 dictarum
859 2419 891 2480 in
909 2438 1024 2500 campo
1048 2417 1185 2479 civitatis
1201 2438 1300 2500 penes
1323 2431 1423 2480 terras

155 2526 270 2587 Briccii
296 2525 462 2608 piscatoris
486 2545 502 2586 a
528 2525 707 2586 meridione
733 2539 764 2586 et
787 2525 963 2587 liberorum
991 2524 1157 2587 Michaelis
1182 2525 1360 2587 Sebastiani
1385 2544 1422 2585 ac

154 2632 239 2693 Petri
267 2631 422 2693 Penthera
450 2645 480 2693 et
506 2631 602 2692 blasii
629 2630 826 2692 Kutmanich
860 2651 895 2694 ac
924 2632 1091 2713 hospitalis
1115 2632 1214 2693 nostri
1239 2631 1421 2692 communis

152 2737 274 2814 habita,
299 2757 355 2819 per
379 2735 551 2798 fassionem
577 2737 742 2799 benedicti
760 2736 818 2800 filii
844 2737 942 2821 ipsius
973 2737 1139 2800 Michaelis
1164 2738 1341 2800 Sebastiani
1367 2757 1423 2821 per

154 2845 261 2927 ipsum
288 2843 498 2906 benedictum
523 2843 555 2904 in
589 2863 726 2926 persona
758 2841 890 2906 fratrum
916 2858 947 2905 et
978 2863 1125 2905 sororum
1158 2863 1287 2904 suatum
1314 2862 1423 2904 coram

154 2951 250 3014 nobis
275 2949 402 3027 laetam,
426 2963 500 3011 sunt
523 2949 697 3012 Valentino
722 2950 826 3028 jurato
850 2949 918 3012 filio
944 2949 1110 3011 Michaelis
1135 2949 1290 3011 Saronich
1315 2963 1347 3011 et
1365 2950 1425 3010 Mi·

153 3057 258 3119 chaeli
284 3076 319 3118 ac
346 3055 495 3117 Ladislao
520 3053 594 3117 filiis
618 3056 763 3117 eiusdem
781 3056 943 3117 Valentini
962 3055 1055 3135 jurati
1081 3076 1139 3139 pro
1156 3056 1246 3117 totali
1266 3055 1420 3138 porcione

152 3161 408 3246 possessionaria
426 3162 564 3222 condam
582 3160 714 3224 domine
735 3161 832 3224 Elene
851 3160 914 3223 filie
933 3162 1032 3244 ipsius
1051 3161 1218 3225 Michaelis
1243 3161 1422 3223 Sebastiani

156 3267 296 3331 condam
322 3269 479 3329 consortis
505 3267 604 3349 ipsius
620 3267 784 3330 Valentini
802 3267 895 3347 jurati
914 3281 944 3330 et
968 3268 1078 3329 matris
1097 3269 1240 3349 ipsorum
1260 3267 1426 3330 Michaelis

157 3390 190 3438 et
217 3374 356 3436 Ladislai
383 3393 556 3455 puerorum
581 3393 637 3456 per
668 3373 870 3455 legacionem
903 3375 1174 3436 testamentariam
1200 3373 1344 3434 eiusdem
1369 3373 1425 3434 do-

158 3482 247 3543 mine
274 3481 374 3543 Elene
391 3494 464 3541 sunt
480 3481 572 3542 litera
590 3479 782 3561 privilegiali
804 3482 863 3541 sub
880 3481 1033 3562 pendenti
1052 3480 1160 3562 sigillo
1185 3480 1426 3542 communitatis

156 3600 346 3671 perpetuete
370 3600 400 3648 et
425 3585 621 3648 confirmate.

267 3711 343 3773 Item
362 3710 479 3772 domus
503 3710 641 3772 condam
660 3710 784 3772 Nicolai
812 3711 1059 3793 Lippowschalt,
1076 3712 1171 3773 unius
1188 3711 1310 3793 integre
1328 3711 1426 3787 curie,

156 3837 194 3881 ac
220 3836 332 3879 omnes
356 3831 437 3877 terte
462 3816 599 3877 arabiles
623 3816 766 3878 eiusdem
790 3817 915 3878 Nicolai
943 3817 1177 3900 Lippowschalc
1203 3818 1235 3877 in
1260 3837 1375 3899 campo
1393 3832 1424 3876 et

155 3923 319 3986 territorio
352 3923 488 3984 civitatis
512 3922 630 3999 habite,
662 3936 735 3983 sunt
768 3922 858 3984 litera
891 3923 1083 4004 privilegiali
1117 3922 1423 4004 per.vendici0nem

160 4029 322 4093 Leonardi
349 4029 447 4090 Italici
474 4043 504 4089 et
528 4048 584 4109 per
616 4028 819 4111 empcionem
853 4029 1014 4090 Valentini
1047 4029 1140 4110 jurati
1165 4028 1221 4091 filii
1256 4028 1423 4090 Michaelis

162 4134 320 4198 Saronich
344 4135 449 4196 eidem
475 4134 647 4196 Valentino
679 4133 781 4213 jurato
813 4135 906 4197 certis
938 4135 1217 4216 racionalibusque
1256 4134 1296 4195 de
1321 4135 1424 4194 causis

163 4244 196 4304 in
222 4242 289 4324 ipsa
314 4242 403 4304 litera
422 4241 613 4324 privilegiali
639 4242 836 4324 expressatis,
857 4244 916 4303 sub
933 4241 1086 4324 pendenti
1112 4242 1219 4322 sigillo
1244 4241 1425 4301 communi·

157 4350 234 4412 tatis
257 4362 330 4410 sunt
355 4361 541 4430 perpetuata
566 4362 596 4408 et
621 4346 820 4410 confirmata.

266 4471 344 4534 ltem
370 4472 545 4554 Dyonisius
569 4484 658 4533 sutor
675 4470 760 4532 lilius
784 4471 909 4533 Crisani
928 4471 1091 4553 quandam
1108 4484 1225 4532 terram
1250 4489 1339 4531 suam
1357 4488 1424 4529 ara-

158 4579 259 4642 bilem
285 4579 316 4639 in
342 4598 456 4660 campo
481 4578 616 4639 civitatis
641 4578 722 4638 inter
753 4592 851 4639 terras
877 4578 1028 4660 Symonis
1060 4577 1099 4638 de
1129 4575 1260 4638 Raboch
1286 4590 1315 4635 et
1341 4575 1423 4635 inter

159 4685 294 4748 fluvium
320 4684 359 4746 de
385 4686 548 4746 montibus
575 4684 752 4765 Popowdol
784 4685 904 4744 vocatis
936 4684 1158 4745 decurrentem
1185 4684 1289 4759 sitam,
1326 4700 1421 4741 unam

158 4811 232 4856 cum
259 4791 366 4853 media
391 4791 508 4851 dietam
530 4805 611 4851 terre
637 4791 667 4850 in
686 4811 719 4850 se
737 4790 968 4865 continentem,
987 4788 1117 4870 Mathye
1142 4802 1172 4849 et
1190 4787 1333 4868 Georgio
1353 4785 1427 4847 filiis
