3156 5364
684 359 768 414 Anno
791 371 885 434 1440.
1356 376 1415 436 345

657 465 812 472 π*
822 465 825 469 -
864 465 983 471 -—-.
994 465 1005 469 -
1060 466 1219 471 -—..-.
1230 466 1236 471 .

153 570 232 631 toris
257 569 332 630 dicti
358 570 437 650 Ban,
461 570 624 652 quendam
657 568 794 631 fundum
825 590 919 630 suum
948 569 1029 631 inter
1061 569 1194 631 domum
1227 584 1258 633 et
1282 569 1417 632 fundum

152 676 319 738 Michaelis
342 676 471 737 sartoris
495 692 526 736 et
550 677 676 737 Nicolai
702 675 854 737 aurifabri
889 676 1047 754 habitum,
1072 677 1132 738 sibi
1167 697 1224 760 per
1256 676 1415 760 prefatum

152 783 352 865 Stephanum
378 784 444 845 Ban
478 783 741 845 testamentaliter
773 783 934 865 legatum,
967 783 1098 866 Mathye
1129 785 1241 846 sartori
1273 783 1419 846 vendidit

154 903 313 972 perpetuo
337 888 569 972 possidendum
599 903 630 950 et
652 889 825 971 superinde
860 902 906 950 est
930 889 1020 951 litera
1045 890 1103 951 sub
1132 889 1285 973 pendenti
1310 890 1417 971 sigillo

154 995 396 1057 communitatis
420 994 564 1057 confecta
589 1008 620 1056 et
644 1009 800 1057 emanata.

258 1102 337 1164 Item
363 1101 535 1164 heredibus
559 1116 623 1163 tam
649 1102 819 1164 masculini
852 1122 950 1184 quam
983 1101 1129 1164 feminini
1154 1124 1247 1166 sexus
1271 1104 1414 1166 virorum

152 1209 362 1292 providorum
382 1211 538 1288 Barnabe‚
556 1209 693 1270 Blasiiet
711 1208 843 1290 Georgii
868 1208 1008 1271 filiorum
1030 1211 1118 1273 Bank
1143 1210 1182 1272 de
1207 1212 1415 1289 Adamowcz,

152 1318 280 1395 domus,
305 1315 423 1377 fundus
447 1330 478 1378 et
494 1315 643 1378 hedificia
668 1317 856 1378 eorumdem
876 1317 1031 1395 Barnabe‚
1056 1317 1153 1379 Blasii
1178 1332 1209 1380 et
1233 1316 1367 1399 Georgii
1386 1319 1416 1379 in

152 1424 236 1485 dicta
261 1422 387 1484 civitate
412 1422 493 1484 inter
518 1422 653 1484 domum
688 1437 846 1484 muratam
882 1437 912 1485 et
941 1421 1079 1485 fundum
1113 1422 1226 1487 Briccii
1250 1423 1366 1504 judicis
1390 1440 1420 1486 et

152 1530 330 1591 liberorum
355 1528 492 1589 condam
518 1528 644 1590 Nicolai
675 1528 798 1607 Thoth,
830 1529 927 1590 simul
952 1549 1025 1591 cum
1057 1531 1253 1592 stacionibus
1278 1545 1308 1591 et
1331 1531 1419 1592 hedi·

152 1636 233 1698 ficiis
257 1635 336 1697 inibi
361 1635 489 1713 habitis,
514 1635 572 1696 tria
598 1635 754 1718 quartalia
780 1636 865 1698 curie
890 1637 922 1697 irr
955 1656 987 1697 se
1012 1637 1223 1715 continentes,
1248 1651 1295 1699 est
1327 1637 1418 1699 litera

153 1741 362 1826 privilegialis
379 1743 438 1802 sub
456 1741 608 1824 pendenti
639 1742 746 1823 sigillo
764 1743 1003 1804 communitatis
1028 1740 1175 1805 conlecta
1204 1759 1235 1804 et
1263 1757 1419 1805 emanata.

258 1847 336 1909 Item
361 1847 486 1929 Agatha
517 1848 625 1909 relicta
658 1862 688 1910 et
712 1849 865 1910 Nicolaus
896 1847 981 1910 filius
1013 1863 1044 1911 et
1076 1849 1265 1933 Elyzabeth,
1295 1869 1358 1910 una
1383 1869 1418 1910 ac

152 1956 253 2018 altera
278 1954 456 2038 Elyzabeth
481 1953 545 2017 filie
571 1956 709 2016 condam
741 1955 854 2038 prefati
881 1956 1013 2039 Georgii
1038 1955 1095 2018 filii
1113 1957 1220 2038 ipsius
1245 1957 1345 2035 Bank,
1370 1970 1418 2018 to·

152 2063 251 2124 talem
275 2062 406 2123 terciam
432 2081 543 2124 eorum
562 2077 685 2144 partem
712 2063 854 2145 predicte
871 2063 996 2142 domus,
1021 2063 1112 2124 fundi
1131 2078 1161 2124 et
1186 2061 1420 2141 hedificiorum,

151 2188 251 2230 unam
276 2168 426 2230 videlicet
451 2183 597 2249 quartam
631 2170 716 2231 curie
749 2170 780 2231 iu
806 2190 838 2230 se
870 2171 1101 2250 continentem,
1135 2171 1283 2232 EmerIco
1307 2170 1419 2231 sartori

152 2274 221 2336 filio
247 2275 332 2336 Luce
362 2275 577 2337 vendiderunt
593 2290 749 2357 perpetuo
779 2276 1026 2357 possidendam
1051 2292 1081 2338 et
1099 2277 1198 2338 Lucia
1215 2276 1326 2338 relicta
1344 2295 1420 2337 con·

151 2381 226 2443 dam
253 2381 349 2442 Blasii
374 2382 503 2442 sartoris
519 2380 576 2443 filii
601 2382 735 2463 predicti
754 2382 899 2444 Barnabe
923 2398 1024 2444 totam
1053 2403 1144 2444 suam
1169 2383 1357 2466 porcionem
1384 2382 1415 2443 in

153 2486 267 2549 eadem
292 2487 404 2567 domo,
428 2486 529 2549 fundo
562 2502 593 2548 et
624 2486 782 2550 hedificiis
814 2490 967 2568 habitam,
1003 2490 1146 2571 predicto
1179 2489 1329 2551 Emerico
1362 2509 1420 2551 suo

151 2594 267 2656 marito
301 2596 435 2657 donavit
466 2610 621 2678 perpetuo
654 2596 881 2677 possidendam
912 2611 943 2658 et
973 2597 1145 2680 superinde
1170 2612 1216 2658 est
1239 2597 1329 2659 litera
1361 2596 1420 2658 sub

152 2702 306 2784 pendenti
331 2702 438 2782 sigillo
463 2702 704 2763 communitatis
727 2718 884 2765 emanata.

259 2807 336 2870 Item
372 2807 511 2889 quedam
544 2809 637 2869 viaea
669 2809 902 2872 condicionalis
934 2811 1012 2873 sexti
1047 2811 1155 2873 eubuli
1191 2811 1223 2872 in
1255 2811 1416 2873 territorio

152 2915 291 2977 clvitatis
315 2914 456 2996 predicte
483 2915 563 2976 inter
588 2916 714 2976 vineam
738 2916 834 2976 Blasii
853 2918 992 2998 agricole
1016 2916 1072 2978 filii
1098 2918 1261 2980 Valentini
1279 2933 1310 2978 et
1328 2917 1417 2978 Pauli

155 3021 344 3084 Mozlauecz
369 3021 488 3098 habita,
512 3023 571 3082 sub
589 3041 686 3082 censu
703 3022 780 3082 sexti
807 3023 916 3083 cubuli
935 3024 966 3084 in
985 3024 1113 3106 propria
1138 3038 1268 3086 vectura
1292 3044 1415 3107 posses·

153 3129 234 3190 soris
259 3128 368 3210 ipsius,
394 3124 501 3188 Blasio
525 3128 671 3208 predicto
696 3142 742 3189 est
774 3131 832 3190 sub
866 3129 1017 3211 pendenti
1043 3131 1151 3211 sigillo
1178 3131 1418 3192 communitatis

153 3234 397 3317 privilegialiter
426 3248 583 3296 emanata.

261 3339 337 3402 Item
365 3339 546 3422 Stephanus
570 3342 709 3421 agricola
735 3342 898 3422 quandam
931 3343 1057 3405 vineam
1083 3363 1175 3405 suam
1201 3344 1232 3404 in
1257 3343 1418 3405 territorio

152 3447 291 3508 civitatis
315 3448 456 3529 predicte
483 3448 565 3508 iuter
588 3448 698 3508 vineas
730 3448 843 3528 judicis
873 3450 1000 3511 Martini
1034 3451 1181 3511 moderni
1207 3465 1237 3511 et
1262 3449 1420 3511 Iohannis

152 3553 292 3634 agricole
311 3553 464 3632 habitam,
483 3553 658 3616 Benedicto
677 3554 837 3616 Rathkoni
854 3556 998 3617 vendidit
1016 3572 1172 3639 perpetuo
1191 3557 1419 3640 possidendam

154 3673 185 3721 et
210 3660 382 3741 superinde
407 3675 453 3721 est
478 3661 568 3721 litera
592 3662 651 3721 sub
676 3661 828 3742 pendenti
863 3663 970 3743 sIgilIo
995 3665 1236 3725 communitatis
1260 3678 1420 3726 emanata.

261 3767 338 3828 Item
364 3767 504 3848 quedam
529 3767 656 3845 domus,
682 3766 801 3828 fundus
834 3782 864 3829 et
889 3768 1036 3831 hedificia
1070 3771 1101 3831 in
1127 3771 1198 3832 vico
1224 3769 1419 3833 Carnihcum

153 3876 236 3936 inter
261 3874 328 3934 vias
353 3892 542 3934 communes
566 3888 596 3935 et
621 3874 755 3935 domum
781 3875 955 3936 liberorum
981 3876 1119 3936 condam
1145 3876 1212 3937 Juri
1237 3876 1418 3938 Corintiani

154 3981 273 4057 habita,
298 3979 439 4040 mediam
464 3981 586 4040 curiam
612 3980 643 4040 in
662 4001 694 4041 se
720 3982 898 4058 continens,
922 3981 1178 4064 Mathyetextori
1204 3982 1302 4043 veluti
1328 3980 1417 4043 fratri

155 4087 283 4148 Martini
308 4086 423 4164 judicis
448 4087 595 4148 moderni
620 4103 665 4148 est
690 4088 779 4149 litera
812 4088 1021 4170 privilegialis
1045 4090 1104 4149 sub
1130 4089 1281 4171 pendenti
1309 4089 1416 4170 sigillo

153 4193 395 4254 communitatis
423 4207 580 4256 emanata.

262 4299 339 4360 Item
362 4300 452 4360 litera
470 4300 680 4381 privilegialis
697 4304 756 4362 sub
774 4302 926 4382 pendenti
943 4302 1051 4382 sigillo
1069 4304 1310 4365 communitatis
1326 4323 1421 4385 super

153 4405 325 4467 medietate
351 4406 476 4483 domus,
502 4406 604 4484 fundi,
630 4408 737 4468 celarii
763 4410 960 4469 subterranei
986 4423 1017 4471 et
1041 4409 1263 4472 hedificiorum
1291 4411 1322 4471 in
1348 4411 1419 4472 vico

155 4512 305 4573 exteriori
330 4533 385 4573 seu
411 4513 515 4594 platea
542 4514 785 4591 theuthonicali,
818 4535 874 4595 per
900 4514 1074 4577 laesionem
1109 4517 1286 4600 Elyzabeth
1312 4519 1420 4580 relicte

156 4617 243 4681 Galli
269 4621 430 4701 arcuparis
455 4623 514 4682 sub
532 4623 660 4682 racione
679 4620 917 4682 hedificacionis
942 4636 973 4684 et
991 4626 1248 4706 recuperacionis
1265 4625 1420 4704 eiusdem,

156 4724 299 4806 Georgio
326 4729 542 4807 campanatori
577 4727 645 4788 lilio
672 4726 802 4807 Georgii
836 4728 873 4787 de
907 4728 1046 4790 Gordwa
1075 4746 1121 4793 est
1156 4746 1302 4793 emanata
1327 4753 1422 4814 super

156 4852 253 4894 unam
279 4833 427 4894 videlicet
453 4850 598 4914 quartam
624 4855 679 4916 per
704 4833 841 4894 eundem
872 4851 1028 4917 perpetuo
1054 4838 1292 4918 possidendam.

685 4968 720 4974 υ-
735 4962 893 4982 utto-§motm—
