3142 5356
576 451 665 510 Anno
687 462 777 526 1507.
800 483 841 493 -
863 465 913 528 23.
929 452 1013 527 julii.
1373 452 1430 534 169

168 663 217 725 die
242 664 377 726 totidem
404 662 591 725 hominibus
625 663 744 725 ibidem
770 663 829 724 sibi
860 663 1020 725 similibus
1052 662 1155 743 jurare
1187 663 1318 726 debebit
1342 663 1430 745 quod

167 773 301 833 eandem
327 791 393 833 non
418 771 584 854 percussit,
609 772 698 851 quod
722 770 748 830 si
773 770 876 832 dictus
901 770 991 831 Hans
1015 768 1117 850 jurare
1143 770 1244 832 nollet
1268 787 1298 831 et
1322 790 1355 832 se
1380 789 1431 831 ex-

167 898 302 960 purgare
327 897 392 940 non
417 877 552 955 valeret,
577 890 691 937 extunc
713 876 798 937 idem
818 876 1086 938 Hansconvictus
1110 891 1156 939 est
1173 877 1204 937 in
1229 896 1313 959 pena
1337 876 1431 938 liber·

167 985 237 1046 tatis
261 986 396 1059 domus;
432 985 535 1045 dictus
571 1002 647 1044 vero
681 982 771 1044 Hans
806 1003 871 1044 non
905 995 1074 1044 contentus
1097 982 1153 1043 sed
1185 983 1359 1066 appellavit
1390 981 1431 1043 ad

169 1091 307 1153 seniores
333 1089 464 1170 judices.

238 1326 336 1400 Feria
364 1341 462 1400 sexta
491 1326 646 1417 proxima
674 1336 753 1398 ante
781 1327 905 1398 festum
934 1328 1023 1398 beati
1051 1325 1169 1417 Jacobi
1199 1327 1355 1416 apostoli.

710 1485 772 1558 (23.
788 1481 886 1556 julii).

272 1622 381 1704 Matey
397 1621 519 1704 juratus
536 1620 576 1682 de
594 1621 665 1682 vico
683 1619 854 1702 (sutorum)
872 1634 981 1681 contra
1003 1620 1165 1681 Andream
1184 1617 1310 1682 fabrum
1327 1598 1432 1702 primo

173 1729 281 1791 citatus
305 1748 370 1790 non
396 1728 587 1811 comparuit.

272 1836 411 1897 Jacobus
435 1836 513 1896 alias
530 1834 671 1895 decanus
696 1848 804 1894 contra
823 1834 980 1894 Jacobum
997 1833 1156 1894 seniorem
1174 1833 1314 1914 judicem
1327 1833 1432 1915 primo

175 1944 283 2005 citatus
306 1963 372 2004 non
398 1942 587 2025 comparuit.

272 2049 426 2112 Nicolaus
451 2047 679 2130 Contesehyak
703 2060 813 2109 contra
834 2045 999 2108 Matheum
1025 2046 1205 2130 Gozpodne
1231 2047 1374 2109 secundo
1391 2048 1434 2110 ci·

174 2169 250 2219 tatus
275 2175 339 2217 non
366 2155 556 2237 comparuit.

273 2262 350 2324 item
377 2262 514 2324 Mathias
538 2261 660 2343 juratus
684 2261 724 2322 ad
741 2262 882 2343 primum
905 2261 1061 2343 judicium
1086 2275 1196 2323 contra
1221 2262 1376 2323 Jacobum
1394 2261 1433 2321 de

176 2368 334 2452 Hraschya
359 2368 553 2451 respondere
579 2369 719 2431 debebit.

273 2475 379 2538 Causa
397 2477 480 2537 inter
497 2475 678 2537 Johannem
697 2475 852 2537 Saronich
870 2490 900 2536 et
917 2475 1084 2556 egregium
1102 2475 1286 2536 Emericum
1304 2474 1433 2536 Therek

174 2583 297 2644 racione
322 2597 352 2643 et
376 2596 522 2663 pretextu
546 2581 762 2662 quorumdam
794 2582 1047 2663 possessionum,
1068 2597 1143 2663 puta
1168 2582 1302 2642 duarum
1329 2581 1433 2642 deser·

172 2699 269 2750 tarum
296 2688 465 2766 domuum,
492 2687 655 2765 fenilibus,
680 2687 861 2768 (h)ortibus,
894 2689 985 2749 terris
1019 2688 1193 2748 arabilibus
1216 2705 1245 2748 ct
1269 2689 1340 2749 aliis
1371 2707 1434 2768 que

173 2794 207 2855 ad
231 2795 468 2878 possessionem
484 2791 642 2875 prefatam
667 2794 881 2876 pertinebant,
898 2793 1097 2875 quequidem
1115 2795 1333 2876 possessiones
1357 2814 1433 2855 con·

174 2900 241 2963 dam
267 2915 357 2963 erant
382 2901 545 2962 Valentini
571 2900 727 2962 Saronich
745 2901 880 2962 senioris
905 2900 1018 2978 iudicis
1043 2915 1074 2962 et
1091 2901 1232 2962 concivis
1256 2901 1367 2979 nostri,
1383 2901 1433 2962 avi

173 3008 318 3071 videlicet
341 3006 456 3090 prefati
481 3007 637 3069 iohannis
656 3007 822 3086 Saronich,
848 3008 901 3068 ubi
924 3006 1065 3089 prefatus
1083 3008 1244 3069 Johannes
1269 3007 1433 3091 Saronych

175 3114 278 3177 medio
304 3129 449 3197 tempore
473 3114 506 3175 in
537 3113 677 3195 juvenali
712 3127 794 3176 etate
824 3114 900 3174 dum
935 3129 1026 3192 essct,
1050 3129 1126 3176 tunc
1159 3115 1291 3195 quidam
1317 3114 1435 3177 nobilis

175 3218 330 3303 Georgius
354 3220 394 3283 de
420 3221 578 3283 Schitario
596 3219 717 3282 dictum
743 3219 924 3282 iohannem
941 3222 1046 3283 verbis
1063 3220 1249 3303 pulchribus
1273 3221 1436 3303 instigavit

176 3340 201 3388 et
223 3327 351 3389 induxit
374 3341 409 3390 ut
432 3324 571 3409 prefatas
601 3327 820 3409 possessiones
845 3327 1009 3389 universas
1040 3328 1225 3389 vendicioni
1251 3342 1434 3410 exponeret,
1536 3320 1538 3327 ’

175 3433 223 3494 ubi
256 3433 361 3495 dictus
393 3432 520 3514 juvenis
552 3453 608 3515 per
640 3431 906 3495 informacionem
942 3432 1055 3515 prefati
1089 3432 1221 3515 Georgii
1255 3434 1433 3517 Schitarye·

174 3538 303 3622 wechky
327 3539 495 3620 jamdictas
518 3539 737 3621 possessiones
760 3537 883 3621 prefato
901 3541 1029 3622 egregio
1055 3541 1204 3602 Emerico
1230 3540 1359 3602 Therek
1376 3560 1434 3623 pro

175 3659 298 3708 centum
316 3661 347 3708 et
373 3646 485 3708 decem
509 3644 579 3708 flor.
598 3645 769 3707 fassionem
795 3667 903 3708 coram
920 3647 1025 3728 judice
1043 3667 1101 3729 pro
1118 3661 1194 3710 tunc
1219 3648 1403 3711 existentes
1424 3685 1434 3695 ·
1537 3644 1540 3648 “

174 3770 237 3814 cere
262 3752 451 3830 dinoscitur,
475 3751 574 3813 modo
600 3751 677 3812 dum
701 3751 861 3834 sepefatus
886 3752 1047 3815 Johannes
1073 3753 1227 3815 Saronich
1252 3755 1291 3816 ad
1318 3768 1432 3816 etatem

173 3860 365 3938 pervenisset
388 3873 464 3921 tunc
482 3859 535 3920 ille
553 3859 764 3920 hereditatem
788 3861 937 3921 aviticam
963 3881 979 3922 a
997 3858 1120 3943 prefato
1139 3862 1287 3923 Emerico
1305 3861 1434 3923 Therek

173 3966 323 4028 rehabere
348 3959 472 4045 volens,
496 3985 569 4026 cum
594 3964 736 4047 prefatus
760 3966 927 4027 Emericus
952 3967 1081 4028 Therek
1107 3967 1194 4028 nulla
1218 3967 1286 4047 jura
1311 3982 1341 4029 et
1364 3967 1434 4028 lite·

174 4072 247 4134 ralia
272 4072 485 4133 instrumenta
502 4091 601 4153 penes
618 4069 790 4132 fassionem
816 4072 891 4133 dicti
911 4072 1066 4134 Saronich
1088 4073 1196 4133 videre
1221 4073 1362 4151 haberet,
1379 4073 1434 4135 ubi

173 4177 289 4240 nobilis
323 4176 476 4238 dominus
508 4176 626 4239 Sowan
659 4197 715 4259 pet
749 4178 942 4260 peticionem
968 4179 1043 4240 dicti
1077 4180 1215 4241 Emeriei
1241 4180 1370 4243 Therek
1403 4181 1434 4241 in

171 4303 307 4365 persona
331 4303 387 4345 sua
412 4299 521 4345 contra
547 4298 577 4344 et
600 4283 753 4345 adversus
777 4285 897 4346 dictum
916 4285 1097 4346 Johannem
1123 4286 1277 4349 Saronich
1301 4305 1434 4368 respon-

171 4391 244 4454 dere
269 4410 380 4453 coram
403 4390 564 4473 judicibus
589 4406 620 4453 et
650 4391 762 4474 juratis
792 4406 888 4473 prout
917 4392 1052 4454 civitatis
1084 4393 1160 4474 iuris
1184 4406 1230 4454 est
1254 4393 1436 4475 (promisit),

170 4512 199 4561 et
222 4517 297 4560 curn
323 4497 406 4559 dicta
425 4517 517 4560 causa
541 4517 647 4559 coram
666 4497 775 4579 juratis
799 4514 987 4578 versaretur,
1005 4499 1060 4560 ubi
1074 4498 1166 4575 jurati
1184 4500 1282 4561 talem
1306 4520 1433 4562 causam

168 4624 268 4688 penes
292 4604 511 4687 allegaciones
537 4619 567 4666 et
595 4605 821 4686 responsiones
853 4607 1020 4668 ambarum
1045 4608 1189 4688 parcium
1221 4606 1318 4669 talem
1350 4606 1434 4669 deci·

151 4712 294 4786 ,sionem
319 4709 479 4790 fecissent,
495 4710 570 4772 licet
594 4709 734 4792 prefatus
751 4711 913 4773 Johannes
932 4713 1094 4796 Saronych
1112 4713 1191 4774 tales
1219 4713 1435 4792 possessiones

166 4815 270 4882 fassus
292 4814 415 4894 fuisset,
439 4831 579 4879 attamen
605 4836 670 4879 non
694 4818 821 4880 videtur
837 4818 897 4899 juri
922 4815 1082 4880 sufficiens
1099 4821 1170 4879 talis
1195 4819 1289 4880 fassio
1314 4838 1351 4879 ex
1368 4838 1433 4900 quo

166 4938 289 4988 etatem
315 4920 463 4986 fessionis
486 4921 698 4985 sufficientem
729 4944 794 4986 non
826 4924 964 4986 habebat
988 4926 1063 5006 quia
1095 4926 1230 4987 nimium
1256 4945 1334 5010 puer
1358 4939 1441 5006 erat,
