<?xml version="1.0" encoding="UTF-8"?>
<!DOCTYPE html PUBLIC "-//W3C//DTD XHTML 1.0 Transitional//EN"
    "http://www.w3.org/TR/xhtml1/DTD/xhtml1-transitional.dtd">
<html xmlns="http://www.w3.org/1999/xhtml" xml:lang="en" lang="en">
 <head>
  <title>
</title>
<meta http-equiv="Content-Type" content="text/html;charset=utf-8" />
  <meta name='ocr-system' content='tesseract 3.04.00' />
  <meta name='ocr-capabilities' content='ocr_page ocr_carea ocr_par ocr_line ocrx_word'/>
</head>
<body>
  <div class='ocr_page' id='page_1' title='image "./monumentahistor17laszgoog_0526.png"; bbox 0 0 3142 5356; ppageno 0'>
   <div class='ocr_carea' id='block_1_1' title="bbox 654 309 1383 389">
    <p class='ocr_par' dir='ltr' id='par_1_1' title="bbox 654 309 1383 389">
     <span class='ocr_line' id='line_1_1' title="bbox 654 309 1383 389; baseline 0.001 -24"><span class='ocrx_word' id='word_1_1' title='bbox 654 309 740 365; x_wconf 84' lang='lat' dir='ltr'>Anno</span> <span class='ocrx_word' id='word_1_2' title='bbox 762 319 853 385; x_wconf 81' lang='lat'><em>1427,</em></span> <span class='ocrx_word' id='word_1_3' title='bbox 1325 326 1383 389; x_wconf 89' lang='lat'>147</span> 
     </span>
    </p>
   </div>
   <div class='ocr_carea' id='block_1_2' title="bbox 125 413 1382 423">
    <p class='ocr_par' dir='ltr' id='par_1_2' title="bbox 125 413 1382 423">
     <span class='ocr_line' id='line_1_2' title="bbox 125 413 1382 423; baseline -0.002 -1"><span class='ocrx_word' id='word_1_4' title='bbox 125 416 322 423; x_wconf 73' lang='lat'>——-—--.-</span> <span class='ocrx_word' id='word_1_5' title='bbox 336 413 641 421; x_wconf 74' lang='lat'>————--——-</span> <span class='ocrx_word' id='word_1_6' title='bbox 650 413 1382 420; x_wconf 77' lang='lat'><strong>———-—-————</strong></span> 
     </span>
    </p>
   </div>
   <div class='ocr_carea' id='block_1_3' title="bbox 145 521 1354 756">
    <p class='ocr_par' dir='ltr' id='par_1_3' title="bbox 145 521 1354 756">
     <span class='ocr_line' id='line_1_3' title="bbox 145 521 1354 616; baseline -0.002 -17"><span class='ocrx_word' id='word_1_7' title='bbox 145 527 228 599; x_wconf 89' lang='lat' dir='ltr'>ltem</span> <span class='ocrx_word' id='word_1_8' title='bbox 257 526 402 599; x_wconf 84' lang='lat' dir='ltr'>infesto</span> <span class='ocrx_word' id='word_1_9' title='bbox 437 526 691 599; x_wconf 85' lang='lat' dir='ltr'>Purificacionis</span> <span class='ocrx_word' id='word_1_10' title='bbox 727 528 872 616; x_wconf 77' lang='lat' dir='ltr'><strong>gloriose</strong></span> <span class='ocrx_word' id='word_1_11' title='bbox 905 548 1037 616; x_wconf 83' lang='lat' dir='ltr'>semper</span> <span class='ocrx_word' id='word_1_12' title='bbox 1062 521 1202 615; x_wconf 79' lang='lat' dir='ltr'>virginis</span> <span class='ocrx_word' id='word_1_13' title='bbox 1238 527 1354 599; x_wconf 88' lang='lat' dir='ltr'>llarie.</span> 
     </span>
     <span class='ocr_line' id='line_1_4' title="bbox 633 681 869 756; baseline 0.017 -19"><span class='ocrx_word' id='word_1_14' title='bbox 633 684 676 754; x_wconf 88' lang='lat'>(2.</span> <span class='ocrx_word' id='word_1_15' title='bbox 698 681 869 756; x_wconf 73' lang='lat' dir='ltr'>februarii).</span> 
     </span>
    </p>
   </div>
   <div class='ocr_carea' id='block_1_4' title="bbox 117 819 1387 2711">
    <p class='ocr_par' dir='ltr' id='par_1_4' title="bbox 117 819 1387 1753">
     <span class='ocr_line' id='line_1_5' title="bbox 228 819 1386 903; baseline 0 -21"><span class='ocrx_word' id='word_1_16' title='bbox 228 821 305 882; x_wconf 90' lang='lat' dir='ltr'>ltem</span> <span class='ocrx_word' id='word_1_17' title='bbox 331 821 497 882; x_wconf 90' lang='lat' dir='ltr'>Emericus</span> <span class='ocrx_word' id='word_1_18' title='bbox 529 821 746 902; x_wconf 89' lang='lat' dir='ltr'>carpentarius</span> <span class='ocrx_word' id='word_1_19' title='bbox 778 819 863 882; x_wconf 86' lang='lat' dir='ltr'>filius</span> <span class='ocrx_word' id='word_1_20' title='bbox 888 821 1054 882; x_wconf 82' lang='lat' dir='ltr'>Michaelis</span> <span class='ocrx_word' id='word_1_21' title='bbox 1085 822 1241 903; x_wconf 89' lang='lat' dir='ltr'>quasdam</span> <span class='ocrx_word' id='word_1_22' title='bbox 1266 821 1386 882; x_wconf 92' lang='lat' dir='ltr'>medie·</span> 
     </span>
     <span class='ocr_line' id='line_1_6' title="bbox 117 925 1384 1007; baseline -0.001 -17"><span class='ocrx_word' id='word_1_23' title='bbox 117 942 199 990; x_wconf 90' lang='lat' dir='ltr'>tates</span> <span class='ocrx_word' id='word_1_24' title='bbox 224 928 351 1007; x_wconf 89' lang='lat' dir='ltr'>domus,</span> <span class='ocrx_word' id='word_1_25' title='bbox 376 925 468 989; x_wconf 80' lang='lat' dir='ltr'>fundi</span> <span class='ocrx_word' id='word_1_26' title='bbox 494 941 524 989; x_wconf 92' lang='lat' dir='ltr'>et</span> <span class='ocrx_word' id='word_1_27' title='bbox 549 927 668 1006; x_wconf 92' lang='lat' dir='ltr'>celarii,</span> <span class='ocrx_word' id='word_1_28' title='bbox 691 948 773 1005; x_wconf 91' lang='lat' dir='ltr'>suas,</span> <span class='ocrx_word' id='word_1_29' title='bbox 799 928 830 987; x_wconf 96' lang='lat' dir='ltr'>in</span> <span class='ocrx_word' id='word_1_30' title='bbox 856 928 939 989; x_wconf 93' lang='lat' dir='ltr'>dicta</span> <span class='ocrx_word' id='word_1_31' title='bbox 957 928 1082 990; x_wconf 90' lang='lat' dir='ltr'>civitate</span> <span class='ocrx_word' id='word_1_32' title='bbox 1108 929 1189 989; x_wconf 90' lang='lat' dir='ltr'>inter</span> <span class='ocrx_word' id='word_1_33' title='bbox 1215 929 1329 989; x_wconf 92' lang='lat' dir='ltr'>domos</span> <span class='ocrx_word' id='word_1_34' title='bbox 1354 942 1384 990; x_wconf 91' lang='lat' dir='ltr'>et</span> 
     </span>
     <span class='ocr_line' id='line_1_7' title="bbox 121 1032 1383 1111; baseline -0.001 -15"><span class='ocrx_word' id='word_1_35' title='bbox 121 1035 241 1096; x_wconf 87' lang='lat' dir='ltr'>lundos</span> <span class='ocrx_word' id='word_1_36' title='bbox 268 1036 436 1096; x_wconf 88' lang='lat' dir='ltr'>Laurencii</span> <span class='ocrx_word' id='word_1_37' title='bbox 460 1049 491 1095; x_wconf 90' lang='lat' dir='ltr'>et</span> <span class='ocrx_word' id='word_1_38' title='bbox 515 1034 644 1096; x_wconf 89' lang='lat' dir='ltr'>Thome</span> <span class='ocrx_word' id='word_1_39' title='bbox 676 1032 732 1094; x_wconf 88' lang='lat' dir='ltr'>lilii</span> <span class='ocrx_word' id='word_1_40' title='bbox 767 1034 861 1111; x_wconf 88' lang='lat' dir='ltr'>Petri,</span> <span class='ocrx_word' id='word_1_41' title='bbox 897 1048 1078 1095; x_wconf 91' lang='lat' dir='ltr'>nostrorum</span> <span class='ocrx_word' id='word_1_42' title='bbox 1104 1034 1297 1111; x_wconf 88' lang='lat' dir='ltr'>concivium,</span> <span class='ocrx_word' id='word_1_43' title='bbox 1330 1034 1383 1095; x_wconf 91' lang='lat' dir='ltr'>ha·</span> 
     </span>
     <span class='ocr_line' id='line_1_8' title="bbox 120 1141 1381 1222; baseline -0.001 -20"><span class='ocrx_word' id='word_1_44' title='bbox 120 1142 203 1203; x_wconf 87' lang='lat' dir='ltr'>bitas</span> <span class='ocrx_word' id='word_1_45' title='bbox 228 1156 259 1202; x_wconf 91' lang='lat' dir='ltr'>et</span> <span class='ocrx_word' id='word_1_46' title='bbox 290 1142 480 1218; x_wconf 85' lang='lat' dir='ltr'><strong>existentes,</strong></span> <span class='ocrx_word' id='word_1_47' title='bbox 512 1161 609 1202; x_wconf 92' lang='lat' dir='ltr'>unam</span> <span class='ocrx_word' id='word_1_48' title='bbox 642 1154 788 1222; x_wconf 81' lang='lat' dir='ltr'><strong>quartam</strong></span> <span class='ocrx_word' id='word_1_49' title='bbox 821 1141 907 1202; x_wconf 92' lang='lat' dir='ltr'>curie</span> <span class='ocrx_word' id='word_1_50' title='bbox 945 1141 975 1201; x_wconf 95' lang='lat' dir='ltr'>in</span> <span class='ocrx_word' id='word_1_51' title='bbox 1009 1161 1041 1202; x_wconf 91' lang='lat' dir='ltr'>se</span> <span class='ocrx_word' id='word_1_52' title='bbox 1065 1143 1276 1220; x_wconf 80' lang='lat' dir='ltr'>continentes,</span> <span class='ocrx_word' id='word_1_53' title='bbox 1310 1161 1381 1202; x_wconf 91' lang='lat' dir='ltr'>cum</span> 
     </span>
     <span class='ocr_line' id='line_1_9' title="bbox 121 1246 1385 1330; baseline -0.002 -20"><span class='ocrx_word' id='word_1_54' title='bbox 121 1249 275 1310; x_wconf 93' lang='lat' dir='ltr'>omnibus</span> <span class='ocrx_word' id='word_1_55' title='bbox 311 1250 376 1310; x_wconf 91' lang='lat' dir='ltr'>suis</span> <span class='ocrx_word' id='word_1_56' title='bbox 407 1249 613 1330; x_wconf 84' lang='lat' dir='ltr'>pertinenciis</span> <span class='ocrx_word' id='word_1_57' title='bbox 643 1247 780 1329; x_wconf 89' lang='lat' dir='ltr'>provido</span> <span class='ocrx_word' id='word_1_58' title='bbox 812 1248 882 1308; x_wconf 92' lang='lat' dir='ltr'>viro</span> <span class='ocrx_word' id='word_1_59' title='bbox 915 1246 1074 1328; x_wconf 83' lang='lat' dir='ltr'>Gregorio</span> <span class='ocrx_word' id='word_1_60' title='bbox 1098 1246 1167 1309; x_wconf 87' lang='lat' dir='ltr'>lilio</span> <span class='ocrx_word' id='word_1_61' title='bbox 1200 1247 1283 1309; x_wconf 91' lang='lat' dir='ltr'>lwan</span> <span class='ocrx_word' id='word_1_62' title='bbox 1310 1248 1385 1309; x_wconf 94' lang='lat' dir='ltr'>dicti</span> 
     </span>
     <span class='ocr_line' id='line_1_10' title="bbox 121 1354 1387 1435; baseline -0.002 -19"><span class='ocrx_word' id='word_1_63' title='bbox 121 1354 308 1417; x_wconf 89' lang='lat' dir='ltr'>Gerdonich</span> <span class='ocrx_word' id='word_1_64' title='bbox 334 1355 397 1434; x_wconf 85' lang='lat' dir='ltr'>jam</span> <span class='ocrx_word' id='word_1_65' title='bbox 429 1369 540 1415; x_wconf 90' lang='lat' dir='ltr'>nostro</span> <span class='ocrx_word' id='word_1_66' title='bbox 574 1354 698 1415; x_wconf 90' lang='lat' dir='ltr'>concivi</span> <span class='ocrx_word' id='word_1_67' title='bbox 731 1368 761 1414; x_wconf 91' lang='lat' dir='ltr'>et</span> <span class='ocrx_word' id='word_1_68' title='bbox 793 1354 858 1414; x_wconf 91' lang='lat' dir='ltr'>suis</span> <span class='ocrx_word' id='word_1_69' title='bbox 883 1354 1054 1415; x_wconf 87' lang='lat' dir='ltr'>heredibus</span> <span class='ocrx_word' id='word_1_70' title='bbox 1087 1374 1144 1435; x_wconf 91' lang='lat' dir='ltr'>pro</span> <span class='ocrx_word' id='word_1_71' title='bbox 1169 1354 1320 1415; x_wconf 88' lang='lat' dir='ltr'>tredecim</span> <span class='ocrx_word' id='word_1_72' title='bbox 1356 1367 1387 1414; x_wconf 89' lang='lat' dir='ltr'>et</span> 
     </span>
     <span class='ocr_line' id='line_1_11' title="bbox 120 1458 1386 1541; baseline -0.002 -19"><span class='ocrx_word' id='word_1_73' title='bbox 120 1462 230 1522; x_wconf 91' lang='lat' dir='ltr'>medio</span> <span class='ocrx_word' id='word_1_74' title='bbox 248 1461 317 1522; x_wconf 90' lang='lat' dir='ltr'>flor.</span> <span class='ocrx_word' id='word_1_75' title='bbox 341 1461 410 1522; x_wconf 91' lang='lat' dir='ltr'>auri</span> <span class='ocrx_word' id='word_1_76' title='bbox 430 1460 575 1521; x_wconf 92' lang='lat' dir='ltr'>vendidit</span> <span class='ocrx_word' id='word_1_77' title='bbox 593 1475 748 1541; x_wconf 89' lang='lat' dir='ltr'>perpetuo</span> <span class='ocrx_word' id='word_1_78' title='bbox 768 1460 1013 1540; x_wconf 89' lang='lat' dir='ltr'>possidendam;</span> <span class='ocrx_word' id='word_1_79' title='bbox 1035 1460 1126 1520; x_wconf 92' lang='lat' dir='ltr'>cuius</span> <span class='ocrx_word' id='word_1_80' title='bbox 1150 1460 1276 1535; x_wconf 90' lang='lat' dir='ltr'>domus,</span> <span class='ocrx_word' id='word_1_81' title='bbox 1294 1458 1386 1520; x_wconf 82' lang='lat' dir='ltr'>fundi</span> 
     </span>
     <span class='ocr_line' id='line_1_12' title="bbox 121 1563 1386 1649; baseline -0.002 -22"><span class='ocrx_word' id='word_1_82' title='bbox 121 1582 152 1629; x_wconf 91' lang='lat' dir='ltr'>et</span> <span class='ocrx_word' id='word_1_83' title='bbox 182 1567 291 1628; x_wconf 92' lang='lat' dir='ltr'>celarii</span> <span class='ocrx_word' id='word_1_84' title='bbox 324 1567 420 1628; x_wconf 92' lang='lat' dir='ltr'>aliam</span> <span class='ocrx_word' id='word_1_85' title='bbox 454 1567 660 1627; x_wconf 87' lang='lat' dir='ltr'>medietatem</span> <span class='ocrx_word' id='word_1_86' title='bbox 693 1565 785 1626; x_wconf 92' lang='lat' dir='ltr'>liberi</span> <span class='ocrx_word' id='word_1_87' title='bbox 819 1566 955 1626; x_wconf 89' lang='lat' dir='ltr'>condam</span> <span class='ocrx_word' id='word_1_88' title='bbox 990 1566 1119 1649; x_wconf 89' lang='lat' dir='ltr'>Mathey</span> <span class='ocrx_word' id='word_1_89' title='bbox 1152 1566 1190 1625; x_wconf 90' lang='lat' dir='ltr'>de</span> <span class='ocrx_word' id='word_1_90' title='bbox 1227 1563 1386 1626; x_wconf 90' lang='lat' dir='ltr'>Kraleuch</span> 
     </span>
     <span class='ocr_line' id='line_1_13' title="bbox 120 1672 731 1753; baseline -0.003 -19"><span class='ocrx_word' id='word_1_91' title='bbox 120 1675 333 1736; x_wconf 91' lang='lat' dir='ltr'>dinoscuntur</span> <span class='ocrx_word' id='word_1_92' title='bbox 358 1673 532 1735; x_wconf 84' lang='lat' dir='ltr'>literatorie</span> <span class='ocrx_word' id='word_1_93' title='bbox 557 1672 731 1753; x_wconf 91' lang='lat' dir='ltr'>possidere.</span> 
     </span>
    </p>

    <p class='ocr_par' dir='ltr' id='par_1_5' title="bbox 120 1778 1387 2711">
     <span class='ocr_line' id='line_1_14' title="bbox 229 1778 1386 1858; baseline -0.001 -19"><span class='ocrx_word' id='word_1_94' title='bbox 229 1780 306 1841; x_wconf 93' lang='lat' dir='ltr'>ltem</span> <span class='ocrx_word' id='word_1_95' title='bbox 332 1780 416 1840; x_wconf 90' lang='lat' dir='ltr'>lwan</span> <span class='ocrx_word' id='word_1_96' title='bbox 443 1779 548 1840; x_wconf 91' lang='lat' dir='ltr'>dictus</span> <span class='ocrx_word' id='word_1_97' title='bbox 573 1778 722 1855; x_wconf 88' lang='lat' dir='ltr'>Owchar,</span> <span class='ocrx_word' id='word_1_98' title='bbox 746 1778 888 1839; x_wconf 89' lang='lat' dir='ltr'>concivis</span> <span class='ocrx_word' id='word_1_99' title='bbox 913 1793 1031 1855; x_wconf 87' lang='lat' dir='ltr'>noster,</span> <span class='ocrx_word' id='word_1_100' title='bbox 1056 1778 1210 1839; x_wconf 89' lang='lat' dir='ltr'>directam</span> <span class='ocrx_word' id='word_1_101' title='bbox 1235 1791 1266 1839; x_wconf 88' lang='lat' dir='ltr'>et</span> <span class='ocrx_word' id='word_1_102' title='bbox 1290 1797 1386 1858; x_wconf 92' lang='lat' dir='ltr'>equa·</span> 
     </span>
     <span class='ocr_line' id='line_1_15' title="bbox 121 1882 1387 1964; baseline -0.002 -18"><span class='ocrx_word' id='word_1_103' title='bbox 121 1886 185 1946; x_wconf 90' lang='lat' dir='ltr'>lem</span> <span class='ocrx_word' id='word_1_104' title='bbox 211 1886 418 1947; x_wconf 89' lang='lat' dir='ltr'>medietatem</span> <span class='ocrx_word' id='word_1_105' title='bbox 452 1885 619 1946; x_wconf 90' lang='lat' dir='ltr'>cuiusdam</span> <span class='ocrx_word' id='word_1_106' title='bbox 651 1885 767 1945; x_wconf 90' lang='lat' dir='ltr'>domus</span> <span class='ocrx_word' id='word_1_107' title='bbox 799 1904 855 1944; x_wconf 91' lang='lat' dir='ltr'>sue</span> <span class='ocrx_word' id='word_1_108' title='bbox 881 1899 977 1964; x_wconf 89' lang='lat' dir='ltr'>atque</span> <span class='ocrx_word' id='word_1_109' title='bbox 1011 1882 1101 1945; x_wconf 76' lang='lat' dir='ltr'>fundi</span> <span class='ocrx_word' id='word_1_110' title='bbox 1128 1898 1158 1945; x_wconf 90' lang='lat' dir='ltr'>et</span> <span class='ocrx_word' id='word_1_111' title='bbox 1182 1883 1288 1944; x_wconf 89' lang='lat' dir='ltr'>celarii</span> <span class='ocrx_word' id='word_1_112' title='bbox 1313 1884 1387 1943; x_wconf 94' lang='lat' dir='ltr'>sub-</span> 
     </span>
     <span class='ocr_line' id='line_1_16' title="bbox 120 1989 1386 2067; baseline -0.004 -14"><span class='ocrx_word' id='word_1_113' title='bbox 120 1993 257 2054; x_wconf 90' lang='lat' dir='ltr'>terranei</span> <span class='ocrx_word' id='word_1_114' title='bbox 283 1993 389 2054; x_wconf 89' lang='lat' dir='ltr'>eidem</span> <span class='ocrx_word' id='word_1_115' title='bbox 421 1992 532 2052; x_wconf 92' lang='lat' dir='ltr'>domui</span> <span class='ocrx_word' id='word_1_116' title='bbox 565 1991 769 2066; x_wconf 81' lang='lat' dir='ltr'>subiacentis,</span> <span class='ocrx_word' id='word_1_117' title='bbox 806 1992 837 2050; x_wconf 92' lang='lat' dir='ltr'>in</span> <span class='ocrx_word' id='word_1_118' title='bbox 871 1991 952 2050; x_wconf 91' lang='lat' dir='ltr'>dicta</span> <span class='ocrx_word' id='word_1_119' title='bbox 987 1991 1113 2051; x_wconf 89' lang='lat' dir='ltr'>civitate</span> <span class='ocrx_word' id='word_1_120' title='bbox 1147 1991 1228 2051; x_wconf 88' lang='lat' dir='ltr'>inter</span> <span class='ocrx_word' id='word_1_121' title='bbox 1260 1989 1386 2067; x_wconf 80' lang='lat' dir='ltr'>fundos,</span> 
     </span>
     <span class='ocr_line' id='line_1_17' title="bbox 121 2095 1386 2180; baseline -0.002 -21"><span class='ocrx_word' id='word_1_122' title='bbox 121 2100 239 2160; x_wconf 93' lang='lat' dir='ltr'>domos</span> <span class='ocrx_word' id='word_1_123' title='bbox 263 2113 295 2161; x_wconf 92' lang='lat' dir='ltr'>et</span> <span class='ocrx_word' id='word_1_124' title='bbox 318 2099 422 2160; x_wconf 91' lang='lat' dir='ltr'>curias</span> <span class='ocrx_word' id='word_1_125' title='bbox 446 2098 655 2180; x_wconf 91' lang='lat' dir='ltr'>providorum</span> <span class='ocrx_word' id='word_1_126' title='bbox 689 2098 831 2157; x_wconf 87' lang='lat' dir='ltr'>virorum</span> <span class='ocrx_word' id='word_1_127' title='bbox 858 2097 1013 2158; x_wconf 88' lang='lat' dir='ltr'>Demetrii</span> <span class='ocrx_word' id='word_1_128' title='bbox 1046 2095 1120 2158; x_wconf 93' lang='lat' dir='ltr'>dicti</span> <span class='ocrx_word' id='word_1_129' title='bbox 1144 2097 1222 2157; x_wconf 70' lang='lat' dir='ltr'>liess</span> <span class='ocrx_word' id='word_1_130' title='bbox 1247 2111 1277 2156; x_wconf 92' lang='lat' dir='ltr'>et</span> <span class='ocrx_word' id='word_1_131' title='bbox 1303 2095 1386 2156; x_wconf 89' lang='lat' dir='ltr'>Petri</span> 
     </span>
     <span class='ocr_line' id='line_1_18' title="bbox 121 2201 1386 2283; baseline -0.003 -17"><span class='ocrx_word' id='word_1_132' title='bbox 121 2205 177 2266; x_wconf 84' lang='lat' dir='ltr'>lilii</span> <span class='ocrx_word' id='word_1_133' title='bbox 204 2205 378 2283; x_wconf 91' lang='lat' dir='ltr'>Valentini,</span> <span class='ocrx_word' id='word_1_134' title='bbox 412 2218 593 2266; x_wconf 91' lang='lat' dir='ltr'>nostrorum</span> <span class='ocrx_word' id='word_1_135' title='bbox 627 2204 809 2264; x_wconf 88' lang='lat' dir='ltr'>concivium</span> <span class='ocrx_word' id='word_1_136' title='bbox 842 2201 948 2263; x_wconf 91' lang='lat' dir='ltr'>habite</span> <span class='ocrx_word' id='word_1_137' title='bbox 985 2217 1016 2263; x_wconf 90' lang='lat' dir='ltr'>et</span> <span class='ocrx_word' id='word_1_138' title='bbox 1047 2202 1221 2280; x_wconf 86' lang='lat' dir='ltr'>existentis,</span> <span class='ocrx_word' id='word_1_139' title='bbox 1246 2202 1386 2263; x_wconf 91' lang='lat' dir='ltr'>mediam</span> 
     </span>
     <span class='ocr_line' id='line_1_19' title="bbox 122 2307 1386 2390; baseline -0.003 -18"><span class='ocrx_word' id='word_1_140' title='bbox 122 2312 242 2372; x_wconf 89' lang='lat' dir='ltr'>curiam</span> <span class='ocrx_word' id='word_1_141' title='bbox 269 2313 300 2372; x_wconf 91' lang='lat' dir='ltr'>in</span> <span class='ocrx_word' id='word_1_142' title='bbox 326 2332 358 2371; x_wconf 92' lang='lat' dir='ltr'>se</span> <span class='ocrx_word' id='word_1_143' title='bbox 383 2311 588 2388; x_wconf 88' lang='lat' dir='ltr'>continentis,</span> <span class='ocrx_word' id='word_1_144' title='bbox 613 2330 685 2371; x_wconf 90' lang='lat' dir='ltr'>cum</span> <span class='ocrx_word' id='word_1_145' title='bbox 703 2310 854 2370; x_wconf 91' lang='lat' dir='ltr'>omnibus</span> <span class='ocrx_word' id='word_1_146' title='bbox 878 2309 1030 2390; x_wconf 90' lang='lat' dir='ltr'>premisse</span> <span class='ocrx_word' id='word_1_147' title='bbox 1055 2308 1236 2369; x_wconf 86' lang='lat' dir='ltr'>medietatis</span> <span class='ocrx_word' id='word_1_148' title='bbox 1260 2307 1386 2384; x_wconf 91' lang='lat' dir='ltr'>domus,</span> 
     </span>
     <span class='ocr_line' id='line_1_20' title="bbox 122 2415 1387 2494; baseline -0.002 -17"><span class='ocrx_word' id='word_1_149' title='bbox 122 2416 212 2478; x_wconf 82' lang='lat' dir='ltr'>fundi</span> <span class='ocrx_word' id='word_1_150' title='bbox 238 2431 269 2478; x_wconf 93' lang='lat' dir='ltr'>et</span> <span class='ocrx_word' id='word_1_151' title='bbox 293 2416 517 2478; x_wconf 85' lang='lat' dir='ltr'>hedificiorum</span> <span class='ocrx_word' id='word_1_152' title='bbox 543 2436 577 2477; x_wconf 93' lang='lat' dir='ltr'>ac</span> <span class='ocrx_word' id='word_1_153' title='bbox 603 2416 710 2477; x_wconf 91' lang='lat' dir='ltr'>celarii</span> <span class='ocrx_word' id='word_1_154' title='bbox 728 2415 921 2476; x_wconf 87' lang='lat' dir='ltr'>utilitatibus</span> <span class='ocrx_word' id='word_1_155' title='bbox 939 2428 969 2474; x_wconf 89' lang='lat' dir='ltr'>et</span> <span class='ocrx_word' id='word_1_156' title='bbox 993 2415 1198 2494; x_wconf 87' lang='lat' dir='ltr'>pertinenciis</span> <span class='ocrx_word' id='word_1_157' title='bbox 1220 2415 1387 2491; x_wconf 91' lang='lat' dir='ltr'>universis,</span> 
     </span>
     <span class='ocr_line' id='line_1_21' title="bbox 122 2521 1387 2605; baseline -0.001 -22"><span class='ocrx_word' id='word_1_158' title='bbox 122 2544 137 2583; x_wconf 91' lang='lat' dir='ltr'>a</span> <span class='ocrx_word' id='word_1_159' title='bbox 164 2536 252 2604; x_wconf 89' lang='lat' dir='ltr'>parte</span> <span class='ocrx_word' id='word_1_160' title='bbox 286 2524 385 2605; x_wconf 91' lang='lat' dir='ltr'>ipsius</span> <span class='ocrx_word' id='word_1_161' title='bbox 419 2523 573 2584; x_wconf 88' lang='lat' dir='ltr'>Demetrii</span> <span class='ocrx_word' id='word_1_162' title='bbox 608 2524 712 2598; x_wconf 89' lang='lat' dir='ltr'>sitam,</span> <span class='ocrx_word' id='word_1_163' title='bbox 747 2521 869 2582; x_wconf 89' lang='lat' dir='ltr'>Briccio</span> <span class='ocrx_word' id='word_1_164' title='bbox 894 2521 962 2582; x_wconf 89' lang='lat' dir='ltr'>filio</span> <span class='ocrx_word' id='word_1_165' title='bbox 996 2521 1127 2602; x_wconf 85' lang='lat' dir='ltr'>Mykuss</span> <span class='ocrx_word' id='word_1_166' title='bbox 1151 2521 1190 2581; x_wconf 90' lang='lat' dir='ltr'>de</span> <span class='ocrx_word' id='word_1_167' title='bbox 1216 2521 1387 2597; x_wconf 89' lang='lat' dir='ltr'>Kraleuch,</span> 
     </span>
     <span class='ocr_line' id='line_1_22' title="bbox 122 2627 1387 2711; baseline -0.002 -21"><span class='ocrx_word' id='word_1_168' title='bbox 122 2628 184 2708; x_wconf 82' lang='lat' dir='ltr'>jam</span> <span class='ocrx_word' id='word_1_169' title='bbox 210 2644 320 2690; x_wconf 88' lang='lat' dir='ltr'>nostro</span> <span class='ocrx_word' id='word_1_170' title='bbox 345 2631 484 2707; x_wconf 87' lang='lat' dir='ltr'>concivi,</span> <span class='ocrx_word' id='word_1_171' title='bbox 509 2650 544 2691; x_wconf 92' lang='lat' dir='ltr'>ac</span> <span class='ocrx_word' id='word_1_172' title='bbox 570 2650 625 2711; x_wconf 92' lang='lat' dir='ltr'>per</span> <span class='ocrx_word' id='word_1_173' title='bbox 643 2649 715 2689; x_wconf 91' lang='lat' dir='ltr'>eum</span> <span class='ocrx_word' id='word_1_174' title='bbox 739 2629 804 2688; x_wconf 92' lang='lat' dir='ltr'>suis</span> <span class='ocrx_word' id='word_1_175' title='bbox 821 2627 994 2688; x_wconf 91' lang='lat' dir='ltr'>heredibus</span> <span class='ocrx_word' id='word_1_176' title='bbox 1018 2647 1076 2708; x_wconf 92' lang='lat' dir='ltr'>pro</span> <span class='ocrx_word' id='word_1_177' title='bbox 1100 2627 1252 2688; x_wconf 91' lang='lat' dir='ltr'>tredecim</span> <span class='ocrx_word' id='word_1_178' title='bbox 1272 2627 1387 2688; x_wconf 89' lang='lat' dir='ltr'>marcis</span> 
     </span>
    </p>
   </div>
   <div class='ocr_carea' id='block_1_5' title="bbox 122 2733 1385 3028">
    <p class='ocr_par' dir='ltr' id='par_1_6' title="bbox 122 2733 1385 3028">
     <span class='ocr_line' id='line_1_23' title="bbox 122 2733 1385 2817; baseline -0.001 -22"><span class='ocrx_word' id='word_1_179' title='bbox 122 2736 327 2797; x_wconf 91' lang='lat' dir='ltr'>denariorum</span> <span class='ocrx_word' id='word_1_180' title='bbox 343 2736 488 2797; x_wconf 91' lang='lat' dir='ltr'>vendidit</span> <span class='ocrx_word' id='word_1_181' title='bbox 514 2750 669 2817; x_wconf 89' lang='lat' dir='ltr'>perpetuo</span> <span class='ocrx_word' id='word_1_182' title='bbox 686 2734 934 2816; x_wconf 90' lang='lat' dir='ltr'>possidendam;</span> <span class='ocrx_word' id='word_1_183' title='bbox 959 2734 1049 2794; x_wconf 90' lang='lat' dir='ltr'>cuius</span> <span class='ocrx_word' id='word_1_184' title='bbox 1073 2734 1198 2811; x_wconf 92' lang='lat' dir='ltr'>domus,</span> <span class='ocrx_word' id='word_1_185' title='bbox 1217 2733 1319 2811; x_wconf 85' lang='lat' dir='ltr'>fundi,</span> <span class='ocrx_word' id='word_1_186' title='bbox 1337 2753 1385 2794; x_wconf 90' lang='lat' dir='ltr'>ce·</span> 
     </span>
     <span class='ocr_line' id='line_1_24' title="bbox 122 2840 1384 2920; baseline -0.001 -19"><span class='ocrx_word' id='word_1_187' title='bbox 122 2841 190 2902; x_wconf 93' lang='lat' dir='ltr'>larii</span> <span class='ocrx_word' id='word_1_188' title='bbox 218 2856 249 2903; x_wconf 94' lang='lat' dir='ltr'>et</span> <span class='ocrx_word' id='word_1_189' title='bbox 272 2841 497 2903; x_wconf 90' lang='lat' dir='ltr'>hedificiorum</span> <span class='ocrx_word' id='word_1_190' title='bbox 524 2843 618 2902; x_wconf 88' lang='lat' dir='ltr'>aliam</span> <span class='ocrx_word' id='word_1_191' title='bbox 638 2842 843 2902; x_wconf 89' lang='lat' dir='ltr'>medietatem</span> <span class='ocrx_word' id='word_1_192' title='bbox 867 2841 1039 2918; x_wconf 85' lang='lat' dir='ltr'>residuam,</span> <span class='ocrx_word' id='word_1_193' title='bbox 1063 2842 1102 2901; x_wconf 93' lang='lat' dir='ltr'>ab</span> <span class='ocrx_word' id='word_1_194' title='bbox 1120 2840 1181 2900; x_wconf 93' lang='lat' dir='ltr'>alia</span> <span class='ocrx_word' id='word_1_195' title='bbox 1207 2855 1294 2920; x_wconf 90' lang='lat' dir='ltr'>parte</span> <span class='ocrx_word' id='word_1_196' title='bbox 1311 2859 1384 2900; x_wconf 93' lang='lat' dir='ltr'>con·</span> 
     </span>
     <span class='ocr_line' id='line_1_25' title="bbox 122 2946 1268 3028; baseline 0.001 -21"><span class='ocrx_word' id='word_1_197' title='bbox 122 2948 275 3026; x_wconf 89' lang='lat' dir='ltr'>stitutam,</span> <span class='ocrx_word' id='word_1_198' title='bbox 301 2948 386 3009; x_wconf 90' lang='lat' dir='ltr'>idem</span> <span class='ocrx_word' id='word_1_199' title='bbox 413 2948 498 3009; x_wconf 88' lang='lat' dir='ltr'>lwan</span> <span class='ocrx_word' id='word_1_200' title='bbox 524 2948 662 3010; x_wconf 89' lang='lat' dir='ltr'>Owchar</span> <span class='ocrx_word' id='word_1_201' title='bbox 686 2967 743 3028; x_wconf 93' lang='lat' dir='ltr'>pro</span> <span class='ocrx_word' id='word_1_202' title='bbox 776 2966 808 3007; x_wconf 92' lang='lat' dir='ltr'>se</span> <span class='ocrx_word' id='word_1_203' title='bbox 834 2947 1006 3006; x_wconf 86' lang='lat' dir='ltr'>reservavit</span> <span class='ocrx_word' id='word_1_204' title='bbox 1030 2946 1268 3026; x_wconf 87' lang='lat' dir='ltr'>possidendam.</span> 
     </span>
    </p>
   </div>
   <div class='ocr_carea' id='block_1_6' title="bbox 120 3069 1386 4747">
    <p class='ocr_par' dir='ltr' id='par_1_7' title="bbox 120 3069 1386 4747">
     <span class='ocr_line' id='line_1_26' title="bbox 228 3069 1384 3154; baseline -0.002 -22"><span class='ocrx_word' id='word_1_205' title='bbox 228 3071 305 3133; x_wconf 91' lang='lat' dir='ltr'>ltem</span> <span class='ocrx_word' id='word_1_206' title='bbox 331 3072 491 3154; x_wconf 80' lang='lat' dir='ltr'>religiosis</span> <span class='ocrx_word' id='word_1_207' title='bbox 515 3072 563 3132; x_wconf 93' lang='lat' dir='ltr'>vir</span> <span class='ocrx_word' id='word_1_208' title='bbox 587 3071 682 3133; x_wconf 87' lang='lat' dir='ltr'>frater</span> <span class='ocrx_word' id='word_1_209' title='bbox 708 3070 852 3152; x_wconf 88' lang='lat' dir='ltr'>Mathyas</span> <span class='ocrx_word' id='word_1_210' title='bbox 877 3072 1012 3131; x_wconf 92' lang='lat' dir='ltr'>nacione</span> <span class='ocrx_word' id='word_1_211' title='bbox 1037 3071 1076 3130; x_wconf 93' lang='lat' dir='ltr'>de</span> <span class='ocrx_word' id='word_1_212' title='bbox 1103 3069 1291 3148; x_wconf 90' lang='lat' dir='ltr'>Gorbonok,</span> <span class='ocrx_word' id='word_1_213' title='bbox 1315 3090 1384 3150; x_wconf 87' lang='lat' dir='ltr'>gar-</span> 
     </span>
     <span class='ocr_line' id='line_1_27' title="bbox 122 3175 1385 3257; baseline -0.002 -19"><span class='ocrx_word' id='word_1_214' title='bbox 122 3180 236 3240; x_wconf 88' lang='lat' dir='ltr'>dianus</span> <span class='ocrx_word' id='word_1_215' title='bbox 262 3179 395 3239; x_wconf 85' lang='lat' dir='ltr'>ecclesie</span> <span class='ocrx_word' id='word_1_216' title='bbox 420 3179 518 3239; x_wconf 91' lang='lat' dir='ltr'>sancti</span> <span class='ocrx_word' id='word_1_217' title='bbox 545 3179 703 3239; x_wconf 85' lang='lat' dir='ltr'>Francisci</span> <span class='ocrx_word' id='word_1_218' title='bbox 730 3177 761 3237; x_wconf 89' lang='lat' dir='ltr'>io</span> <span class='ocrx_word' id='word_1_219' title='bbox 787 3177 943 3257; x_wconf 83' lang='lat' dir='ltr'>Zagrabia</span> <span class='ocrx_word' id='word_1_220' title='bbox 977 3175 1119 3249; x_wconf 81' lang='lat' dir='ltr'>fundate,</span> <span class='ocrx_word' id='word_1_221' title='bbox 1145 3177 1177 3236; x_wconf 95' lang='lat' dir='ltr'>in</span> <span class='ocrx_word' id='word_1_222' title='bbox 1202 3197 1257 3237; x_wconf 91' lang='lat' dir='ltr'>sua</span> <span class='ocrx_word' id='word_1_223' title='bbox 1283 3192 1314 3237; x_wconf 89' lang='lat' dir='ltr'>et</span> <span class='ocrx_word' id='word_1_224' title='bbox 1337 3190 1385 3237; x_wconf 93' lang='lat' dir='ltr'>to·</span> 
     </span>
     <span class='ocr_line' id='line_1_28' title="bbox 122 3282 1385 3363; baseline -0.002 -17"><span class='ocrx_word' id='word_1_225' title='bbox 122 3285 189 3346; x_wconf 91' lang='lat' dir='ltr'>cius</span> <span class='ocrx_word' id='word_1_226' title='bbox 214 3299 393 3345; x_wconf 90' lang='lat' dir='ltr'>conventus</span> <span class='ocrx_word' id='word_1_227' title='bbox 418 3284 551 3345; x_wconf 81' lang='lat' dir='ltr'>fratrum</span> <span class='ocrx_word' id='word_1_228' title='bbox 577 3285 699 3345; x_wconf 91' lang='lat' dir='ltr'>ordinis</span> <span class='ocrx_word' id='word_1_229' title='bbox 735 3298 764 3343; x_wconf 93' lang='lat' dir='ltr'>et</span> <span class='ocrx_word' id='word_1_230' title='bbox 789 3283 922 3343; x_wconf 85' lang='lat' dir='ltr'>ecclesie</span> <span class='ocrx_word' id='word_1_231' title='bbox 954 3283 1052 3343; x_wconf 87' lang='lat' dir='ltr'>sancti</span> <span class='ocrx_word' id='word_1_232' title='bbox 1079 3282 1237 3342; x_wconf 89' lang='lat' dir='ltr'>Francisci</span> <span class='ocrx_word' id='word_1_233' title='bbox 1264 3282 1385 3363; x_wconf 91' lang='lat' dir='ltr'>predic·</span> 
     </span>
     <span class='ocr_line' id='line_1_29' title="bbox 121 3388 1384 3471; baseline -0.002 -20"><span class='ocrx_word' id='word_1_234' title='bbox 121 3405 240 3467; x_wconf 90' lang='lat' dir='ltr'>torum,</span> <span class='ocrx_word' id='word_1_235' title='bbox 256 3406 396 3451; x_wconf 90' lang='lat' dir='ltr'>nostram</span> <span class='ocrx_word' id='word_1_236' title='bbox 416 3392 625 3471; x_wconf 87' lang='lat' dir='ltr'>personaliter</span> <span class='ocrx_word' id='word_1_237' title='bbox 638 3389 798 3451; x_wconf 91' lang='lat' dir='ltr'>veniendo</span> <span class='ocrx_word' id='word_1_238' title='bbox 814 3389 845 3449; x_wconf 94' lang='lat' dir='ltr'>in</span> <span class='ocrx_word' id='word_1_239' title='bbox 860 3389 1056 3471; x_wconf 89' lang='lat' dir='ltr'>presenciam</span> <span class='ocrx_word' id='word_1_240' title='bbox 1076 3388 1236 3468; x_wconf 86' lang='lat' dir='ltr'>quandam</span> <span class='ocrx_word' id='word_1_241' title='bbox 1252 3389 1384 3448; x_wconf 92' lang='lat' dir='ltr'>domum</span> 
     </span>
     <span class='ocr_line' id='line_1_30' title="bbox 122 3494 1381 3577; baseline -0.002 -21"><span class='ocrx_word' id='word_1_242' title='bbox 122 3515 235 3557; x_wconf 91' lang='lat' dir='ltr'>eorum</span> <span class='ocrx_word' id='word_1_243' title='bbox 273 3496 351 3556; x_wconf 91' lang='lat' dir='ltr'>alias</span> <span class='ocrx_word' id='word_1_244' title='bbox 375 3496 675 3577; x_wconf 88' lang='lat' dir='ltr'>superhedilicatam</span> <span class='ocrx_word' id='word_1_245' title='bbox 701 3510 731 3555; x_wconf 90' lang='lat' dir='ltr'>et</span> <span class='ocrx_word' id='word_1_246' title='bbox 753 3514 838 3554; x_wconf 92' lang='lat' dir='ltr'>nunc</span> <span class='ocrx_word' id='word_1_247' title='bbox 863 3495 990 3576; x_wconf 91' lang='lat' dir='ltr'>penitus</span> <span class='ocrx_word' id='word_1_248' title='bbox 1007 3495 1175 3571; x_wconf 88' lang='lat' dir='ltr'>desertam,</span> <span class='ocrx_word' id='word_1_249' title='bbox 1200 3494 1300 3555; x_wconf 91' lang='lat' dir='ltr'>immo</span> <span class='ocrx_word' id='word_1_250' title='bbox 1317 3514 1381 3554; x_wconf 93' lang='lat' dir='ltr'>om·</span> 
     </span>
     <span class='ocr_line' id='line_1_31' title="bbox 122 3600 1386 3682; baseline -0.002 -20"><span class='ocrx_word' id='word_1_251' title='bbox 122 3603 199 3662; x_wconf 92' lang='lat' dir='ltr'>nino</span> <span class='ocrx_word' id='word_1_252' title='bbox 233 3601 422 3682; x_wconf 88' lang='lat' dir='ltr'>desolatam,</span> <span class='ocrx_word' id='word_1_253' title='bbox 455 3600 676 3682; x_wconf 88' lang='lat' dir='ltr'>hedificiisque</span> <span class='ocrx_word' id='word_1_254' title='bbox 710 3601 836 3682; x_wconf 93' lang='lat' dir='ltr'>penitus</span> <span class='ocrx_word' id='word_1_255' title='bbox 868 3601 1071 3676; x_wconf 90' lang='lat' dir='ltr'>destitutam,</span> <span class='ocrx_word' id='word_1_256' title='bbox 1104 3601 1186 3661; x_wconf 91' lang='lat' dir='ltr'>inter</span> <span class='ocrx_word' id='word_1_257' title='bbox 1216 3601 1332 3661; x_wconf 90' lang='lat' dir='ltr'>domos</span> <span class='ocrx_word' id='word_1_258' title='bbox 1356 3615 1386 3661; x_wconf 92' lang='lat' dir='ltr'>et</span> 
     </span>
     <span class='ocr_line' id='line_1_32' title="bbox 121 3706 1385 3790; baseline -0.002 -21"><span class='ocrx_word' id='word_1_259' title='bbox 121 3707 240 3769; x_wconf 83' lang='lat' dir='ltr'>fundos</span> <span class='ocrx_word' id='word_1_260' title='bbox 265 3709 474 3790; x_wconf 91' lang='lat' dir='ltr'>providorum</span> <span class='ocrx_word' id='word_1_261' title='bbox 502 3709 642 3769; x_wconf 90' lang='lat' dir='ltr'>virorum</span> <span class='ocrx_word' id='word_1_262' title='bbox 665 3707 821 3768; x_wconf 83' lang='lat' dir='ltr'>lobannis</span> <span class='ocrx_word' id='word_1_263' title='bbox 846 3708 998 3769; x_wconf 86' lang='lat' dir='ltr'>institoris</span> <span class='ocrx_word' id='word_1_264' title='bbox 1017 3706 1072 3767; x_wconf 89' lang='lat' dir='ltr'>filii</span> <span class='ocrx_word' id='word_1_265' title='bbox 1099 3707 1240 3767; x_wconf 90' lang='lat' dir='ltr'>Conradi</span> <span class='ocrx_word' id='word_1_266' title='bbox 1267 3708 1306 3766; x_wconf 90' lang='lat' dir='ltr'>ab</span> <span class='ocrx_word' id='word_1_267' title='bbox 1331 3726 1385 3766; x_wconf 94' lang='lat' dir='ltr'>an·</span> 
     </span>
     <span class='ocr_line' id='line_1_33' title="bbox 120 3813 1384 3895; baseline -0.002 -21"><span class='ocrx_word' id='word_1_268' title='bbox 120 3815 230 3875; x_wconf 89' lang='lat' dir='ltr'>teriori</span> <span class='ocrx_word' id='word_1_269' title='bbox 250 3828 349 3895; x_wconf 91' lang='lat' dir='ltr'>parte,</span> <span class='ocrx_word' id='word_1_270' title='bbox 367 3815 517 3876; x_wconf 89' lang='lat' dir='ltr'>videlicet</span> <span class='ocrx_word' id='word_1_271' title='bbox 534 3817 574 3875; x_wconf 92' lang='lat' dir='ltr'>ab</span> <span class='ocrx_word' id='word_1_272' title='bbox 592 3817 725 3891; x_wconf 90' lang='lat' dir='ltr'>oriente,</span> <span class='ocrx_word' id='word_1_273' title='bbox 744 3828 774 3874; x_wconf 90' lang='lat' dir='ltr'>et</span> <span class='ocrx_word' id='word_1_274' title='bbox 791 3835 806 3873; x_wconf 91' lang='lat' dir='ltr'>a</span> <span class='ocrx_word' id='word_1_275' title='bbox 825 3814 1028 3874; x_wconf 92' lang='lat' dir='ltr'>meridionali</span> <span class='ocrx_word' id='word_1_276' title='bbox 1042 3827 1129 3894; x_wconf 91' lang='lat' dir='ltr'>parte</span> <span class='ocrx_word' id='word_1_277' title='bbox 1147 3833 1238 3875; x_wconf 88' lang='lat' dir='ltr'>secus</span> <span class='ocrx_word' id='word_1_278' title='bbox 1252 3813 1384 3873; x_wconf 91' lang='lat' dir='ltr'>domum</span> 
     </span>
     <span class='ocr_line' id='line_1_34' title="bbox 121 3919 1385 4002; baseline -0.002 -21"><span class='ocrx_word' id='word_1_279' title='bbox 121 3920 276 3982; x_wconf 85' lang='lat' dir='ltr'>lobannis</span> <span class='ocrx_word' id='word_1_280' title='bbox 301 3919 418 3982; x_wconf 86' lang='lat' dir='ltr'>Pehem</span> <span class='ocrx_word' id='word_1_281' title='bbox 445 3922 568 4002; x_wconf 92' lang='lat' dir='ltr'>pridem</span> <span class='ocrx_word' id='word_1_282' title='bbox 588 3921 701 3999; x_wconf 81' lang='lat' dir='ltr'>judicis</span> <span class='ocrx_word' id='word_1_283' title='bbox 725 3919 781 3980; x_wconf 85' lang='lat' dir='ltr'>lilii</span> <span class='ocrx_word' id='word_1_284' title='bbox 802 3920 970 3996; x_wconf 77' lang='lat' dir='ltr'>iohannis,</span> <span class='ocrx_word' id='word_1_285' title='bbox 996 3941 1013 3979; x_wconf 92' lang='lat' dir='ltr'>a</span> <span class='ocrx_word' id='word_1_286' title='bbox 1038 3919 1290 4000; x_wconf 89' lang='lat' dir='ltr'>septemtrionali</span> <span class='ocrx_word' id='word_1_287' title='bbox 1309 3938 1385 3979; x_wconf 92' lang='lat' dir='ltr'>vero</span> 
     </span>
     <span class='ocr_line' id='line_1_35' title="bbox 122 4024 1385 4107; baseline -0.001 -21"><span class='ocrx_word' id='word_1_288' title='bbox 122 4042 210 4107; x_wconf 89' lang='lat' dir='ltr'>parte</span> <span class='ocrx_word' id='word_1_289' title='bbox 236 4025 323 4106; x_wconf 87' lang='lat' dir='ltr'>juxta</span> <span class='ocrx_word' id='word_1_290' title='bbox 348 4026 480 4088; x_wconf 90' lang='lat' dir='ltr'>domum</span> <span class='ocrx_word' id='word_1_291' title='bbox 507 4042 664 4088; x_wconf 90' lang='lat' dir='ltr'>muratam</span> <span class='ocrx_word' id='word_1_292' title='bbox 697 4041 727 4086; x_wconf 89' lang='lat' dir='ltr'>et</span> <span class='ocrx_word' id='word_1_293' title='bbox 759 4025 894 4087; x_wconf 89' lang='lat' dir='ltr'>fundum</span> <span class='ocrx_word' id='word_1_294' title='bbox 920 4039 1025 4086; x_wconf 91' lang='lat' dir='ltr'>nostre</span> <span class='ocrx_word' id='word_1_295' title='bbox 1058 4025 1297 4086; x_wconf 89' lang='lat' dir='ltr'>communitatis</span> <span class='ocrx_word' id='word_1_296' title='bbox 1332 4024 1385 4085; x_wconf 91' lang='lat' dir='ltr'>ha·</span> 
     </span>
     <span class='ocr_line' id='line_1_36' title="bbox 122 4132 1385 4213; baseline -0.001 -21"><span class='ocrx_word' id='word_1_297' title='bbox 122 4133 235 4210; x_wconf 93' lang='lat' dir='ltr'>bitum,</span> <span class='ocrx_word' id='word_1_298' title='bbox 262 4152 357 4193; x_wconf 89' lang='lat' dir='ltr'>unam</span> <span class='ocrx_word' id='word_1_299' title='bbox 391 4147 537 4213; x_wconf 90' lang='lat' dir='ltr'>quartam</span> <span class='ocrx_word' id='word_1_300' title='bbox 566 4135 652 4194; x_wconf 90' lang='lat' dir='ltr'>curie</span> <span class='ocrx_word' id='word_1_301' title='bbox 678 4134 708 4193; x_wconf 92' lang='lat' dir='ltr'>in</span> <span class='ocrx_word' id='word_1_302' title='bbox 738 4153 771 4193; x_wconf 90' lang='lat' dir='ltr'>se</span> <span class='ocrx_word' id='word_1_303' title='bbox 793 4133 1022 4208; x_wconf 89' lang='lat' dir='ltr'>continentem,</span> <span class='ocrx_word' id='word_1_304' title='bbox 1051 4132 1155 4209; x_wconf 90' lang='lat' dir='ltr'>certis,</span> <span class='ocrx_word' id='word_1_305' title='bbox 1184 4132 1385 4193; x_wconf 90' lang='lat' dir='ltr'>racionabili-</span> 
     </span>
     <span class='ocr_line' id='line_1_37' title="bbox 123 4238 1384 4321; baseline -0.001 -22"><span class='ocrx_word' id='word_1_306' title='bbox 123 4240 246 4321; x_wconf 92' lang='lat' dir='ltr'>busque</span> <span class='ocrx_word' id='word_1_307' title='bbox 273 4239 312 4300; x_wconf 90' lang='lat' dir='ltr'>de</span> <span class='ocrx_word' id='word_1_308' title='bbox 345 4241 447 4300; x_wconf 90' lang='lat' dir='ltr'>causis</span> <span class='ocrx_word' id='word_1_309' title='bbox 472 4241 502 4299; x_wconf 94' lang='lat' dir='ltr'>in</span> <span class='ocrx_word' id='word_1_310' title='bbox 536 4241 636 4300; x_wconf 91' lang='lat' dir='ltr'>literis</span> <span class='ocrx_word' id='word_1_311' title='bbox 669 4241 784 4300; x_wconf 91' lang='lat' dir='ltr'>nostris</span> <span class='ocrx_word' id='word_1_312' title='bbox 817 4239 1071 4319; x_wconf 85' lang='lat' dir='ltr'>privilegialibus</span> <span class='ocrx_word' id='word_1_313' title='bbox 1101 4238 1273 4319; x_wconf 90' lang='lat' dir='ltr'>superinde</span> <span class='ocrx_word' id='word_1_314' title='bbox 1299 4258 1384 4298; x_wconf 90' lang='lat' dir='ltr'>ema·</span> 
     </span>
     <span class='ocr_line' id='line_1_38' title="bbox 123 4344 1385 4426; baseline 0 -22"><span class='ocrx_word' id='word_1_315' title='bbox 123 4345 214 4421; x_wconf 89' lang='lat' dir='ltr'>natis,</span> <span class='ocrx_word' id='word_1_316' title='bbox 232 4345 364 4426; x_wconf 90' lang='lat' dir='ltr'>provide</span> <span class='ocrx_word' id='word_1_317' title='bbox 390 4347 521 4406; x_wconf 91' lang='lat' dir='ltr'>domine</span> <span class='ocrx_word' id='word_1_318' title='bbox 541 4346 675 4426; x_wconf 75' lang='lat' dir='ltr'>Agathe,</span> <span class='ocrx_word' id='word_1_319' title='bbox 700 4347 808 4407; x_wconf 91' lang='lat' dir='ltr'>relicte</span> <span class='ocrx_word' id='word_1_320' title='bbox 834 4346 971 4405; x_wconf 90' lang='lat' dir='ltr'>condam</span> <span class='ocrx_word' id='word_1_321' title='bbox 999 4344 1127 4426; x_wconf 88' lang='lat' dir='ltr'>Mathey</span> <span class='ocrx_word' id='word_1_322' title='bbox 1146 4344 1284 4405; x_wconf 81' lang='lat' dir='ltr'>Plauech</span> <span class='ocrx_word' id='word_1_323' title='bbox 1310 4345 1385 4405; x_wconf 94' lang='lat' dir='ltr'>dicti</span> 
     </span>
     <span class='ocr_line' id='line_1_39' title="bbox 124 4450 1386 4532; baseline 0 -22"><span class='ocrx_word' id='word_1_324' title='bbox 124 4464 152 4510; x_wconf 90' lang='lat' dir='ltr'>et</span> <span class='ocrx_word' id='word_1_325' title='bbox 166 4452 230 4511; x_wconf 88' lang='lat' dir='ltr'>suis</span> <span class='ocrx_word' id='word_1_326' title='bbox 252 4450 423 4512; x_wconf 91' lang='lat' dir='ltr'>heredibus</span> <span class='ocrx_word' id='word_1_327' title='bbox 441 4472 498 4532; x_wconf 93' lang='lat' dir='ltr'>pro</span> <span class='ocrx_word' id='word_1_328' title='bbox 517 4472 580 4512; x_wconf 93' lang='lat' dir='ltr'>uno</span> <span class='ocrx_word' id='word_1_329' title='bbox 607 4452 673 4514; x_wconf 85' lang='lat' dir='ltr'>flor.</span> <span class='ocrx_word' id='word_1_330' title='bbox 703 4453 768 4512; x_wconf 91' lang='lat' dir='ltr'>auri</span> <span class='ocrx_word' id='word_1_331' title='bbox 788 4452 1011 4528; x_wconf 88' lang='lat' dir='ltr'>vendiderunt,</span> <span class='ocrx_word' id='word_1_332' title='bbox 1030 4470 1125 4530; x_wconf 89' lang='lat' dir='ltr'>quam</span> <span class='ocrx_word' id='word_1_333' title='bbox 1144 4451 1273 4511; x_wconf 90' lang='lat' dir='ltr'>tandem</span> <span class='ocrx_word' id='word_1_334' title='bbox 1292 4470 1386 4531; x_wconf 90' lang='lat' dir='ltr'>quar-</span> 
     </span>
     <span class='ocr_line' id='line_1_40' title="bbox 124 4559 1384 4642; baseline 0.001 -24"><span class='ocrx_word' id='word_1_335' title='bbox 124 4571 184 4619; x_wconf 90' lang='lat' dir='ltr'>tam</span> <span class='ocrx_word' id='word_1_336' title='bbox 220 4579 292 4620; x_wconf 91' lang='lat' dir='ltr'>cum</span> <span class='ocrx_word' id='word_1_337' title='bbox 318 4560 383 4619; x_wconf 92' lang='lat' dir='ltr'>suis</span> <span class='ocrx_word' id='word_1_338' title='bbox 415 4561 620 4641; x_wconf 88' lang='lat' dir='ltr'>pertinenciis</span> <span class='ocrx_word' id='word_1_339' title='bbox 653 4562 796 4642; x_wconf 90' lang='lat' dir='ltr'>predicto</span> <span class='ocrx_word' id='word_1_340' title='bbox 830 4560 966 4620; x_wconf 76' lang='lat' dir='ltr'>iohanni</span> <span class='ocrx_word' id='word_1_341' title='bbox 1001 4559 1135 4619; x_wconf 90' lang='lat' dir='ltr'>institori</span> <span class='ocrx_word' id='word_1_342' title='bbox 1169 4573 1200 4619; x_wconf 95' lang='lat' dir='ltr'>et</span> <span class='ocrx_word' id='word_1_343' title='bbox 1232 4578 1287 4638; x_wconf 89' lang='lat' dir='ltr'>per</span> <span class='ocrx_word' id='word_1_344' title='bbox 1312 4578 1384 4619; x_wconf 91' lang='lat' dir='ltr'>eum</span> 
     </span>
     <span class='ocr_line' id='line_1_41' title="bbox 123 4646 1386 4747; baseline 0.002 -25"><span class='ocrx_word' id='word_1_345' title='bbox 123 4665 185 4725; x_wconf 90' lang='lat' dir='ltr'>suis</span> <span class='ocrx_word' id='word_1_346' title='bbox 209 4665 383 4727; x_wconf 90' lang='lat' dir='ltr'>heredibus</span> <span class='ocrx_word' id='word_1_347' title='bbox 399 4686 457 4747; x_wconf 94' lang='lat' dir='ltr'>pro</span> <span class='ocrx_word' id='word_1_348' title='bbox 482 4679 602 4745; x_wconf 91' lang='lat' dir='ltr'>septem</span> <span class='ocrx_word' id='word_1_349' title='bbox 622 4687 693 4726; x_wconf 91' lang='lat' dir='ltr'>curn</span> <span class='ocrx_word' id='word_1_350' title='bbox 720 4667 825 4727; x_wconf 90' lang='lat' dir='ltr'>media</span> <span class='ocrx_word' id='word_1_351' title='bbox 844 4667 957 4726; x_wconf 90' lang='lat' dir='ltr'>marcis</span> <span class='ocrx_word' id='word_1_352' title='bbox 975 4646 1193 4741; x_wconf 88' lang='lat' dir='ltr'>denariorum,</span> <span class='ocrx_word' id='word_1_353' title='bbox 1212 4664 1273 4741; x_wconf 81' lang='lat' dir='ltr'>jam</span> <span class='ocrx_word' id='word_1_354' title='bbox 1292 4664 1386 4745; x_wconf 92' lang='lat' dir='ltr'>plene</span> 
     </span>
    </p>
   </div>
   <div class='ocr_carea' id='block_1_7' title="bbox 125 4771 1293 4894">
    <p class='ocr_par' dir='ltr' id='par_1_8' title="bbox 125 4771 1293 4894">
     <span class='ocr_line' id='line_1_42' title="bbox 125 4771 1293 4894; baseline 0.001 -63"><span class='ocrx_word' id='word_1_355' title='bbox 125 4771 292 4848; x_wconf 87' lang='lat' dir='ltr'>persolutis</span> <span class='ocrx_word' id='word_1_356' title='bbox 316 4771 463 4833; x_wconf 91' lang='lat' dir='ltr'>vendidit</span> <span class='ocrx_word' id='word_1_357' title='bbox 487 4785 643 4852; x_wconf 91' lang='lat' dir='ltr'>perpetuo</span> <span class='ocrx_word' id='word_1_358' title='bbox 669 4771 908 4854; x_wconf 88' lang='lat' dir='ltr'>possidendam.</span> <span class='ocrx_word' id='word_1_359' title='bbox 1276 4856 1293 4894; x_wconf 36' lang='lat' dir='ltr'><strong>t</strong></span> 
     </span>
    </p>
   </div>
   <div class='ocr_carea' id='block_1_8' title="bbox 0 0 1582 5356">
    <p class='ocr_par' dir='ltr' id='par_1_9' title="bbox 0 0 1582 5356">
     <span class='ocr_line' id='line_1_43' title="bbox 0 0 1582 5356; baseline 0 0"><span class='ocrx_word' id='word_1_360' title='bbox 0 0 1582 5356; x_wconf 95' lang='lat' dir='ltr'> </span> 
     </span>
    </p>
   </div>
  </div>
 </body>
</html>
