3142 5356
547 541 746 616 Ann01490.
772 573 815 582 -
839 553 888 614 19.
905 541 1056 615 junuarii.
1396 545 1437 626 63

191 746 398 830 judicaverunt,
422 751 511 832 quod
539 752 642 813 Lucas
665 751 824 833 Ribarycz
845 751 977 813 habebit
1000 750 1078 815 feria
1103 766 1189 823 sexta
1214 754 1360 835 proxima
1384 753 1436 835 ju—

192 873 243 917 rare
264 857 292 918 in
318 878 371 919 ara
403 872 513 920 sancte
537 858 651 921 Crucis
682 857 770 939 quod
799 859 854 921 ille
879 877 981 940 equus
1013 860 1115 921 estin
1148 860 1236 922 bello
1261 860 1318 923 illo
1343 861 1436 925 dece·

192 973 258 1023 catus
279 964 411 1045 quando
435 964 620 1027 Anthonius
644 964 755 1032 habuit
779 984 838 1046 pro
862 965 978 1026 salario
1002 966 1042 1026 ab
1067 984 1106 1027 eo
1132 967 1228 1045 Luca,
1254 980 1330 1028 tunc
1347 967 1435 1030 idem

191 1068 348 1132 anthonius
383 1072 528 1154 precium
561 1072 636 1153 equi
669 1072 793 1133 solvere
826 1071 974 1150 habebit,
1009 1073 1110 1134 Lucas
1142 1086 1249 1135 autem
1282 1072 1435 1136 salarium

190 1173 273 1237 eidem
293 1178 462 1241 Anthonio
485 1198 545 1261 pro
570 1197 636 1260 quo
661 1178 877 1260 apreciaverat
901 1179 1016 1240 reverti
1042 1179 1182 1242 debebit.
1210 1180 1312 1242 Lucas
1336 1180 1437 1243 Riba·

190 1297 248 1360 rycz
268 1298 433 1347 contentus
457 1285 497 1346 de
522 1284 654 1365 judicio.

274 1388 345 1452 ltem
380 1409 508 1451 causam
534 1391 616 1451 inter
647 1391 791 1453 relictam
826 1391 908 1452 Petri
942 1391 1138 1453 Borczltoicz
1170 1405 1201 1454 et
1228 1392 1432 1454 Anthonium

190 1485 272 1554 lilium
292 1496 448 1574 eiusdem,
474 1496 568 1577 jurati
593 1496 869 1576 adjudicaverunt,
894 1497 981 1577 quod
1000 1496 1109 1559 relicta
1134 1498 1329 1559 Borczkoicz
1354 1496 1432 1560 feria

190 1611 259 1659 sexta
278 1601 377 1679 jurare
403 1602 536 1665 babebit
560 1604 609 1664 bis
634 1623 692 1686 pro
712 1603 790 1664 silva
817 1616 847 1665 et
871 1604 977 1666 tritico
994 1604 1082 1686 quod
1107 1604 1211 1666 dictus
1236 1605 1432 1667 B0rczkoicz

191 1700 273 1766 eidem
294 1709 459 1772 Anthonio
485 1710 517 1770 in
543 1711 655 1771 mortis
682 1711 818 1771 articulo
844 1730 909 1771 non
933 1710 1062 1786 legavit.

275 1813 345 1876 ltem
371 1836 500 1878 causam
525 1817 607 1878 inter
624 1816 835 1878 Benedictum
859 1836 999 1877 rasorem
1018 1831 1048 1878 et
1067 1817 1209 1879 Blasium
1234 1813 1436 1880 aurifabrum

192 1907 264 1986 iurati
284 1923 319 1983 ad
351 1924 492 2004 primum
526 1922 682 2001 judicium
713 1936 987 2004 prorogaverunt,
1019 1923 1044 1984 si
1078 1942 1142 1985 non
1176 1923 1431 2002 concordabunt,

193 2013 367 2093 judicabitur.

275 2133 345 2197 ltem
371 2156 500 2198 causam
525 2138 608 2198 inter
632 2137 799 2197 dominam
819 2136 1015 2198 Dorotheam
1041 2156 1174 2198 uxorem
1192 2137 1277 2200 Petri
1301 2139 1431 2200 sartoris

193 2227 222 2288 de
242 2235 379 2323 Capitulo
405 2257 435 2305 et
461 2243 671 2304 Karberinam
697 2262 830 2304 uxorem
857 2242 990 2324 Georgii
1015 2241 1173 2304 carnificis
1198 2242 1291 2322 jurati
1315 2264 1426 2326 proro-

192 2352 319 2412 sslverunt
342 2350 383 2410 ad
408 2351 549 2432 primum
574 2350 742 2432 judicium.

263 2582 348 2659 laria
378 2585 486 2660 tercia
515 2595 590 2677 pust
619 2588 741 2660 testum
779 2589 868 2660 beati
899 2588 994 2660 Pauli
1023 2592 1122 2680 primi
1152 2589 1329 2663 Heremite.

666 2743 731 2818 (19.
746 2743 914 2819 januarii).

270 2879 342 2942 Item
367 2901 497 2943 causam
523 2881 605 2942 inter
630 2881 823 2966 Dyonisium
855 2882 1106 2964 prebendarium
1131 2885 1373 2967 zagrabiensem
1398 2899 1429 2947 et

190 2972 341 3049 Gerardum
365 2987 553 3071 lapicidam,
586 2988 748 3051 Gerardus
780 2990 960 3071 comparuit
992 3003 1023 3051 et
1054 3010 1182 3052 causam
1215 2991 1317 3072 ipsam
1341 2989 1429 3072 juxta

186 3094 427 3156 consvetudinem
452 3095 590 3156 civitatis
613 3095 653 3156 ad
678 3095 835 3176 judicium
861 3096 1046 3177 prorogavit
1070 3097 1233 3159 citaturus.

269 3199 344 3262 ltem
361 3220 492 3263 causam
510 3202 592 3262 inter
609 3201 818 3263 Valentinum
836 3202 915 3263 alias
931 3203 1091 3264 seniorem
1116 3202 1255 3284 judicem
1273 3215 1303 3264 et
1321 3202 1426 3264 Eliam

178 3298 353 3390 lreniparem
378 3308 508 3370 racione
532 3309 770 3371 vulneracionis
794 3309 896 3391 pedis,
918 3308 1011 3390 jurati
1036 3309 1313 3391 adjudicaverunt,
1337 3309 1427 3392 quod

176 3409 350 3476 Valentinus
373 3415 481 3477 senior
506 3414 600 3496 judex
626 3416 756 3478 habebit
780 3416 820 3477 ad
845 3417 1020 3477 secundam
1039 3431 1158 3478 sextam
1183 3415 1294 3479 feriam
1321 3416 1425 3498 jurare

169 3518 196 3581 in
219 3541 269 3583 ara
292 3537 401 3584 sancte
419 3521 534 3585 Crucis
551 3524 639 3605 quod
664 3524 731 3606 ipse
757 3543 823 3585 non
840 3522 982 3584 extendit
999 3524 1116 3605 pedem
1140 3544 1234 3585 suurn
1259 3524 1300 3585 ad
1318 3525 1423 3584 Eliam

163 3628 214 3689 sed
240 3629 325 3691 Elias
349 3629 491 3713 irenipar
507 3631 688 3692 voluntarie
714 3631 871 3692 elevando
888 3630 1005 3712 pedem
1024 3651 1116 3692 suum
1143 3632 1283 3694 eundem
1307 3631 1425 3692 Valen-

160 3737 261 3799 tinum
275 3738 356 3816 lesit,
379 3739 405 3798 si
423 3736 540 3817 jurabit
556 3738 747 3799 Valentinus
764 3736 872 3816 iudex,
890 3751 965 3799 tunc
984 3737 1072 3798 Elias
1097 3739 1223 3800 medico
1241 3736 1422 3814 satisfaciat,

158 3844 225 3906 leso
257 3864 332 3907 vero
364 3845 477 3926 viginti
511 3845 655 3927 quinque
690 3863 805 3927 pensas
837 3844 964 3906 exolvat
1003 3845 1181 3906 secundum
1214 3844 1421 3926 privilegium

156 3951 303 4014 civitatis.

263 4059 341 4120 ltem
374 4077 503 4120 causam
538 4059 620 4120 inter
646 4056 777 4120 Gallum
809 4059 964 4123 Kodelicz
996 4072 1027 4120 et
1060 4058 1234 4119 Martinum
1267 4068 1424 4117 sartorem

153 4165 284 4228 racione
308 4178 339 4227 et
363 4177 508 4248 pretextu
533 4164 701 4226 cuiusdam
726 4164 840 4246 (h)orei
864 4185 920 4226 seu
948 4164 1076 4242 stabuli,
1098 4163 1190 4245 jurati
1215 4161 1420 4242 adjudicave-

152 4285 240 4349 runt,
270 4271 359 4353 quod
391 4291 430 4333 ex
460 4291 527 4352 quo
561 4269 676 4333 Gallus
708 4272 864 4333 Kodelicz
896 4272 1071 4333 Martioum
1104 4283 1257 4332 sartorem
1290 4267 1421 4350 quando

151 4378 276 4440 dictum
301 4377 462 4460 (h)oreum
486 4379 677 4461 preparabat
709 4397 774 4440 non
806 4378 956 4456 inhibuit,
981 4378 1068 4439 idem
1094 4377 1251 4439 Martinus
1285 4396 1349 4438 non
1373 4390 1421 4438 te·

150 4498 268 4547 neatur
291 4484 332 4546 de
356 4484 430 4547 loco
454 4484 593 4546 eundem
618 4483 777 4566 (h)oreum
802 4504 859 4546 seu
875 4485 1036 4546 stabulum
1067 4503 1233 4545 removere
1257 4483 1313 4543 sed
1338 4502 1420 4564 quo·

149 4609 257 4672 usque
282 4591 411 4653 durabit
439 4604 561 4653 tectura
586 4589 674 4652 illius
698 4589 811 4672 (h)orei
830 4591 986 4652 Martinus
1009 4603 1155 4652 teneatur
1179 4609 1292 4652 canam
1309 4602 1421 4651 tenere

149 4711 186 4762 et
208 4697 300 4780 quod
329 4717 414 4780 aqua
446 4698 486 4759 ad
509 4712 626 4760 terram
657 4718 747 4759 suam
780 4698 879 4779 pluat,
910 4712 1082 4779 postquam
1115 4710 1222 4758 autem
1248 4707 1424 4757 veterascet

151 4818 278 4868 tectura
301 4803 447 4866 eiusdem
471 4803 586 4886 (h)orei
611 4824 667 4865 seu
696 4804 812 4866 stabuli
843 4817 918 4865 tunc
951 4804 1036 4865 idem
1063 4804 1219 4865 Martinus
1253 4816 1355 4864 sartor
1379 4815 1424 4864 te-

148 4926 268 4975 neatur
289 4909 333 4973 de
364 4908 438 4973 loco
470 4909 557 4973 Galli
591 4911 745 4972 Kodelicz
776 4910 816 4972 ad
848 4923 965 4971 terram
988 4929 1078 4971 suam
1112 4910 1233 4972 dictum
1258 4908 1420 4990 (h)oreum

145 5031 292 5084 statuere
314 5035 374 5080 seu
404 5016 529 5093 locare3
558 5015 761 5079 solucionem
784 5031 892 5080 aurem
924 5036 1024 5102 quam
1056 5015 1174 5084 Gallus
1207 5031 1322 5085 contra
1341 5017 1431 5083 llar-
