3142 5356
149 495 190 557 34
559 473 761 554 Ann01485.
787 488 898 550 -13.
922 477 1002 535 maii.

253 688 331 750 ltem
357 689 388 749 in
413 709 506 750 causa
532 689 613 751 inter
646 702 826 749 consortem
861 688 1000 770 Philippi
1027 686 1143 768 Dudey
1175 699 1206 747 et
1230 701 1413 748 consortem

148 795 280 877 Georgii
313 796 461 878 Hercheg
493 795 582 877 quod
614 811 811 879 percusserat
844 815 977 857 uxorem
1016 792 1131 876 prefati
1164 793 1305 876 Philippi
1338 813 1414 855 cum

147 922 269 984 pugno,
293 903 395 963 solvat
419 921 499 963 uxor
523 900 656 982 Georgii
682 901 830 982 Hercheg
855 901 966 962 decem
998 920 1122 983 pensas,
1146 899 1256 981 juratis
1280 913 1411 961 centurn

148 1008 314 1084 denarios;
339 1008 473 1070 eandem
499 1008 538 1069 ad
564 1009 705 1069 seniores
727 1008 912 1090 appellavit.

253 1115 331 1176 ltem
358 1116 389 1176 in
415 1135 508 1176 causa
534 1115 614 1176 inter
633 1114 812 1176 lohannem
832 1113 1045 1196 Soldinarych
1064 1128 1094 1174 et
1111 1114 1291 1175 lankonem
1309 1115 1412 1176 Polalr

148 1236 277 1304 propter
301 1222 476 1303 quemdam
500 1242 632 1303 equum,
656 1221 749 1301 jurati
776 1221 1054 1301 adjudicaverunt,
1077 1220 1165 1302 quod
1189 1220 1293 1301 jurare
1317 1221 1417 1283 habet

149 1327 310 1389 lohannes
335 1327 545 1409 Soldinarycz
570 1342 726 1408 quantum
760 1328 860 1389 valuit
891 1347 1004 1409 equus,
1029 1341 1059 1388 et
1084 1327 1290 1388 medietatem
1315 1328 1417 1409 precii

147 1434 250 1496 solvat
275 1434 396 1508 lanko;
421 1433 558 1495 eandem
583 1454 710 1495 causam
738 1435 803 1516 ipse
822 1434 985 1495 lohannes
1008 1433 1048 1495 ad
1066 1434 1210 1494 seniores
1226 1434 1415 1515 appellavit.

254 1540 331 1600 ltem
357 1541 388 1600 in
414 1560 508 1601 causa
544 1541 624 1600 inter
656 1541 797 1601 relictam
831 1540 1008 1622 Thurchyn
1040 1553 1070 1600 et
1103 1540 1258 1601 Jacobum
1284 1540 1417 1622 Sporar,

148 1647 241 1727 jurati
266 1645 540 1727 adjudicaverunt,
568 1647 655 1727 quod
681 1647 783 1707 solvat
806 1648 872 1728 ipsa
898 1647 1008 1708 relicta
1032 1646 1212 1729 Thurchyn
1246 1647 1416 1727 quoddam

149 1752 294 1814 debitum
319 1752 470 1813 videlicet
494 1766 557 1813 tres
574 1752 662 1827 flor.;
684 1753 820 1814 eandem
838 1774 966 1814 causam
992 1753 1112 1814 Paulus
1129 1753 1256 1814 Horuat
1280 1755 1417 1816 maritus

149 1859 292 1920 eiusdem
318 1858 357 1919 ad
381 1859 524 1919 seniores
548 1859 735 1940 appellavit.

254 1965 331 2025 ltem
357 1965 389 2025 in
407 1985 500 2026 causa
524 1965 663 2046 quedam
683 1966 769 2026 Luce
788 1966 944 2050 Ribarycz
968 1986 1026 2048 pro
1053 1965 1247 2046 quibusdam
1272 1967 1416 2028 sedecim

149 2069 218 2132 flor.
243 2070 335 2151 jurati
359 2071 418 2131 sibi
443 2070 659 2151 juramentum
685 2070 967 2151 adjudicaverunt3
997 2072 1085 2152 quod
1111 2071 1327 2150 juramentum
1348 2074 1417 2155 ipse

149 2177 252 2238 Lucas
277 2177 433 2259 Ribarycz
458 2178 618 2259 deposuit.

242 2343 339 2417 Feria
368 2357 465 2417 sexta
494 2350 648 2435 proxima
681 2355 757 2435 post
786 2349 907 2419 festum
935 2345 1151 2443 Ascensionis
1179 2348 1320 2421 Domini.

687 2485 747 2560 (13.
772 2485 866 2559 mair).

255 2607 332 2668 ltem
358 2607 389 2667 in
415 2626 508 2668 causa
533 2607 614 2667 inter
639 2607 839 2670 Demetrium
866 2607 984 2690 Sichky
1017 2623 1047 2670 et
1072 2610 1229 2671 Jacobum
1254 2625 1412 2674 sartorem

149 2727 278 2795 propter
302 2712 457 2793 quasdam
483 2732 637 2794 expensas
662 2714 760 2794 ipsius
782 2714 947 2794 Demetrii,
965 2715 1105 2776 secunda
1122 2716 1248 2796 citacio,
1273 2719 1417 2781 lacobus

148 2833 249 2881 sartor
274 2839 338 2880 non
364 2820 554 2899 comparuit.

256 2925 334 2987 ltem
360 2945 453 2985 causa
472 2925 554 2985 inter
576 2925 785 2986 Valentinum
811 2925 1004 3009 freniparem
1022 2943 1053 2990 et
1071 2930 1271 2992 Anthonium
1291 2932 1416 3016 Mysek‚

148 3046 278 3115 propter
302 3032 390 3113 quod
415 3031 482 3112 ipse
515 3031 698 3092 Anthonius
723 3033 824 3093 Misek
857 3033 1033 3114 appellavit
1066 3035 1171 3116 ipsum
1204 3036 1415 3100 Valentinum

150 3139 341 3221 freniparem
366 3137 453 3218 quod
480 3136 610 3198 haberet
634 3139 713 3199 duas
738 3138 827 3215 fides,
860 3140 962 3220 prima
987 3141 1111 3204 citaci0.

254 3246 332 3306 ltem
357 3264 450 3305 causa
476 3245 557 3305 inter
582 3244 697 3305 Berlek
730 3246 904 3325 agricolam
930 3261 961 3308 et
988 3247 1124 3309 Paulum
1150 3249 1258 3310 Tislar
1283 3250 1417 3313 racione

149 3351 360 3433 quarumdam
386 3370 565 3426 vaccarum,
590 3351 703 3411 citacio
728 3351 840 3431 prima.

252 3457 330 3518 Item
356 3456 387 3516 in
413 3476 506 3516 causa
532 3457 613 3516 inter
631 3458 716 3538 lwrg
733 3472 886 3518 sartorem
913 3472 943 3519 et
962 3459 1193 3522 Maximianum
1218 3463 1417 3527 modernum

152 3564 302 3643 juratum,
328 3563 467 3624 secunda
498 3565 622 3626 citacio.

255 3670 332 3731 ltem
356 3690 449 3730 causa
477 3671 558 3731 inter
576 3672 694 3732 Lucam
721 3673 879 3754 llibarycz
897 3688 927 3734 et
950 3673 1144 3755 Gregorium
1169 3689 1310 3737 sutorem
1331 3679 1416 3741 Ban-

148 3777 326 3858 schakoycz
351 3776 438 3856 quod
464 3776 567 3857 ipsum
596 3778 714 3838 Lucam
744 3780 924 3839 usurarium
957 3782 1147 3858 nominavit,
1173 3782 1272 3842 tercio
1297 3785 1416 3848 citatus

149 3903 213 3945 non
239 3883 427 3964 comparuit.

258 3989 333 4049 ltem
360 3989 391 4048 in
409 4008 502 4048 causa
528 3989 609 4050 inter
627 3990 833 4051 Valentinum
849 3991 967 4072 Sporar
984 4006 1013 4052 et
1039 3993 1209 4054 Nicolaum
1236 3994 1416 4079 Halichycz

150 4096 279 4157 racione
304 4094 425 4154 culture
451 4095 615 4155 cuiusdam
645 4096 749 4173 vinee,
772 4115 868 4176 quam
894 4098 999 4158 colere
1032 4099 1143 4160 habuit
1168 4101 1235 4181 ipse
1260 4102 1415 4165 Nicolaus

150 4202 324 4284 Halichycz
357 4221 415 4281 pro
448 4202 556 4282 precio
588 4201 668 4280 juste
701 4216 731 4261 et
763 4217 865 4279 recte,
899 4202 1039 4285 prelatus
1072 4205 1261 4266 Valentinus
1293 4207 1416 4288 Sporar

150 4309 373 4390 comprobavit
398 4308 427 4367 in
454 4308 528 4367 sede
553 4322 638 4368 certo
663 4310 848 4370 testimonio
870 4310 958 4390 quod
984 4325 1030 4372 est
1054 4310 1199 4372 falsarius
1224 4313 1290 4393 ipse
1316 4315 1413 4377 Nico·

151 4416 220 4477 laus
245 4415 394 4476 inventus
419 4413 449 4474 in
479 4415 543 4495 ipsa
570 4415 692 4477 cultura
726 4416 824 4497 ipsius
846 4418 937 4477 vinee
964 4432 994 4478 et
1027 4419 1122 4479 debet
1146 4419 1293 4497 detineri,
1318 4420 1412 4497 jurati

149 4522 424 4603 adjudicaverunt,
449 4534 479 4580 et
504 4522 535 4581 in
561 4522 624 4583 alio
650 4520 757 4584 futuro
783 4523 902 4602 judicio
927 4526 1127 4586 sentenciari.

256 4628 333 4688 ltem
359 4628 389 4688 in
416 4647 508 4687 causa
534 4628 712 4708 interlwrg
731 4643 884 4690 sartorem
909 4644 940 4690 et
966 4631 1108 4710 luciam,
1134 4647 1315 4694 consortem
1343 4635 1411 4697 Ste-

150 4733 246 4815 phani
271 4733 398 4811 sutoris,
420 4732 511 4810 jurati
530 4734 803 4811 adjudicaverunt,
829 4736 916 4816 quod
935 4756 970 4796 ex
996 4738 1111 4816 quoin
1131 4752 1211 4798 terra
1238 4754 1413 4820 prostratus

151 4854 197 4902 est
221 4840 288 4921 ipse
305 4842 391 4921 lwrg
408 4854 439 4902 et
463 4861 631 4922 percussus
648 4862 703 4923 per
717 4843 817 4923 ipsam
833 4843 964 4902 Luciam
991 4844 1136 4905 convicta
1160 4859 1206 4905 est
1227 4845 1293 4927 ipsa
1314 4847 1411 4908 Lucia

151 4947 183 5008 in
208 4948 346 5029 birsagio
371 4949 514 5030 quinque
540 4967 728 5026 marcarum,
753 4948 863 5029 juratis
888 4949 919 5009 in
945 4963 1071 5010 centum
1099 4949 1248 5014 denariis.
