3142 5356
564 495 766 571 Ann01494.
792 529 833 537 —
857 491 909 556 28.
927 496 1090 570 februarii.
1417 517 1456 576 95

214 692 270 775 ipae
289 704 367 767 lwan
392 707 510 788 jurabit
526 705 604 768 feria
628 719 715 768 sexta
733 721 805 789 post
825 707 1023 768 dominicam
1041 707 1141 781 Quasi
1160 709 1269 787 modo,
1284 710 1372 791 quod
1392 710 1457 793 ipse

209 797 373 890 Stephanus
397 814 550 896 percussit
574 813 681 895 ipsum
715 833 863 895 puerum,
886 827 962 876 tunc
995 815 1161 876 convictus
1185 829 1231 877 est
1256 816 1287 876 in
1312 817 1456 897 quinque

200 919 301 980 pensu
316 921 564 997 wiennensibus‚
590 919 701 998 juratis
725 921 757 981 in
782 935 910 982 centum
936 921 1084 983 denariis.
1108 925 1158 996 (ln
1181 925 1255 996 orig.
1281 922 1411 1004 pensis).

300 1025 401 1088 Causa
427 1028 509 1088 inter
533 1026 728 1108 Gregorium
756 1026 876 1088 Pethko
909 1041 938 1088 et
963 1028 1134 1088 Nicolaum
1160 1026 1317 1089 famulum
1343 1029 1455 1090 lacobi

186 1107 387 1216 Rekethych‚
412 1134 526 1196 citacio
550 1134 663 1215 prima.

350 1335 444 1409 laria
474 1341 581 1408 tercia
609 1346 687 1425 post
715 1337 838 1408 lestum
867 1339 956 1408 beati
986 1334 1109 1408 llathie
1139 1335 1292 1425 apostoli.

692 1493 753 1566 (25.
771 1491 953 1566 februarii).
1046 1500 1047 1504 ’

182 1690 198 1704 ⁸
297 1612 400 1675 Causa
434 1613 515 1674 inter
547 1613 753 1674 Domlronem
788 1611 962 1696 Perowych
988 1626 1018 1673 et
1050 1611 1216 1672 dominam
1247 1616 1374 1672 Annam
1407 1630 1454 1672 re·

152 1677 298 1779 ¹¹ctam
322 1719 459 1781 condam
485 1717 694 1803 Wytlrltoyeh
727 1719 855 1779 racione
887 1718 1114 1800 produccionis
1145 1717 1358 1798 quarumdam
1384 1718 1454 1779 lite-

148 1801 295 1884 ‘urum
319 1824 551 1907 expeditarum,
576 1824 689 1885 citacio
714 1824 827 1906 prima.

295 1930 400 1992 Causa
426 1931 509 1992 inter
526 1930 689 1991 Andream
707 1928 889 1992 carnificem
916 1943 950 1991 ut
967 1944 1108 1990 actorem
1132 1943 1162 1989 et
1187 1928 1367 1989 Fabianum
1385 1949 1453 1990 mo·

144 2013 322 2097 qernum
348 2036 489 2117 judicem
513 2056 549 2098 ac
575 2036 695 2097 Lucam
722 2035 904 2120 Rybarych,
929 2035 1043 2096 citacio
1067 2035 1180 2116 prima.

292 2142 397 2205 Causa
416 2143 498 2204 inter
515 2143 725 2204 Benedictum
753 2142 944 2223 Hungarum
964 2141 1154 2203 familiarem
1172 2141 1294 2202 domini
1321 2141 1451 2203 Sowani

143 2244 223 2309 ἔτ
244 2248 380 2311 Katham
402 2250 545 2331 puellam
577 2249 773 2310 servitricem
800 2250 908 2311 relicte
941 2249 1077 2310 condam
1104 2249 1207 2308 Kirini
1232 2249 1372 2330 sellipari
1401 2269 1449 2311 ra·

147 2355 277 2418 Qione
302 2370 333 2419 et
357 2370 503 2438 pretextu
529 2355 615 2435 lorti,
640 2357 695 2417 ubi
714 2357 780 2438 ipse
806 2356 998 2418 Benedictus
1023 2355 1158 2416 eandem
1175 2369 1329 2436 tanquam
1348 2353 1449 2417 furem

149 2464 336 2543 Qaptivari
362 2461 480 2525 fecerat
503 2477 534 2524 et
558 2463 637 2523 dixit
662 2463 751 2544 quod
768 2463 974 2524 subtraxisset
998 2462 1057 2523 sibi
1083 2463 1114 2522 in
1139 2463 1284 2543 pecuniis
1300 2475 1331 2523 et
1355 2464 1451 2524 rebus

151 2567 303 2630 *aleris
327 2569 441 2651 viginti
466 2569 612 2650 quinque
636 2568 717 2647 flor.‚
742 2584 772 2631 et
797 2569 872 2650 quia
903 2569 969 2651 ipse
996 2568 1189 2630 Benedictus
1213 2567 1338 2628 nullum
1362 2569 1451 2630 testi·

156 2676 331 2738 hionium
357 2695 462 2757 neque
487 2676 615 2757 signum
642 2674 716 2737 furti
745 2675 901 2736 dictarum
935 2694 1041 2736 rerum
1066 2674 1164 2754 vulgo
1189 2674 1325 2756 polycze
1351 2674 1450 2757 depo-

162 2788 259 2842 ttere
283 2801 389 2864 neque
415 2781 634 2843 demonstrare
652 2781 768 2863 potuit,
791 2780 884 2863 jurati
909 2780 1183 2860 adjudicaverunt,
1208 2779 1297 2860 quod
1323 2800 1360 2839 ex
1385 2799 1450 2861 quo

165 2876 269 2950 idem
302 2889 498 2950 Benedictus
539 2901 647 2950 contra
688 2888 824 2949 eandem
855 2887 995 2970 puellam
1037 2886 1135 2947 nichil
1164 2887 1301 2967 probare
1333 2886 1449 2968 potuit,

170 2986 269 3057 idem
295 2996 404 3078 puella
436 2996 601 3057 terciamet
635 2996 695 3057 sibi
728 2995 887 3056 similibus
919 2994 995 3055 seria
1026 3007 1112 3055 sexta
1146 3008 1219 3075 post
1251 2994 1448 3055 dominicam

176 3099 283 3174 Quasi
299 3103 400 3165 modo
424 3102 529 3183 jurare
546 3102 687 3180 habebit,
711 3101 799 3183 quod
818 3100 915 3162 nichil
940 3101 972 3161 in
990 3098 1075 3162 lurtu
1093 3098 1216 3181 prefato
1241 3099 1367 3160 conscia
1385 3113 1449 3176 est;

178 3206 213 3266 ai
239 3207 356 3288 jurabit
388 3209 447 3270 erit
479 3209 589 3287 libera,
624 3208 815 3269 Benedictus
846 3227 923 3269 vero
956 3221 1066 3268 contra
1098 3205 1233 3267 eandem
1268 3219 1340 3286 post
1365 3204 1447 3283 jura·

186 3329 325 3376 mentum
352 3315 518 3377 convictus
543 3329 589 3377 est
613 3315 644 3375 in
677 3314 830 3394 homagio
864 3314 947 3390 vivo,
980 3314 1105 3373 sivero
1131 3312 1216 3372 idem
1249 3311 1357 3392 puella
1383 3331 1447 3372 non

193 3415 335 3495 juraverit
360 3422 392 3482 in
417 3419 540 3503 prelato
565 3421 629 3498 die,
654 3433 769 3481 extunc
795 3421 826 3480 in
857 3419 920 3480 illis
937 3420 1084 3480 convicta
1109 3432 1155 3479 est
1180 3430 1346 3478 utcontra
1373 3437 1447 3479 ean·

192 3521 255 3586 dem
278 3527 459 3609 proposuit.

286 3632 393 3694 Causa
420 3632 501 3693 inter
530 3631 668 3693 Katham
702 3633 847 3694 relictam
880 3631 1018 3693 condam
1045 3631 1147 3692 Janko
1180 3645 1210 3693 et
1236 3631 1446 3693 Benedictum

195 3731 373 3820 Hungarum
405 3739 534 3800 racione
568 3737 794 3800 inlamacionis
818 3753 848 3799 et
880 3738 1130 3818 vituperacionis
1164 3738 1217 3799 ubi
1251 3738 1318 3819 ipse
1344 3738 1445 3800 Bene·

194 3839 283 3906 dictur
314 3845 450 3907 eandem
485 3844 622 3906 Katham
655 3845 847 3926 vituperavit
878 3844 1015 3905 dicendo
1047 3864 1117 3905 eam
1150 3842 1217 3905 lore
1242 3845 1444 3905 meretricem
1528 3904 1537 3914 ,

195 3953 411 4013 monachorum
426 3965 457 4014 et
473 3951 724 4033 presbiterorum
742 3967 920 4013 accentum
939 3952 1110 4029 latronum,
1124 3966 1219 4033 prout
1232 3965 1326 4012 testes
1344 3952 1443 4033 ipsius

196 4049 283 4120 Kathe
306 4058 351 4120 sic
375 4059 479 4121 testati
504 4071 577 4120 sunt
602 4073 633 4120 et
665 4059 894 4140 deposuerunt,
927 4058 1019 4135 jurati
1055 4057 1331 4137 adjudicaverunt,
1357 4057 1445 4139 quod

196 4174 222 4218 2¹
243 4181 305 4245 quo
330 4164 398 4246 ipse
424 4164 617 4226 Benedictus
634 4179 744 4225 contra
770 4163 905 4224 candem
923 4164 1019 4225 talem
1045 4162 1211 4225 inlamiam
1226 4165 1361 4240 probare
1380 4184 1445 4225 non

196 4269 294 4349 potuit,
318 4270 404 4332 idem
431 4270 624 4332 Benedictus
655 4271 821 4332 convictus
853 4285 899 4331 est
924 4285 1033 4331 contra
1066 4271 1202 4331 eandem
1228 4270 1260 4330 in
1292 4270 1445 4350 homagio

196 4368 270 4454 liro;
295 4375 437 4460 prelatus
459 4397 536 4440 vero
555 4377 748 4439 Benedictus
766 4396 830 4437 non
849 4392 1018 4438 contentus
1042 4376 1217 4458 appellavit
1234 4376 1273 4436 ad
1292 4376 1444 4438 seniores.

459 4577 553 4652 Fetia
582 4591 680 4652 sexta
709 4588 787 4651 ante
816 4581 1016 4650 dominicam
1046 4576 1150 4649 Oculi.

673 4730 738 4809 (28.
755 4734 930 4809 februarii).

283 4855 422 4920 lacobus
444 4854 545 4937 judex
568 4869 677 4919 contra
704 4856 887 4918 Emericum
912 4855 990 4916 alias
1014 4853 1153 4936 judicem
1185 4855 1375 4916 secundario
1400 4853 1442 4916 ci-

201 4961 267 5024 tatur
287 4980 352 5028 uon
376 4965 568 5049 comparuit.
