3142 5356
261 575 338 636 ltem
364 573 499 656 provide
523 573 676 633 mulieres
701 571 902 652 Margaretha
925 586 1038 633 vocata
1063 572 1223 653 legittima
1249 590 1330 632 uxor
1354 570 1416 632 Ste-

155 682 255 764 phani
281 681 357 742 dicti
392 678 650 761 Skerchlrowych
683 692 714 738 et
739 682 847 758 Agnes
881 676 989 739 relicta
1015 678 1180 739 Dominici
1214 678 1292 739 dicti
1328 677 1421 738 Hrezt

154 789 361 850 medietatem
396 787 562 848 cuiusdam
593 785 700 867 (hlorti
734 784 765 845 in
805 785 962 845 suburbio
997 785 1135 847 civitatis
1166 785 1314 866 predicte
1346 785 1420 845 inter

154 895 290 975 (h)ortos
315 895 429 956 Briccii
454 893 580 974 judicis,
604 912 622 952 a
647 891 829 952 meridione
862 905 893 952 et
917 892 957 952 ab
989 891 1158 953 occidente
1182 911 1220 953 ac
1245 891 1331 954 inter
1361 892 1423 952 vias

155 1023 345 1066 communes
369 1002 480 1079 habiti,
507 1000 626 1062 Mathie
651 998 794 1060 carnifici
827 1012 857 1060 et
883 999 1085 1080 Margarethe
1117 1019 1173 1061 sue
1200 1000 1347 1062 consorti
1370 1018 1423 1081 pro

156 1132 209 1172 sex
235 1110 304 1171 flor.
329 1109 398 1171 auri
423 1123 453 1170 et
478 1127 541 1168 una
558 1126 655 1189 pensa
681 1105 888 1167 denariorum
907 1106 1121 1168 vendiderunt
1142 1121 1304 1188 perpetuo
1329 1106 1425 1187 possi·

155 1216 306 1294 dendam,
330 1231 361 1277 et
385 1216 480 1276 aliam
507 1214 713 1275 medietatem
732 1213 877 1274 eiusdem
903 1212 1010 1293 (h)orti
1030 1212 1127 1273 iidem
1147 1213 1236 1294 prius
1261 1213 1422 1295 possidere

155 1324 415 1399 dinoscebantur,
439 1335 469 1382 et
493 1341 530 1381 ex
555 1340 594 1381 eo
619 1320 704 1381 idem
729 1320 867 1398 (h)ortus
891 1334 977 1380 totus
1001 1339 1073 1380 cum
1106 1333 1176 1380 toto
1200 1320 1333 1381 stabulo
1358 1338 1425 1401 pre-

156 1430 249 1490 dictis
274 1427 395 1490 Mathie
420 1425 559 1489 carnifici
586 1441 616 1488 et
641 1427 724 1488 dicte
756 1446 812 1487 sue
842 1426 984 1487 consorti
1010 1441 1056 1487 est
1087 1426 1264 1488 literatorie
1291 1440 1425 1487 statutus

157 1549 187 1596 et
211 1535 385 1617 superinde
410 1550 455 1594 est
479 1534 570 1595 litera
594 1535 653 1595 sub
679 1534 832 1615 pendenti
866 1533 974 1614 sigillo
999 1533 1243 1595 communitatis
1267 1548 1426 1594 emanata.

265 1643 342 1702 Item
369 1641 526 1702 Martinus
550 1640 646 1719 judex
671 1655 779 1701 noster
802 1640 979 1700 modernus
1008 1640 1144 1701 civitatis
1168 1640 1313 1721 predicte
1331 1660 1427 1722 quau·

157 1750 230 1809 dam
256 1762 378 1828 partem
404 1747 570 1808 cuiusdam
595 1746 703 1827 (h)orti
736 1748 784 1807 sui
819 1747 851 1807 in
876 1747 1037 1808 suburbio
1068 1747 1208 1807 civitatis
1232 1748 1377 1829 predicte
1401 1760 1430 1808 et

157 1857 216 1915 sub
241 1874 334 1914 muro
358 1854 496 1914 civitatis
513 1853 657 1914 eiusdem
677 1854 759 1914 inter
776 1852 910 1914 fluvium
929 1868 960 1914 et
978 1854 1062 1914 viam
1081 1873 1291 1914 communem
1318 1854 1429 1929 habiti,

158 1981 193 2020 ac
218 1960 299 2021 inter
323 1961 484 2021 stabulum
511 1960 655 2021 eiusdem
681 1960 809 2021 Martini
844 1961 958 2039 judicis
993 1960 1092 2020 habiti
1136 1975 1268 2042 aparte
1297 1960 1430 2021 orientis

161 2067 265 2142 sitam,
291 2067 350 2126 sub
375 2066 469 2126 metis
486 2066 518 2126 in
543 2066 634 2128 litera
652 2066 844 2147 privilegiali
862 2067 1034 2147 superinde
1052 2065 1196 2127 conlecta
1215 2073 1248 2128 et
1272 2082 1433 2143 emanata,

162 2171 306 2252 Georgio
329 2171 396 2233 filio
421 2172 548 2233 Nicolai
571 2173 696 2233 concivi
716 2187 825 2233 nostro
843 2172 990 2233 vendidit
1015 2187 1172 2256 perpetuo
1196 2173 1428 2256 possidendam

164 2294 195 2339 et
219 2280 390 2360 superinde
416 2295 462 2340 est
486 2280 576 2340 litera
601 2283 660 2340 sub
686 2279 838 2360 pendenti
864 2280 971 2359 sigillo
1000 2281 1245 2370 communitatis
1269 2297 1430 2343 emanata.

268 2385 344 2446 ltem
371 2386 537 2447 Emericus
568 2401 669 2446 sartor
704 2384 789 2446 filius
820 2387 944 2447 Nicolai
971 2387 1095 2468 pridem
1127 2387 1249 2468 juratus
1289 2403 1322 2450 et
1355 2408 1430 2449 con·

160 2492 237 2551 civis
262 2507 379 2565 noster,
405 2512 439 2552 ac
467 2491 628 2572 Georgius
656 2506 757 2553 sartor
789 2491 874 2554 filius
899 2493 1078 2571 Michaelis,
1110 2494 1254 2555 concivis
1279 2495 1432 2556 similiter

160 2612 277 2674 noster,
302 2599 511 2659 commissarii
538 2614 568 2659 et
602 2614 788 2660 executores
820 2602 1001 2661 testamenti
1035 2601 1162 2682 providi
1195 2601 1339 2662 condam
1373 2603 1432 2663 viri

161 2704 242 2764 Petri
267 2706 397 2765 sartoris
421 2704 477 2764 filii
502 2705 655 2785 Stephani
680 2705 844 2786 quandam
874 2707 1001 2767 vineam
1028 2708 1126 2788 ipsius
1152 2727 1208 2768 seu
1234 2710 1431 2789 porcionem

160 2813 319 2872 vinealem
346 2811 459 2892 prefati
486 2813 570 2872 Petri
595 2813 725 2873 sartoris
757 2813 789 2873 in
820 2814 981 2875 territorio
1015 2815 1154 2876 civitatis
1178 2815 1326 2896 predicte
1351 2816 1435 2877 inter

160 2919 269 2977 vineas
302 2917 433 2997 Georgii
469 2917 548 2978 labri
582 2919 745 2979 mediante
777 2917 896 2981 fossato
929 2941 985 2981 seu
1021 2937 1129 2982 meatu
1161 2941 1245 3002 aque
1279 2923 1436 3004 pluvialis

161 3024 242 3084 inter
267 3024 393 3083 vincam
421 3024 594 3086 Katherine
619 3025 729 3088 relicte
754 3025 899 3087 eiusdem
921 3027 1002 3088 Petri
1027 3027 1155 3089 sartoris
1178 3027 1339 3106 habitam,
1356 3050 1432 3091 cum

161 3130 225 3189 suis
251 3130 456 3210 pertinenciis
481 3131 619 3192 iohanni
654 3130 723 3193 filio
756 3131 890 3213 Georgii
917 3134 955 3193 de
988 3133 1085 3194 llowa
1118 3135 1339 3197 vendiderunt
1363 3157 1436 3218 per·

161 3252 257 3318 petuo
282 3238 509 3318 possidendam
534 3253 564 3299 et
588 3240 760 3320 superinde
786 3240 890 3301 eidem
914 3241 1052 3302 iohanni
1078 3256 1124 3304 est
1148 3242 1240 3303 litera
1272 3245 1337 3304 sub
1354 3263 1435 3325 pen·

163 3344 249 3403 denti
274 3343 381 3423 sigillo
407 3345 647 3405 communitatis
672 3361 828 3408 emanata.

188 3564 270 3634 ltem
300 3565 384 3634 feria
414 3568 519 3635 tercia
540 3558 619 3653 (sic)
638 3566 790 3653 proxima
815 3578 893 3638 ante
922 3568 1044 3638 festum
1074 3567 1334 3641 Purificaciunis
1364 3573 1437 3659 glo·

492 3691 581 3759 riose
609 3710 740 3778 semper
768 3691 908 3779 virginis
938 3693 1052 3762 llarie.

672 3846 713 3918 (1.
731 3846 904 3921 februaris).

268 3963 344 4023 ltem
372 3963 499 4024 Thome
526 3965 652 4027 literato
677 3965 744 4028 filio
770 3968 867 4028 Blasii
909 3968 948 4029 de
974 3967 1146 4050 Werthlyn
1171 3988 1228 4050 per
1251 3967 1434 4035 fassionem

162 4071 293 4131 dominc
322 4071 420 4130 Elene
446 4072 553 4131 relicte
573 4074 709 4133 condam
737 4073 869 4154 Georgii
900 4075 1054 4136 Wollrow
1079 4075 1243 4156 quoddam
1270 4075 1375 4138 fenile
1402 4080 1435 4140 in

162 4197 275 4258 campo
301 4177 438 4238 civitatis
463 4178 603 4258 predicte
623 4179 704 4239 ultra
724 4179 856 4241 fluvium
877 4182 1032 4263 Zawycza
1050 4195 1198 4242 vocatum
1229 4183 1315 4244 inter
1332 4198 1436 4248 terras

162 4285 294 4345 ecclesie
329 4298 434 4344 nostre
468 4284 660 4365 parochialis
693 4287 776 4347 beati
812 4289 908 4348 Marci
943 4288 1147 4369 ewangeliste
1180 4308 1216 4349 ac
1249 4288 1434 4354 liberorum

162 4391 297 4451 condam
324 4391 452 4452 Thome
479 4391 662 4474 Pyczurych
688 4393 831 4454 habitum
858 4411 888 4454 et
905 4396 1051 4472 existens,
1076 4415 1148 4456 cum
1174 4396 1239 4457 suis
1263 4399 1435 4476 pertiuen-

162 4499 218 4558 ciis
242 4512 288 4558 est
312 4501 370 4558 sub
395 4498 547 4579 pendenti
573 4500 680 4579 sigillo
706 4503 946 4563 communitatis
977 4502 1066 4562 litera
1092 4502 1286 4584 privilegiali
1314 4505 1436 4568 confir·

163 4621 284 4666 matum
310 4619 464 4687 perpetuo
490 4606 731 4687 possidendum.

269 4710 345 4772 ltem
379 4731 475 4792 super
507 4712 605 4772 domo
639 4727 773 4791 murata,
806 4713 907 4774 lundo
940 4730 970 4775 et
998 4714 1115 4775 celario
1146 4717 1361 4781 subterraneo
1397 4742 1434 4783 ac

162 4816 317 4878 hedificiis
343 4819 479 4879 condam
506 4819 634 4880 Thome
659 4819 752 4899 jurati
778 4819 834 4881 filii
861 4820 979 4900 Choni,
1005 4821 1036 4881 in
1067 4821 1150 4883 dicta
1187 4822 1318 4886 civitate
1345 4826 1433 4890 inter
