3142 5356
153 458 218 538 264
706 456 857 515 Addenda.

259 669 373 732 Testes
397 669 544 751 producti
570 669 600 728 in
621 687 715 728 causa
741 665 860 729 Mathia
886 679 917 726 et
935 666 1019 727 Petri
1037 666 1288 748 procedentium
1306 685 1326 727 c<

152 775 323 838 Nicolaum
341 774 488 836 Thothar
505 775 543 835 de
559 775 641 852 vico,
659 772 736 835 feria
758 789 843 834 sexta
858 774 1002 855 proxima
1020 788 1090 855 post
1108 773 1265 854 Corporis
1283 771 1326 834 Ch

151 883 277 944 Primus
300 882 388 944 testis
405 881 594 942 Ambrosius
618 881 773 962 presbiter
797 880 976 962 depositam
1007 899 1095 941 more
1127 879 1224 940 solito
1249 898 1326 940 cons

151 990 245 1067 ciam,
269 989 313 1049 sic
338 987 438 1049 fassus
469 1001 533 1049 est:
566 987 653 1067 quod
679 1006 752 1070 cum
780 986 924 1046 amicicia
959 986 1108 1046 inductus
1140 1005 1280 1047 unacum
1310 1006 1326 1046 n

151 1096 233 1156 natis
264 1096 425 1157 actoribus
461 1094 610 1155 videlicet
636 1093 755 1155 Mathia
789 1108 819 1154 et
849 1093 942 1153 Petro
968 1094 1106 1154 venisset
1140 1094 1248 1173 gracia
1280 1093 1326 1154 bii

152 1202 184 1262 in
209 1201 343 1262 domum
376 1200 500 1261 Nicolai
533 1198 680 1260 Thothar
712 1200 751 1259 de
786 1203 856 1259 vico
902 1199 1011 1279 ibique
1045 1199 1274 1276 consedissent,
1300 1218 1326 1259 er

152 1307 309 1368 nominati
326 1320 448 1367 actores
466 1325 576 1386 rogare
591 1307 630 1366 ab
649 1324 746 1367 uxore
764 1305 838 1365 dicti
856 1305 982 1366 Nicolai
1000 1324 1127 1366 caseum
1147 1318 1177 1365 et
1193 1324 1254 1366 ova
1272 1325 1326 1387 pec

151 1426 314 1495 ceperunt,
335 1413 445 1493 ibique
471 1432 553 1473 unus
584 1426 728 1472 actorum
754 1412 865 1473 Petrus
882 1412 1014 1473 nomine
1040 1432 1114 1473 casu
1132 1411 1275 1492 quodam
1301 1431 1326 1494 p

152 1519 192 1580 ad
216 1538 404 1600 scampnum
430 1519 548 1599 posuit,
573 1518 658 1579 unde
676 1518 793 1578 mulier
817 1519 883 1599 ipsa
902 1518 1031 1580 incitata
1055 1519 1144 1580 venit
1168 1518 1199 1579 in
1217 1518 1326 1580 stubar

151 1625 356 1708 vaporarium
382 1625 499 1686 domus
522 1644 589 1702 sue,
615 1624 700 1685 unde
725 1624 763 1685 ad
790 1624 1014 1686 incitacionem
1042 1625 1124 1686 dicte
1150 1625 1326 1686 mulierisc

151 1732 304 1793 Nicolaus
328 1730 410 1793 furia
435 1732 576 1813 repletus
601 1731 688 1792 venit
711 1750 727 1792 e
753 1731 851 1791 domo
869 1751 942 1792 curn
968 1732 1071 1793 cultro
1088 1732 1236 1810 suttorio,
1260 1732 1326 1793 dixi

151 1839 238 1920 quod
264 1838 340 1899 dicti
365 1853 489 1899 actores
512 1837 663 1898 videlicet
687 1837 825 1898 Mathias
857 1851 888 1898 et
911 1837 1024 1898 Petrus
1049 1858 1112 1899 non
1138 1850 1245 1900 essent
1268 1837 1326 1900 hor

151 1945 206 2005 sed
232 1945 382 2022 latrones,
407 1964 502 2025 super
526 1963 588 2024 qua
614 1963 646 2004 re
672 1943 746 2004 dicti
781 1957 903 2004 actores
928 1943 1048 2005 ibidem
1075 1958 1105 2004 et
1129 1944 1246 2006 eodem
1270 1957 1326 2006 ten

152 2052 360 2114 Ambrosium
386 2065 417 2113 et
440 2050 641 2112 Anthonium
671 2049 880 2132 procedentes
910 2051 1014 2111 testati
1039 2065 1123 2128 sunt,
1148 2064 1182 2111 ut
1204 2069 1279 2111 cum
1305 2071 1325 2112 n

152 2159 270 2220 sarium
288 2157 384 2220 fuerit
403 2157 464 2240 juri
489 2157 636 2219 adessent
664 2157 844 2237 seriemque
868 2156 971 2217 tocius
995 2157 1039 2218 rei
1064 2157 1198 2238 juridice
1223 2169 1255 2218 et
1278 2155 1322 2219 fid

152 2279 345 2328 enarrarent.

257 2369 425 2432 Secundus
448 2368 536 2431 testis
560 2368 744 2430 Anthonius
767 2369 944 2452 procedens
968 2367 1182 2452 pariformiter
1206 2369 1239 2430 in
1264 2389 1326 2432 omi

150 2477 292 2538 articulis
315 2491 344 2537 et
367 2476 492 2558 punctis
516 2490 646 2536 testatus
663 2490 708 2536 cst
734 2490 767 2537 ut
785 2491 815 2537 et
838 2477 969 2558 primus,
988 2476 1086 2537 nichil
1104 2495 1161 2537 nec
1178 2475 1326 2538 addenda

151 2582 373 2644 diminuendo

757 2784 796 2854 11.

563 2935 786 3014 (Annotatt'ones
809 2936 989 3017 historicae).

256 3082 335 3141 Ann.
360 3076 452 3158 1476.
478 3076 511 3137 ln
537 3097 623 3138 anno
648 3077 779 3138 Domini
805 3078 980 3138 millesimo
1006 3077 1326 3160 quadringentesimo

149 3184 329 3264 tuagesimo
354 3198 454 3260 sext0,
480 3183 540 3244 isto
565 3203 650 3244 anno
675 3184 851 3245 combussit
876 3183 1065 3268 Chalapya¹
1091 3183 1243 3249 Crisium.

256 3293 447 3366 Ann.1521.
472 3293 568 3350 Anno
593 3290 725 3351 Domini
759 3290 932 3351 millesimo
964 3291 1225 3372 quingentesimo
1257 3293 1326 3376 vige

150 3396 265 3477 prim0,
290 3408 379 3476 capta
405 3409 452 3457 est
475 3416 532 3477 per
557 3396 708 3458 Cesarem
734 3392 936 3458 Thurcaium
956 3398 1009 3459 illa
1028 3399 1229 3460 nobilissima
1253 3415 1287 3462 et
1312 3421 1326 3464 n

149 3503 269 3564 tissima
294 3503 403 3563 civitas
428 3504 645 3565 Nandoralba.

255 3609 335 3669 Aren.
360 3623 448 3684 1522.
479 3613 575 3670 Anno
601 3609 733 3669 Domini
759 3609 933 3672 millesimo
965 3612 1226 3693 quingentesimo
1256 3613 1326 3695 vige

149 3714 291 3776 secundo
317 3712 376 3775 fuit
400 3729 481 3776 terre
506 3729 613 3776 motus
638 3734 782 3795 magnus.

253 3823 446 3896 Aan.1526.
480 3824 576 3881 Anno
602 3821 731 3881 Domini
767 3822 940 3883 millesimo
973 3824 1231 3904 quingentesimo
1256 3825 1326 3908 vige

149 3939 247 3988 sexto.
274 3926 328 3986 Pie
347 3928 502 3988 memorie
521 3927 706 3988 Ludouicus
724 3948 776 3987 rex
800 3928 966 4009 Hungarie
992 3930 1022 3989 in
1042 3948 1157 4010 campo
1183 3929 1324 3992 Mohach

149 4032 286 4093 maxima
311 4033 518 4094 multitudine
544 4033 801 4095 Christianorum
819 4035 924 4115 periit,
951 4034 1049 4096 Cesar
1073 4049 1180 4096 autem
1207 4035 1326 4097 Thurca

149 4159 221 4202 cum
245 4141 394 4201 trecentis
419 4141 562 4202 millibus
580 4140 748 4201 hominum
766 4141 923 4221 peditum,
947 4143 1180 4223 armigerorum
1199 4156 1230 4202 et
1254 4144 1326 4225 equi

149 4247 238 4327 quasi
263 4260 364 4308 totam
390 4247 589 4328 Hungariam
608 4267 707 4330 prope
732 4248 917 4308 Danubium
936 4249 1045 4328 gladio
1071 4262 1101 4309 et
1125 4249 1197 4328 igne
1223 4247 1326 4310 devas

149 4352 376 4434 civitatemque
400 4354 582 4415 Budensem
609 4369 640 4416 et
669 4354 977 4434 Quinqueecclesias
1009 4355 1092 4436 ignis
1115 4355 1267 4417 incendio
1291 4376 1326 4437 gr

147 4459 230 4519 simo
254 4461 462 4543 consumpsit,
494 4461 705 4541 hominesque
738 4462 904 4542 utriusque
936 4482 1030 4525 sexus
1063 4482 1099 4523 ex
1133 4462 1301 4542 Hungaria

148 4585 244 4647 quam
270 4567 504 4649 quinquaginta
529 4568 629 4629 millia
648 4568 816 4629 hominum
835 4588 908 4630 cum
933 4569 1111 4651 t(h)ezauro
1129 4566 1255 4629 infinito
1280 4589 1326 4652 par

148 4672 242 4734 rediit
267 4687 297 4734 et
320 4694 428 4734 secum
454 4675 595 4736 abduxit.

254 4853 267 4882 *
288 4837 378 4902 delabi
397 4854 467 4917 pesa.
