3142 5356
554 381 640 440 Auno
665 392 754 458 1397.
1239 402 1280 465 99

68 611 93 653 n
127 591 224 653 aliam
261 592 389 652 vineam
427 612 523 673 super
556 592 708 672 (hlortum
746 594 890 654 eiusdem
926 594 1099 656 Karberine
1131 595 1284 674 habitam,

71 718 147 760 ome
171 699 298 761 literato
323 697 391 759 lilio
417 698 478 780 lsip
504 713 534 759 et
565 699 664 760 Eleae
691 698 754 760 lilie
788 720 844 760 sue
869 702 1132 764 testamentaliter
1156 702 1284 783 legavit,

68 823 164 886 tpore
189 804 265 866 dicti
291 803 457 865 iohannis.

123 911 201 972 ltem
226 910 346 972 Mathei
372 909 467 971 frater
494 910 608 971 Paulas
633 912 778 973 vendidit
806 932 895 974 suam
921 927 1036 975 terram
1063 914 1193 975 Vrbaoo
1218 934 1283 976 car-

68 1017 112 1093 ci,
137 1031 284 1098 tempore
309 1017 384 1078 dicti
411 1015 576 1078 iohannis.

121 1124 200 1186 ltem
226 1144 339 1185 omnes
361 1125 434 1185 lites
453 1124 571 1185 Mathei
597 1123 737 1185 decanus
761 1139 791 1186 et
809 1125 990 1187 Perthlinus
1015 1126 1179 1207 hucusque
1198 1127 1281 1188 inter

68 1251 100 1293 os
125 1230 252 1292 habitas
275 1231 468 1292 sedaverunt
491 1244 521 1291 et
545 1245 805 1312 postposuerunt,
823 1245 934 1294 mutua
960 1232 1178 1294 vicissitudine
1203 1233 1283 1294 alter

68 1357 151 1400 erum
178 1338 407 1398 commiserunt
433 1337 599 1418 expeditos
623 1357 717 1418 super
742 1339 893 1399 omnibus
920 1337 1020 1417 lactis,
1045 1353 1189 1421 tempore
1207 1339 1282 1400 dicti

68 1445 181 1507 tannis.

119 1551 199 1612 Item
226 1549 404 1630 Gregorius
436 1563 537 1610 sartor
571 1549 659 1611 dedit
692 1569 791 1610 unum
817 1570 910 1611 suum
944 1550 1169 1612 molendinum
1203 1550 1281 1613 Gre-

68 1658 103 1718 io
129 1655 265 1718 Scurtha
289 1675 348 1737 pro
366 1656 506 1736 quadam
532 1676 587 1716 sua
613 1656 706 1716 vinea
727 1657 756 1716 in
779 1657 1017 1734 concambium,
1040 1671 1187 1738 tempore
1204 1656 1280 1719 dicti

72 1782 183 1826 annis.

226 1885 392 1967 Tempore
418 1888 552 1947 banatus
584 1886 708 1947 domini
734 1886 859 1947 Nicolai
885 1886 924 1947 de
950 1885 1068 1963 Gara,

170 2011 342 2072 regnorum
378 1993 567 2068 Sclauonie,
603 1993 765 2053 Dalmacie
799 2006 829 2053 et
862 1990 995 2053 Croacie
1028 1993 1113 2053 bani.

118 2114 197 2176 ltem
232 2134 290 2175 nos
323 2116 538 2176 communitas
570 2116 706 2176 civitatis
738 2115 857 2176 montis
890 2114 1083 2176 Grechensis
1107 2115 1138 2174 in
1171 2129 1281 2177 nostro

72 2220 158 2282 erali
184 2221 319 2282 consilio
338 2222 420 2282 inter
445 2242 504 2282 nos
520 2241 616 2303 super
633 2221 694 2282 hiis
711 2235 833 2282 mature
852 2220 1029 2282 deliberato
1047 2221 1281 2298 constituimus,

68 2326 218 2388 revimus
242 2327 297 2387 tali
326 2327 442 2388 modo:
481 2328 578 2400 Quod
604 2328 679 2409 quia
713 2327 895 2409 Stephanus
919 2327 1022 2388 dictus
1045 2327 1139 2388 Virus
1170 2328 1281 2389 castel·

68 2453 103 2494 as
131 2432 170 2492 de
196 2448 299 2494 castro
319 2434 496 2495 Medueuar
520 2455 555 2495 ac
574 2435 736 2496 lohannes
761 2434 846 2495 lilius
871 2434 999 2496 Martini
1018 2433 1281 2495 vicecastellanus

71 2540 165 2600 dicto
191 2554 304 2615 castr0,
329 2541 455 2600 decimo
474 2540 524 2601 die
550 2555 622 2622 post
640 2540 755 2602 festum
774 2541 956 2603 Nativitatis
972 2540 1106 2620 virginis
1128 2541 1279 2620 gloriose,

68 2645 185 2706 vidum
219 2645 323 2706 virum
357 2646 528 2706 dominum
562 2647 740 2708 Johannem
767 2646 868 2707 lilium
903 2647 1055 2728 Stephani
1080 2646 1155 2708 dicti
1182 2647 1279 2724 Bozo,

92 2766 171 2813 tunc
196 2750 335 2831 judicem
362 2752 445 2813 dicte
480 2753 617 2813 civitatis
641 2773 779 2814 unacum
811 2753 882 2814 aliis
907 2753 1049 2814 eiusdem
1075 2753 1180 2831 sociis,
1204 2771 1279 2814 con·

74 2860 136 2919 bus
168 2857 252 2918 dicte
284 2858 430 2935 civitatis,
464 2859 630 2920 invitando
664 2859 794 2920 eosdem
828 2859 866 2919 ad
902 2878 1002 2919 unum
1036 2857 1205 2939 prandium
1239 2856 1278 2918 ad

68 2980 137 3027 tum
164 2979 313 3043 castrum,
331 2967 546 3027 assecurando
565 2966 695 3027 eosdem
712 2966 775 3028 fide
801 2967 942 3048 ipsorum
960 2966 1140 3042 mediante;
1158 2979 1278 3027 etcum

95 3069 192 3151 judex
217 3090 280 3131 una
305 3091 377 3131 cum
403 3072 474 3132 aliis
498 3073 563 3132 suis
587 3073 682 3133 sociis
706 3072 745 3133 ad
770 3072 872 3133 dictos
893 3071 1034 3154 hospites
1057 3071 1278 3133 transivissent

68 3178 189 3238 dictum
215 3191 352 3238 castrum
388 3178 566 3256 intrassent,
598 3193 672 3239 tunc
705 3179 780 3239 dicti
814 3178 1006 3239 castellanus
1030 3191 1061 3239 et
1094 3177 1276 3239 vicecastel·

68 3303 104 3344 us
121 3281 262 3364 prelatos
279 3282 417 3361 judicem
436 3299 465 3344 et
483 3285 564 3345 alios
581 3305 655 3345 suos
672 3286 776 3345 socios
793 3284 1017 3365 hospitassent,
1034 3283 1276 3364 hospitatosque

68 3390 117 3451 tim
143 3388 226 3450 lacto
244 3390 380 3471 prandio
398 3391 620 3471 captivassent,
639 3406 669 3451 et
694 3393 733 3452 ab
752 3391 867 3452 eodem
893 3389 997 3469 judice
1023 3389 1166 3470 sigillum
1183 3407 1277 3449 suurn

68 3496 149 3557 dicte
175 3495 310 3557 civitatis
334 3498 541 3577 recepissent,
574 3517 609 3557 ac
643 3497 751 3557 omnia
777 3499 861 3557 bona
897 3497 1040 3577 ipsorum
1065 3496 1195 3570 civium,
1219 3514 1277 3576 pro

69 3622 185 3684 cergu
218 3603 304 3684 ipsos
336 3602 454 3680 habita,
492 3604 695 3683 recepissent,
729 3617 904 3684 captosque
929 3602 968 3663 ad
1002 3603 1187 3662 tenebrosas
1211 3619 1277 3660 car·

68 3728 97 3769 es
122 3709 304 3790 posuissent
331 3724 360 3769 et
395 3725 468 3770 octo
493 3709 608 3769 diebus
640 3710 802 3770 continuis
827 3710 857 3769 in
884 3709 976 3769 dictis
1010 3707 1189 3768 carceribus
1213 3727 1276 3767 ser·

68 3829 155 3891 sent,
192 3813 350 3895 prelatum
384 3836 459 3876 vero
492 3815 633 3895 sigillum
667 3817 786 3897 portari
822 3814 971 3875 iecissent
1004 3834 1059 3895 per
1096 3813 1166 3874 loca
1202 3813 1277 3894 ipsis

71 3940 151 4002 grua
177 3921 338 3997 hincinde,
378 3936 407 3980 et
432 3921 571 3982 eundem
596 3921 738 4001 sigillum
773 3941 938 4001 nunquam
963 3920 1084 3981 restitui
1111 3933 1277 3981 curassent

68 4046 122 4087 nec
149 4027 378 4102 restituissent;
404 4029 477 4088 ideo
495 4047 554 4088 nos
578 4027 699 4108 prelata
718 4028 933 4089 communitas
957 4025 1114 4108 prelatum
1132 4025 1274 4106 sigillum

68 4133 232 4194 amisimus
249 4131 317 4194 fore
343 4134 408 4194 suis
426 4135 545 4194 viribus
563 4135 737 4194 cariturum
762 4153 797 4193 ac
814 4152 927 4193 omnes
951 4132 1057 4192 literas
1081 4133 1140 4192 sub
1158 4131 1273 4191 eodem

69 4238 115 4300 llo
140 4253 315 4317 emanatas,
340 4253 403 4299 tam
437 4255 508 4299 ante
542 4239 763 4320 recepcionem
796 4238 895 4319 ipsius
923 4237 1033 4318 sigilli,
1066 4255 1164 4317 quam
1189 4250 1274 4317 post·

68 4345 143 4406 dum
178 4347 236 4405 sub
262 4347 520 4426 quibuscumque
558 4346 639 4405 datis
673 4360 776 4404 essent
808 4358 965 4420 emanate,
997 4362 1108 4425 ymmo
1140 4342 1273 4402 omnino

68 4471 197 4513 ocamus
222 4451 359 4532 prelatas
383 4453 491 4513 literas
516 4454 574 4512 sub
600 4451 715 4512 eodem
741 4451 847 4530 sigillo
873 4451 961 4511 latas.

636 4677 747 4695 §onnon——
