3142 5356
685 349 771 405 Anno
794 357 884 424 1437.
1354 364 1416 427 299

152 559 218 620 tina
236 558 319 620 inter
335 570 451 619 terram
474 558 649 619 liberorum
668 558 805 620 condam
824 558 915 619 Pauli
932 557 989 620 filii
1008 558 1138 642 Endrey
1154 572 1185 620 et
1203 558 1283 621 inter
1301 573 1416 620 terram

155 679 263 727 nostre
289 665 530 726 communitatis
554 665 584 725 in
619 664 731 726 eadem
757 664 892 726 Tratina
916 663 1034 743 habita,
1064 679 1186 746 septem
1211 664 1313 725 dietas
1336 677 1419 727 terre

159 772 189 831 in
223 790 257 831 se
288 770 483 841 continente.
508 789 605 851 quam
630 769 761 832 domina
787 769 886 831 Elena
912 770 1020 831 relicta
1045 768 1183 831 condam
1210 770 1295 831 Petri
1322 768 1417 833 freni-

154 877 239 958 paris
250 895 335 937 nunc
352 889 458 938 autern
476 895 607 937 consors
624 874 717 958 Gyan
735 896 791 938 seu
805 876 959 938 Jobanois
971 873 1029 937 filii
1044 874 1187 957 Georgii,
1206 895 1243 936 ex
1259 895 1417 938 consensu

153 983 288 1064 predicti
314 980 407 1064 Gyan
433 981 557 1043 domini
583 995 614 1044 et
637 982 741 1043 mariti
774 982 821 1043 sui
847 981 996 1064 legittimi
1028 1002 1065 1043 ac
1089 982 1269 1043 vicinorum
1293 982 1417 1064 predic-

153 1103 261 1150 torum
284 1087 430 1149 vendidit
454 1085 577 1170 prefato
602 1087 696 1150 Petro
732 1087 829 1168 judici
855 1101 964 1149 nostro
993 1087 1150 1149 moderno
1175 1085 1242 1148 filio
1266 1087 1357 1149 Pauli
1382 1108 1418 1149 ac
1507 1087 1509 1089 '

153 1215 210 1277 per
235 1213 308 1255 eum
333 1195 399 1255 suis
423 1193 597 1255 heredibus
621 1207 777 1276 perpetuo
802 1192 1041 1275 possidendam.

260 1301 336 1362 item
362 1301 453 1363 litera
472 1300 712 1361 communitatis
736 1302 794 1361 sub
820 1299 972 1382 pendenti
990 1299 1097 1381 sigillo
1118 1299 1356 1361 communitatis
1372 1313 1419 1361 est

154 1405 300 1468 confecta
325 1421 356 1468 et
380 1421 527 1468 emanata
551 1426 647 1488 super
665 1406 803 1488 quadam
829 1406 922 1467 vinea
948 1405 980 1466 in
997 1405 1157 1467 territorio
1183 1406 1319 1468 civitatis
1336 1406 1419 1468 inter

151 1514 280 1573 vineam
306 1510 438 1593 Georgii
463 1510 520 1573 filii
547 1511 630 1572 Petri
656 1511 731 1573 dicti
752 1511 936 1594 Wlkanych
962 1510 1001 1572 de
1027 1511 1217 1594 Petrowyna
1243 1525 1274 1573 et
1297 1511 1417 1573 Vrbani

151 1619 243 1696 jurati
270 1639 306 1679 ac
331 1619 507 1680 liberorum
532 1618 669 1679 condam
695 1618 783 1679 Pauli
817 1618 892 1680 dicti
918 1617 1052 1702 Frawyn
1077 1617 1196 1695 habita,
1234 1617 1413 1700 desupera

150 1726 202 1786 via
228 1706 392 1786 communi
418 1739 448 1785 et
472 1722 554 1785 infra
572 1743 672 1805 usque
698 1725 815 1786 vallem
840 1744 896 1785 seu
914 1724 1083 1786 decursum
1108 1744 1191 1806 aque
1216 1724 1365 1806 pluvialis
1381 1744 1415 1787 se

151 1831 364 1909 extendente,
405 1850 468 1912 que
507 1829 644 1892 condam
677 1830 744 1891 Juri
776 1830 902 1911 gibbosi
935 1845 966 1892 et
998 1830 1130 1913 Agyche
1169 1851 1226 1893 sue
1257 1831 1414 1893 consortis

151 1935 331 2020 prefuisset,
356 1951 386 1998 et
410 1950 481 2019 post
505 1936 629 1998 obitum
655 1936 796 2019 ipsorum
830 1935 1053 1999 deficientibus
1077 1952 1107 1998 et
1131 1937 1266 1999 omnino
1290 1938 1330 1998 ab
1355 1936 1414 1999 hac

151 2044 222 2105 luce
257 2043 395 2104 decessis
426 2042 535 2104 liberis
558 2056 589 2104 et
620 2042 791 2104 heredibus
823 2057 853 2105 et
882 2043 1026 2123 cognatis
1058 2043 1202 2125 ipsorum
1238 2062 1416 2126 supernos

152 2169 209 2211 seu
235 2149 500 2210 communitatem
533 2162 673 2210 nostram
699 2147 784 2228 juata
816 2162 965 2210 contenta
998 2148 1241 2231 privilegiorum
1267 2163 1298 2211 et
1321 2149 1417 2221 liber·¹

151 2269 253 2318 tatum
280 2268 461 2317 nostrarum
486 2255 544 2317 rite
569 2268 600 2316 et
624 2254 781 2335 legittime
804 2254 955 2317 devoluta
980 2255 1143 2334 extitisset,
1168 2275 1264 2336 quam
1290 2255 1417 2317 vineam

151 2361 367 2424 communitas
391 2361 537 2423 vendidit
562 2361 705 2442 predicto
726 2360 869 2443 Georgio
893 2381 951 2444 pro
969 2362 1078 2424 decem
1105 2375 1136 2425 et
1152 2376 1225 2424 octo
1250 2361 1319 2426 flor.
1348 2363 1416 2424 auri

150 2487 318 2530 assumens
342 2467 447 2550 ipsum
474 2465 652 2548 Georgium
678 2482 709 2529 et
733 2487 809 2529 suos
826 2468 958 2530 heredes
982 2483 1091 2530 contra
1116 2468 1278 2550 quoslibet
1302 2469 1416 2552 inpeti-

151 2586 236 2635 tores
262 2574 293 2634 in
318 2573 416 2655 pleno
440 2588 470 2633 et
494 2570 629 2655 pacifico
654 2573 801 2635 dominio
833 2574 914 2636 tueri
940 2587 971 2636 et
994 2572 1164 2637 defensare
1189 2573 1328 2657 propriis
1351 2575 1417 2637 suis

149 2679 316 2741 laboribus
340 2692 371 2740 et
394 2679 551 2761 expensis.

255 2784 333 2847 item
358 2783 436 2847 feria
460 2785 557 2846 tercia
574 2785 719 2866 proxima
737 2799 809 2868 post
826 2783 941 2847 festum
959 2785 1184 2868 Deposicionis
1200 2787 1301 2850 sancti
1320 2787 1416 2850 Ladi-

150 2892 209 2953 slai
234 2892 317 2974 regis
341 2906 387 2955 est
416 2891 554 2974 sigillata
571 2892 661 2953 litera
684 2893 924 2954 communitatis
940 2892 1048 2973 sigillo
1073 2892 1216 2954 eiusdem
1235 2895 1416 2956 communi·

150 2999 224 3060 tatis
248 3018 306 3080 pro
331 3012 420 3080 parte
444 2998 503 3058 viri
521 2997 646 3080 providi
672 3012 704 3059 et
727 2997 948 3080 circumspecti
966 2998 1080 3059 Briccii
1098 2997 1214 3079 judicis
1238 2997 1296 3060 filii
1314 2998 1415 3060 Bene·

150 3105 227 3167 dicti
251 3125 347 3187 super
372 3104 471 3166 domo
496 3119 528 3166 et
560 3102 661 3165 fundo
695 3105 789 3166 unius
813 3105 936 3186 integre
961 3105 1048 3166 curie
1080 3125 1116 3166 sc
1140 3105 1264 3166 celariis
1289 3105 1416 3169 duobus

152 3224 183 3273 et
207 3209 364 3272 hedificiis
387 3209 492 3271 eidem
518 3211 576 3271 sub
606 3224 637 3271 et
668 3210 987 3292 superadjacentibus
1018 3211 1049 3271 in
1075 3211 1158 3273 dicta
1182 3212 1309 3273 civitate
1334 3213 1415 3274 inter

151 3318 267 3380 domos
291 3332 322 3380 et
346 3315 464 3379 fundos
495 3315 608 3399 prefati
642 3317 756 3378 Briccii
785 3316 900 3397 judicis
932 3332 963 3380 et
988 3317 1141 3400 Stephani
1167 3318 1242 3380 dicti
1268 3319 1334 3380 Ban
1359 3317 1414 3380 ha-

149 3424 227 3503 bita,
250 3442 347 3504 quam
373 3423 589 3485 communitas
613 3423 691 3504 pari,
725 3423 869 3484 unanimi
896 3438 926 3484 et
958 3424 1111 3485 concordi
1136 3423 1303 3485 voluntate
1328 3443 1414 3486 com-

152 3530 242 3592 muni
267 3530 361 3591 certis
385 3529 666 3610 racionalibusque
695 3529 733 3589 de
757 3530 859 3590 causis
883 3550 1025 3606 acensu,
1050 3543 1209 3611 proventu
1233 3543 1264 3592 et
1279 3529 1415 3592 servicio

149 3657 185 3698 ac
209 3656 307 3698 onere
332 3636 567 3718 quinquaginta
596 3635 757 3696 funtarum
783 3635 848 3696 olei
880 3636 1034 3697 ammodo
1059 3651 1089 3697 et
1113 3635 1266 3717 deinceps
1289 3637 1415 3718 penitus

150 3745 347 3820 libertantes,
371 3743 477 3804 eidem
505 3743 628 3804 Briccio
661 3742 758 3822 judici
784 3763 842 3825 pro
868 3742 1081 3824 quadraginta
1115 3743 1222 3804 minus
1247 3762 1312 3804 uno
1345 3742 1414 3806 flor.

149 3851 218 3912 auri
244 3850 389 3911 vendidit
412 3863 568 3932 perpetuo
593 3849 693 3910 libere
714 3849 944 3930 possidendam
969 3864 999 3911 et
1025 3849 1332 3931 quomodocumque
1359 3870 1413 3912 vo·

149 3957 245 4018 luerit
269 3955 516 4039 disponendam.

247 4177 330 4247 item
359 4176 444 4246 seria
474 4184 573 4247 sexta
603 4174 633 4246 in
664 4175 750 4246 testo
779 4173 909 4246 scilieet
938 4174 1168 4246 conversionis
1206 4174 1315 4247 sancti

639 4297 734 4369 Pauli
764 4299 920 4387 apostoli.

553 4452 615 4527 (25.
632 4453 781 4528 januarii,
805 4471 876 4513 ann.
901 4453 1002 4530 1437).

255 4593 332 4654 item
359 4592 508 4673 magister
534 4593 695 4654 Johannes
726 4592 862 4653 oculista
894 4589 978 4652 filius
1003 4591 1147 4653 Conradi
1173 4591 1348 4653 Panczerer
1372 4591 1412 4654 de

148 4698 342 4761 Constancia
366 4713 396 4758 et
415 4697 588 4760 Katherina
606 4718 661 4759 sua
687 4718 827 4775 consors,
845 4698 1007 4779 quandam
1027 4697 1159 4758 domum
1187 4717 1298 4759 eorum
1317 4698 1413 4760 simul

147 4824 221 4866 curn
246 4803 347 4865 fundo
373 4819 402 4865 et
434 4803 589 4867 hedificiis
623 4806 653 4866 in
680 4805 762 4866 dicta
796 4805 923 4866 civitate
947 4805 1029 4866 inter
1062 4804 1195 4865 domurn
1221 4819 1251 4866 et
1275 4804 1411 4866 fundum
