3156 5364
223 491 281 556 180
599 496 796 568 Anno1509.
820 528 864 536 -
888 508 935 554 12.
951 494 1106 570 januarii.

268 712 366 786 Pesla
395 713 501 786 tescia
529 717 682 802 proxima
711 722 789 784 ante
814 711 939 783 testam
970 709 1167 783 Nativitatis
1196 712 1294 783 beate
1325 704 1439 784 llarie

695 857 825 924 semper
853 837 1007 923 virginis.

720 993 753 1064 (5
757 1035 762 1048 .
787 987 977 1063 septembrii).

322 1131 499 1214 Gregorius
522 1145 612 1192 sutor
638 1131 677 1192 ad
703 1131 893 1192 instanciam
915 1128 1041 1191 Nicolai
1061 1129 1257 1210 Merzloclep
1282 1129 1431 1191 secundo
1451 1131 1496 1192 ci-

213 1251 297 1300 tatus
320 1258 385 1299 non
410 1238 603 1320 comparuit.

310 1475 406 1549 Faria
434 1469 543 1548 tercia
570 1469 725 1566 proxima
754 1483 831 1547 ante
859 1467 1090 1548 Exaltacionis
1120 1484 1237 1546 sancte
1266 1473 1395 1548 Crucis.

715 1630 776 1706 (12.
801 1629 984 1704 septembris).

326 1771 431 1834 Causa
456 1771 538 1832 inter
562 1769 673 1832 iratres
689 1771 788 1832 sancti
813 1770 937 1832 Nicolai
959 1773 1079 1832 abuma
1104 1790 1140 1831 ac
1159 1771 1368 1832 Dominicum
1386 1771 1492 1834 Pero·

165 1941 167 1946 ,
219 1876 310 1959 wycb
337 1880 377 1938 ab
402 1876 500 1938 altera
524 1876 653 1938 racione
678 1876 845 1938 cuiusdam
870 1876 950 1938 silve
975 1896 1072 1957 quam
1098 1876 1235 1938 condam
1261 1875 1492 1961 Matheynicza

218 1997 332 2045 vocata
357 1981 488 2065 prefatis
512 1981 663 2044 fratribus
687 1982 847 2060 donasset,
871 1996 967 2065 prout
999 1982 1060 2043 hoc
1085 1983 1332 2064 comprobatum
1358 1997 1417 2061 est,
1443 1985 1492 2064 ju·

218 2090 276 2151 rati
302 2089 538 2170 adjudicarunt,
563 2088 652 2169 quod
676 2109 713 2148 ex
737 2107 804 2170 quo
828 2088 912 2149 dicta
941 2087 1165 2169 Matheynicza
1190 2087 1311 2148 eisdem
1337 2086 1493 2150 trarribus

219 2196 395 2259 literatorie
420 2196 570 2258 donasset
594 2209 625 2257 et
649 2195 799 2273 dedisset,
823 2197 865 2256 ob
890 2194 949 2255 boc
978 2194 1077 2255 iidem
1109 2192 1221 2256 iratres
1245 2194 1353 2255 literas
1377 2215 1491 2277 super-

220 2303 295 2365 inde
332 2302 510 2384 producere
547 2302 683 2380 debent,
716 2301 880 2384 productis
912 2302 1020 2382 itaque
1052 2300 1238 2361 huiusmodi
1270 2301 1372 2362 literis
1405 2302 1491 2363 dicte

218 2409 444 2492 Matbeynicza
468 2423 580 2470 vocate
604 2423 636 2471 et
659 2429 757 2491 penes
774 2421 875 2469 metas
899 2408 931 2468 in
954 2406 1074 2468 eisdem
1099 2407 1200 2468 literis
1223 2405 1341 2467 habitis
1365 2406 1491 2469 eisdem

217 2515 367 2579 fratribus
388 2515 632 2596 adjudicarunt;
658 2530 793 2597 utraque
817 2535 890 2597 pars
914 2514 954 2576 de
978 2513 1099 2595 judicio
1115 2512 1293 2594 juratorum
1318 2533 1384 2574 non
1412 2533 1491 2575 con·

221 2637 309 2684 tenta
332 2622 388 2683 sed
413 2622 659 2704 appellaverunt
682 2622 722 2684 ad
747 2623 889 2683 seniores
913 2620 1045 2701 judices.

325 2726 449 2789 Eodem
475 2727 527 2789 die
545 2748 639 2790 causa
662 2728 743 2789 inter
769 2727 947 2808 Georgium
965 2726 1147 2807 selliparem
1172 2739 1203 2786 et
1219 2726 1357 2787 alterum
1383 2723 1491 2788 Geor·

216 2835 305 2915 gium
343 2833 511 2896 Mandlecz
546 2835 674 2896 racione
707 2834 909 2896 vendicionis
943 2832 1111 2895 cuiusdam
1147 2846 1248 2911 terre,
1284 2830 1394 2893 fenilis
1432 2854 1493 2895 seu

218 2940 339 3021 (hlorti,
371 2942 519 3021 quamvis
551 2940 692 3023 prelatus
724 2940 893 3002 Mandlecz
927 2941 1014 3021 prius
1047 2939 1132 3001 dicto
1166 2938 1309 3020 Georgio
1342 2941 1492 3023 sellipari

219 3066 326 3109 coram
354 3047 447 3108 certis
470 3049 616 3129 personis
645 3048 834 3109 vendiderat
864 3047 1093 3129 perpetualiter
1124 3065 1231 3108 coram
1257 3046 1351 3107 certis
1374 3049 1493 3128 probis

216 3153 372 3235 personis,
396 3167 427 3214 et
443 3167 555 3235 expost
567 3174 646 3216 uxor
659 3154 734 3215 dicti
753 3153 920 3215 Mandlecz
937 3153 1066 3215 easdem
1084 3153 1266 3215 inhibuerat
1278 3167 1376 3235 prout
1402 3155 1491 3216 libe-

219 3261 293 3339 rior,
318 3274 349 3321 et
372 3261 502 3322 tandem
528 3261 639 3322 eadem
665 3281 744 3322 uxor
769 3261 844 3322 dicti
864 3259 997 3341 Georgii
1022 3260 1061 3320 ad
1088 3280 1202 3321 manus
1218 3260 1340 3321 alienas
1357 3261 1492 3343 pignori

217 3386 276 3449 pro
301 3366 413 3427 eadem
439 3367 574 3448 pecunia
600 3387 658 3449 pro
682 3387 746 3448 qua
764 3367 893 3428 fuerunt
917 3379 1022 3448 empte
1039 3367 1221 3446 tradiderat,
1239 3366 1333 3447 jurati
1358 3368 1492 3449 adjudi-

217 3487 339 3551 carunt,
365 3473 453 3553 quod
477 3494 513 3534 ex
532 3493 597 3554 quo
614 3493 720 3555 neque
733 3473 857 3534 vicinus
874 3487 904 3534 et
920 3492 1026 3553 neque
1043 3473 1335 3554 consaguineorum
1360 3474 1485 3556 aliquis

219 3593 265 3641 est
298 3579 401 3640 dictus
425 3594 606 3660 postremus
639 3593 774 3660 emptor,
807 3579 881 3640 ideo
913 3579 999 3639 dicto
1024 3577 1166 3660 Georgio
1199 3580 1340 3661 sellipari
1366 3582 1489 3644 eodem

217 3685 316 3746 modo
341 3685 432 3746 sicuti
458 3699 640 3766 postremus
664 3700 789 3767 emptor
807 3685 925 3745 servari
950 3684 1129 3746 dinoscitur
1145 3685 1332 3746 liberiorem
1356 3687 1474 3768 adjudi

218 3811 345 3867 camus;
369 3789 510 3872 prefatus
534 3811 610 3854 vero
636 3790 795 3871 Georgius
820 3790 988 3852 Mandlecz
1014 3811 1079 3852 non
1104 3805 1273 3853 contentus
1297 3792 1337 3852 de
1360 3791 1490 3872 judicio

217 3897 393 3978 juratorum
419 3898 474 3958 sed
499 3898 674 3979 appellavit
701 3898 740 3958 ad
769 3898 912 3959 seniores
935 3897 1067 3979 judices.

326 4005 449 4066 Eodem
473 4005 525 4066 die
543 4005 627 4066 lwan
646 4005 766 4085 juratus
783 4004 822 4066 ad
846 4005 1034 4066 instanciam
1060 4005 1188 4068 Thome
1206 4006 1361 4068 institoris
1379 4009 1493 4089 primo

217 4111 331 4173 citatus
354 4131 419 4173 non
445 4114 637 4193 comparuit.

230 4345 327 4420 Faria
355 4358 451 4420 sexta
481 4347 634 4438 proxima
663 4357 739 4437 post
768 4350 891 4420 festum
920 4351 1010 4421 beati
1040 4350 1136 4421 Pauli
1165 4353 1264 4438 primi
1294 4352 1473 4428 heremite.

616 4500 681 4581 (12.
697 4505 849 4580 januarii,
871 4523 941 4565 ann.
969 4503 1076 4585 1509).

324 4643 448 4705 Eodem
474 4643 525 4704 die
551 4642 726 4723 Gregorius
744 4643 911 4705 Thurcbin
931 4645 970 4705 ad
988 4645 1177 4707 instanciam
1197 4646 1367 4708 Elizabetb
1387 4650 1492 4714 vidue

218 4749 323 4831 primo
347 4750 462 4813 citatus
485 4770 549 4811 non
576 4750 767 4831 comparuit.

324 4855 402 4917 Item
426 4856 579 4916 Nicolaus
603 4855 852 4938 Kontheschyak
882 4857 921 4917 ad
947 4858 1134 4919 instanciam
1161 4858 1317 4940 Stephani
1344 4861 1491 4928 Kelche-

217 4961 310 5044 wych
334 4962 440 5043 primo
464 4977 494 5023 et
517 4963 659 5023 secundo
684 4963 798 5024 citatus
822 4982 887 5024 non
912 4965 1091 5045 comparuit
