3142 5356
150 313 209 374 180
658 310 762 387 ‚Anno
785 322 879 386 1429.

146 419 175 426 -
184 419 312 425 .—-—.-.
321 419 330 423 -
339 418 385 424 ---
425 418 437 423 --
484 416 535 423 —-
1188 413 1398 421 —————-

147 524 246 605 ipsius
271 522 397 582 Andree
423 522 539 582 sutoris
564 521 722 602 peticione
749 522 781 581 in
799 541 896 581 unam
922 535 1067 600 quartam
1093 521 1179 580 curie
1204 517 1340 580 fecimus
1363 538 1404 578 re·

147 628 294 703 dundari,
319 629 410 689 cuius
434 642 539 688 tamen
565 626 693 703 domus,
716 624 808 688 fundi
834 641 865 687 et
882 625 1106 687 hedificiorum
1131 626 1229 686 aliam
1254 638 1406 701 octavam,

147 734 209 812 jam
235 735 266 794 in
293 754 389 795 unam
415 749 561 815 quartam
579 734 665 794 curie
691 734 914 809 redundatam,
939 733 979 792 ab
998 733 1064 813 ipsa
1089 746 1177 812 parte
1202 731 1320 791 domus
1335 729 1406 790 dicti

149 841 278 903 Thome
304 841 470 918 Podoben,
496 841 653 901 Martinus
678 855 766 901 sutor
789 840 967 900 dinoscitur
991 839 1166 920 possidere.

262 1079 344 1149 ltem
373 1081 406 1148 in
435 1078 521 1150 festo
552 1075 806 1148 Purificacionis
835 1075 981 1165 gloriose
1010 1072 1152 1162 virginis
1181 1075 1298 1145 Marie.

663 1232 706 1303 (2.
723 1230 898 1304 februarii).

255 1372 332 1433 Item
360 1371 469 1432 Petrus
494 1371 598 1431 dictus
631 1371 726 1431 Moxa
760 1368 846 1430 filius
870 1368 952 1428 Petri
987 1367 1062 1429 dicti
1090 1366 1223 1448 Saphar,
1248 1366 1412 1427 cuiusdam

148 1492 230 1539 terre
256 1477 453 1558 porcionem,
473 1496 568 1537 unam
588 1490 711 1558 partem
729 1474 896 1537 cuiusdam
922 1488 1004 1535 terre
1030 1475 1112 1535 inter
1127 1487 1226 1534 terras
1250 1473 1283 1533 in
1301 1490 1412 1554 campo

148 1584 231 1646 dicte
257 1584 393 1645 civitatis
430 1583 511 1644 inter
534 1597 632 1643 terras
664 1582 812 1643 similiter
839 1582 976 1642 arabiles
1009 1580 1177 1662 hospitalis
1203 1580 1303 1640 nostri
1328 1598 1412 1639 com·

149 1691 256 1752 munis
280 1691 312 1751 in
337 1691 421 1752 dicta
453 1691 579 1751 civitate
613 1689 723 1768 habiti,
754 1711 770 1751 a
805 1704 893 1770 parte
918 1687 1108 1749 occidentali
1143 1687 1230 1762 sitas,
1254 1700 1286 1747 et
1318 1705 1416 1767 penes

149 1810 249 1858 terras
262 1797 472 1858 consimiliter
485 1796 621 1857 arabiles
634 1795 809 1857 liberorum
823 1815 879 1856 seu
893 1813 1113 1858 successorum
1130 1794 1269 1854 condam
1284 1792 1411 1853 Thome

151 1903 267 1963 sutoris
299 1903 373 1964 dicti
408 1902 614 1964 Gerdsewich
639 1923 655 1963 a
680 1917 767 1983 parte
799 1901 959 1978 orientali,
991 1921 1008 1961 a
1040 1901 1134 1982 plaga
1168 1918 1245 1960 vero
1278 1913 1418 1981 septem·

150 2009 278 2070 trionali
311 2023 342 2069 et
373 2030 389 2070 a
422 2008 626 2070 meridionali
658 2009 738 2069 inter
770 2009 849 2070 duas
880 2009 947 2068 vias
980 2026 1169 2068 communes
1201 2006 1349 2088 desuper,
1381 2019 1413 2065 et

150 2117 190 2177 ab
216 2113 295 2177 infra
320 2115 454 2177 fluvium
479 2115 518 2175 de
544 2115 707 2176 montibus
732 2117 876 2200 Zernyak
905 2115 1127 2176 decurrentem
1164 2113 1272 2174 habite
1297 2128 1327 2174 et
1351 2114 1414 2173 exi·

152 2221 273 2298 stentis,
299 2222 484 2301 porcionem
510 2221 660 2282 videlicet
693 2221 792 2302 ipsius
824 2220 963 2299 Andree,
988 2221 1093 2302 ipsum
1126 2219 1260 2301 juridice
1286 2238 1411 2280 concer-

151 2342 293 2402 nentem,
320 2328 490 2388 Valentino
515 2326 582 2388 filio
608 2328 762 2389 iohannis
795 2348 853 2409 pro
878 2328 1020 2389 serviciis
1044 2327 1144 2408 ipsius
1167 2325 1334 2387 Valentini
1359 2343 1411 2407 pet

153 2434 257 2514 ipsum
275 2432 361 2493 dicto
376 2433 502 2493 Andree
518 2434 670 2514 impensis
698 2433 786 2495 dedit
802 2447 833 2495 et
850 2433 986 2495 contulit
1003 2445 1158 2514 perpetuo
1176 2431 1410 2513 possidendam.

258 2536 335 2598 Item
350 2539 564 2599 communitas
577 2539 740 2619 quandam
759 2540 893 2601 domum
913 2540 943 2599 in
963 2539 1047 2600 dicta
1063 2539 1190 2599 civitate
1205 2538 1287 2598 inter
1304 2537 1412 2597 domos

154 2644 251 2705 Blasii
277 2643 433 2705 carnificis
457 2646 496 2704 ab
520 2664 582 2705 una
615 2658 713 2726 parte,
744 2647 783 2706 ab
816 2647 915 2707 altera
940 2664 1016 2705 vero
1042 2643 1195 2726 Stephani
1229 2643 1306 2705 dicti
1331 2642 1411 2705 Och-

152 2749 293 2812 thowich
311 2770 347 2811 ac
365 2751 539 2811 liberorum
557 2770 613 2811 seu
637 2771 856 2812 successorum
874 2751 1013 2813 condam
1030 2751 1128 2811 Blasii
1158 2749 1233 2810 dicti
1253 2748 1411 2811 Guschich

156 2857 308 2935 habitam,
325 2857 465 2918 mediam
490 2857 608 2917 curiam
636 2857 666 2917 in
684 2877 717 2919 se
742 2858 971 2935 continentem,
993 2877 1055 2938 que
1081 2856 1218 2918 condam
1243 2856 1413 2917 mulierum

154 2962 370 3025 maleficarum
397 2962 595 3044 Margarethe
621 2963 728 3024 relicte
753 2963 890 3024 condam
910 2963 1039 3045 Mathey
1063 2962 1221 3024 tributarii
1246 2977 1277 3023 et
1302 2962 1415 3045 Elyza·

154 3070 228 3132 beth
253 3069 317 3132 filie
342 3090 408 3147 sue,
433 3084 464 3130 et
488 3083 617 3150 propter
641 3070 741 3130 multa
765 3071 928 3150 sortilegia
952 3084 984 3132 et
1008 3069 1246 3131 incantaciones
1271 3089 1308 3130 ac
1343 3088 1415 3129 con·

154 3177 390 3238 cremacionem
416 3175 531 3236 stabuli
562 3175 618 3235 viri
645 3176 770 3256 providi
790 3175 941 3257 Stephani
968 3176 1116 3237 moderni
1134 3175 1228 3255 iurati
1253 3175 1329 3235 dicti
1350 3175 1412 3235 Ban

157 3303 219 3344 una
245 3302 318 3343 cum
344 3282 447 3343 bladis
472 3280 627 3360 eiusdem,
652 3301 708 3363 per
732 3282 816 3362 ipsas
848 3295 1053 3364 perpetratas,
1079 3297 1174 3363 prout
1198 3280 1311 3343 eedem
1337 3278 1416 3342 fasse

154 3405 227 3452 sunt
251 3388 429 3467 manifeste,
456 3404 584 3471 propter
601 3408 663 3469 que
688 3389 803 3450 merito
828 3408 944 3470 penam
963 3389 1046 3469 ignis
1062 3390 1240 3466 subierunt,
1266 3388 1304 3448 ad
1332 3407 1418 3448 com·

155 3517 268 3559 munes
293 3516 368 3556 usus
392 3510 423 3555 et
447 3496 678 3576 disposiciones
699 3497 757 3555 sub
775 3496 953 3557 continenti
979 3509 1010 3556 et
1037 3495 1190 3556 devoluta
1216 3495 1329 3573 extitit,
1355 3494 1418 3555 Do·

155 3605 275 3666 minico
301 3604 386 3664 dicto
413 3602 525 3663 Costcs
549 3600 695 3662 vendidit
719 3616 874 3682 perpetuo
899 3602 1139 3684 possidendam.

262 3711 338 3772 Item
364 3709 579 3770 communitas
611 3708 773 3789 quandam
806 3710 931 3769 vincam
967 3708 1153 3769 earumdem
1187 3706 1363 3767 mulierum
1388 3707 1420 3766 in

156 3818 317 3879 territorio
342 3816 478 3877 civitatis
510 3815 591 3875 inter
617 3815 726 3874 vineas
752 3815 889 3876 Emerici
925 3815 1013 3895 parvi
1038 3813 1095 3874 filii
1122 3812 1261 3873 Emerici
1287 3827 1317 3873 et
1343 3812 1419 3873 libe·

154 3943 262 3986 rorum
289 3922 425 3983 condam
445 3921 601 3982 Demetrii
620 3920 701 3999 nigri
720 3919 838 3996 habita,
856 3940 928 3981 cum
947 3920 1110 4001 premissis
1133 3918 1199 3979 suis
1215 3919 1420 4001 pertinenciis

154 4031 267 4093 eadem
305 4030 344 4090 de
378 4030 504 4090 racione
538 4026 703 4087 Anthonio
736 4040 766 4086 et
798 4027 971 4086 Ambrosio
1005 4025 1078 4087 filiis
1111 4024 1243 4105 Georgii
1277 4024 1421 4086 vendidit

153 4151 310 4221 perpetuo
337 4135 574 4217 possidendam.

190 4270 193 4277 ·
262 4244 337 4304 item
364 4244 464 4324 proba
488 4257 518 4303 et
543 4241 673 4301 honesta
701 4240 832 4300 domina
851 4244 958 4320 Agnes
982 4237 1047 4299 filia
1066 4237 1232 4299 Michaelis
1257 4252 1288 4299 et
1312 4238 1418 4299 relicta

156 4351 283 4433 Mathye
309 4347 465 4410 carnificis
490 4347 545 4408 filii
583 4347 764 4420 Laurencii,
799 4347 960 4426 quandam
996 4346 1129 4406 domum
1154 4363 1227 4405 cum
1254 4342 1357 4406 fundo
1388 4345 1418 4404 in

154 4459 281 4520 civitate
307 4457 389 4517 inter
415 4456 529 4515 domos
554 4468 584 4512 et
603 4451 720 4512 fundos
746 4451 922 4512 liberorum
941 4449 1133 4527 Trunthich,
1151 4450 1328 4511 liberorum
1346 4469 1417 4510 con·

154 4567 226 4626 dam
246 4565 374 4625 Thome
392 4563 466 4624 dicti
487 4563 552 4622 Ban
572 4559 724 4634 habitam,
745 4579 841 4618 unam
861 4571 1018 4639 quartam,
1036 4557 1175 4618 Martino
1199 4554 1267 4617 filio
1287 4555 1415 4636 Georgii

154 4673 288 4734 domino
314 4686 343 4731 et
368 4670 482 4730 marito
506 4687 565 4728 suo
590 4669 631 4726 ob
656 4685 798 4725 amorem
826 4666 948 4726 virilem
978 4685 1013 4724 ac
1039 4685 1075 4725 ex
1102 4664 1177 4745 ipsis
1201 4661 1414 4744 superviventi

153 4778 286 4839 donavit
309 4789 465 4859 perpetuo
491 4772 730 4855 possidendam.
