3142 5356
153 567 271 629 sutoris
301 565 456 642 habitam,
488 583 586 625 unam
619 578 765 645 quartam
797 565 884 626 curie
910 564 941 624 in
975 583 1008 624 se
1034 563 1269 640 continentem,
1295 561 1422 644 Mathye

153 673 253 735 sutori
278 670 346 734 filio
372 670 540 732 Michaelis
573 689 632 752 pro
656 669 771 752 viginti
805 686 878 733 octo
904 669 974 733 flor.
997 670 1066 731 auri
1091 689 1129 730 ex
1162 688 1326 731 consensu
1350 669 1422 731 vici·

154 798 270 840 norum
295 777 514 861 predictorum
539 775 687 838 vendidit
710 791 867 859 perpetuo
892 776 1133 860 possidendam.

261 884 338 946 Item
363 883 503 966 quedam
520 883 638 944 domus
662 896 693 945 et
709 880 829 944 fundus
852 903 888 945 ac
905 883 1061 944 celarium
1085 883 1333 944 subterraneum
1350 899 1420 943 cum

154 989 311 1053 hedificiis
334 991 366 1051 in
392 990 463 1051 vico
487 1005 597 1051 nostro
622 989 771 1051 exteriori
803 1003 964 1067 sutorum,
992 990 1075 1052 inter
1105 989 1223 1050 domos
1247 1002 1280 1051 et
1304 985 1423 1051 fundos

153 1099 297 1159 virorum
321 1096 531 1180 providorum
557 1095 641 1156 lwan
666 1095 745 1156 dicti
762 1095 848 1157 Baril
872 1109 904 1158 et
928 1095 1057 1158 Martini
1072 1095 1148 1157 dicti
1166 1095 1301 1178 Ztyzka,
1326 1113 1421 1156 unam

155 1219 302 1287 quartam
327 1202 414 1264 curie
440 1201 473 1262 in
497 1221 529 1262 se
548 1200 728 1279 continens,
752 1201 844 1263 cuius
869 1202 1074 1264 medietatem
1093 1200 1195 1262 Elena
1211 1200 1324 1263 relicta
1349 1219 1423 1263 con·

154 1310 227 1371 dam
253 1309 382 1371 Thome
407 1307 534 1384 sutoris,
560 1327 644 1368 nunc
668 1327 801 1369 consors
826 1306 960 1390 Georgii
986 1306 1230 1385 barbitonsoris‚
1256 1306 1423 1390 Stephano

154 1419 254 1478 sutori
279 1414 347 1476 filio
371 1411 458 1475 lwan
483 1432 541 1496 pro
567 1413 741 1475 duodecim
769 1413 839 1476 flor.
864 1414 933 1475 auri
959 1413 1105 1476 vendidit
1137 1426 1296 1496 perpetuo
1321 1412 1422 1495 possi·

155 1521 313 1598 dendsm3
349 1534 380 1583 et
412 1520 507 1581 aliam
541 1519 747 1582 medietatem
780 1521 925 1582 eiusdem
959 1519 1086 1599 domus,
1118 1518 1222 1598 fundi,
1255 1520 1367 1582 celsrii
1395 1532 1425 1581 et

155 1626 378 1690 hedificiorum
403 1625 541 1688 Michael
565 1640 654 1688 sutor
675 1625 760 1687 filius
784 1627 881 1689 Blasii
907 1627 1012 1688 eidem
1039 1627 1203 1709 Stephano
1220 1627 1323 1690 sutori
1349 1646 1424 1689 veu-

156 1735 239 1796 disse
263 1734 352 1816 prius
368 1734 554 1816 perhibetur
579 1733 764 1812 literatorie,
789 1733 849 1816 ipsi
869 1732 1033 1816 Stephano
1050 1733 1150 1796 sutori
1175 1734 1355 1796 literatorie
1380 1747 1426 1795 est

154 1854 269 1902 statuta
295 1853 452 1921 perpetuo
477 1838 684 1921 possidenda,
700 1838 762 1900 hoc
787 1859 946 1921 expresso,
970 1839 1059 1921 quod
1076 1840 1102 1900 si
1118 1840 1275 1923 temporis
1300 1841 1332 1902 in
1352 1859 1425 1922 pro·

155 1966 245 2008 cessu
269 1946 393 2007 canalia
417 1947 622 2007 subterranea
655 1945 694 2006 ad
719 1945 925 2008 emissionem
959 1966 1041 2028 aque
1066 1946 1217 2008 ordinare
1241 1947 1426 2027 contigerit,

154 2068 229 2115 tunc
253 2066 319 2114 tam
342 2052 488 2133 superior
520 2052 644 2113 vicinus
676 2070 773 2133 quam
808 2040 935 2134 emptor
960 2054 1059 2135 ipsius
1092 2053 1210 2114 domus
1232 2071 1425 2136 recuperare

155 2175 186 2222 et
208 2160 358 2221 ordinare
381 2161 586 2220 tenebuntur.

260 2265 338 2327 ltem
364 2265 537 2326 Katherins
562 2264 670 2326 relicta
688 2279 719 2327 et
743 2265 944 2346 Margaretha
962 2263 1026 2327 filia
1052 2264 1190 2327 condam
1216 2264 1423 2345 Sigismundi

153 2371 247 2453 jurati
272 2370 329 2432 filii
349 2371 488 2453 Philippi
514 2369 570 2431 filii
589 2371 747 2449 Mauricii,
765 2371 927 2452 quandam
949 2372 1075 2433 vineam
1102 2371 1245 2453 ipsarum
1269 2371 1304 2432 in
1328 2372 1422 2433 terri·

154 2479 238 2540 torio
263 2494 372 2539 nostro
398 2480 479 2540 inter
503 2478 629 2539 vineam
655 2477 787 2539 ecclesie
805 2480 905 2540 sancti
930 2479 1029 2540 Marci
1055 2477 1263 2559 ewangeliste
1289 2493 1321 2539 et
1338 2478 1424 2540 inter

154 2585 267 2645 silvam
292 2604 348 2646 seu
373 2585 547 2665 virgultum
569 2583 770 2664 Margarethe
795 2582 860 2646 filie
879 2583 1032 2667 Stephani
1057 2582 1114 2646 lilii
1141 2583 1344 2664 Dragachich
1375 2605 1424 2646 re·

154 2691 227 2752 licte
252 2691 390 2752 condam
406 2691 489 2751 lwan
514 2689 688 2767 Klachech,
713 2710 768 2772 per
793 2690 958 2772 quoddam
975 2688 1141 2768 fossatum,
1159 2710 1216 2772 per
1240 2691 1334 2752 cuius
1358 2689 1424 2753 fos·

154 2811 212 2857 sati
238 2797 380 2858 medium
417 2795 603 2877 incipiendo
635 2817 652 2856 a
681 2797 784 2877 capite
818 2797 964 2858 eiusdem
988 2795 1099 2858 fossati
1124 2810 1155 2858 et
1186 2815 1291 2878 usque
1323 2795 1422 2859 finem

155 2903 253 2983 ipsius
277 2916 361 2964 certe
385 2902 515 2963 arbores
543 2902 677 2962 salicum
710 2922 767 2984 per
791 2917 896 2986 partes
919 2916 993 2966 sunt
1025 2902 1215 2984 replantate‚
1240 2903 1382 2984 desuper
1405 2923 1423 2964 a

155 3008 205 3068 via
230 3008 394 3069 communi
420 3022 450 3069 et
474 3005 555 3069 infra
579 3027 681 3089 usque
712 3009 852 3070 rivulum
882 3008 1044 3071 mediante
1076 3008 1139 3070 alia
1175 3008 1226 3069 via
1251 3010 1423 3071 communi

153 3134 186 3175 se
212 3113 447 3190 extendentem,
464 3113 647 3195 Augustino
664 3112 803 3176 carnifici
828 3114 895 3176 filio
917 3114 1008 3178 Pauli
1033 3134 1091 3197 pro
1108 3114 1324 3197 quadraginta
1341 3135 1424 3197 qua·

152 3234 225 3281 tuor
249 3218 317 3280 flor.
343 3219 411 3281 auri
436 3218 652 3281 vendiderunt
672 3233 829 3302 perpetuo
847 3221 1076 3302 possidendam
1102 3241 1139 3282 ex
1164 3240 1326 3283 consensu
1343 3222 1423 3284 vici·

153 3345 268 3386 norum
298 3325 526 3407 predictorum.

206 3547 287 3616 item
317 3545 402 3615 seria
431 3544 548 3632 quinta
578 3538 733 3632 proxima
762 3557 838 3633 post
857 3546 980 3617 festum
1008 3547 1105 3618 beate
1124 3548 1264 3635 Agnetis
1295 3541 1367 3621 vir·

613 3672 700 3757 ginis
730 3681 763 3739 et
790 3668 955 3740 martiris.

661 3822 726 3896 (22.
742 3822 908 3905 sequaris).

257 3961 335 4022 ltem
360 3976 425 4021 totu
450 3961 664 4021 communitas
688 3961 850 4041 quandam
874 3961 1009 4022 domum
1034 3963 1172 4023 condem
1198 3962 1332 4026 Nemire
1358 3965 1422 4026 Po-

150 4068 217 4128 loni
243 4067 338 4128 simul
364 4086 436 4127 cum
462 4063 564 4127 fundo
589 4081 619 4126 et
643 4067 761 4128 celario
793 4069 1001 4129 subterraneo
1023 4088 1059 4128 ac
1092 4066 1249 4129 hedificiis
1272 4069 1307 4130 in
1332 4070 1421 4133 dicta

150 4175 289 4252 civitate,
314 4175 395 4234 inter
420 4173 556 4234 fundum
581 4194 718 4235 vacuum
748 4175 908 4235 Valentini
941 4174 1057 4235 literati
1082 4171 1140 4235 filii
1165 4173 1337 4236 Michaelis
1360 4177 1421 4239 Sa·

150 4280 262 4342 ronich
297 4300 332 4342 ac
364 4281 485 4362 plateas
517 4299 706 4341 communes
737 4281 897 4358 habitam,
928 4279 987 4341 tria
1015 4279 1172 4361 quartalia
1205 4280 1293 4341 curie
1327 4282 1420 4345 inse

149 4387 379 4464 continentem,
405 4387 472 4446 viro
497 4386 633 4467 provido
659 4387 798 4448 Martino
815 4385 882 4447 filio
908 4385 1037 4447 Thome
1062 4385 1186 4468 pridem
1203 4385 1310 4466 jurato
1340 4407 1419 4449 con-

148 4494 276 4574 civique
302 4507 412 4555 nostro
436 4512 494 4574 pro
519 4493 647 4572 triginta
672 4492 742 4554 flor.
772 4492 839 4553 auri
865 4505 896 4553 et
928 4491 1055 4553 duobus
1079 4491 1149 4554 flor.
1174 4493 1243 4553 auri
1267 4492 1420 4556 vendidit

147 4615 304 4683 perpetuo
328 4598 555 4681 possidendam
588 4613 618 4660 et
650 4598 959 4680 quomodocumque
992 4599 1132 4660 voluerit
1156 4598 1420 4681 disponendam

147 4727 245 4788 quam
269 4706 399 4768 tandem
424 4705 558 4766 domum
584 4720 614 4767 et
638 4704 773 4766 fundum
807 4704 904 4765 trium
933 4718 1119 4786 quartarum
1150 4704 1238 4768 curie
1262 4724 1338 4767 cum
1362 4726 1417 4769 ce-

146 4814 227 4876 lario
251 4816 460 4875 subterraneo
493 4825 523 4874 et
554 4810 710 4872 hedificiis
743 4811 828 4872 idem
861 4811 1018 4875 Martinus
1040 4811 1162 4894 juratus
1194 4811 1291 4875 Petro
1324 4812 1416 4876 dicto
