3142 5356
489 543 576 600 Anno
598 555 691 620 1495.
715 574 759 585 -
781 555 831 618 23.
847 542 998 617 januarii.
1340 561 1381 626 99

150 752 280 815 convictus
296 768 343 816 est
366 753 477 815 sibiet
500 752 702 835 adjudicatus
726 752 919 834 periuratos
942 753 1003 815 sibi
1019 753 1144 815 solvere
1168 753 1256 835 ipsos
1269 752 1381 815 decem

151 853 214 934 lior.;
233 861 365 923 lacobus
388 879 454 921 non
478 874 649 921 contentus
673 859 849 941 appellavit
872 860 913 920 ad
937 860 1090 922 seniores.

231 967 373 1030 Seniores
397 966 519 1050 judices
543 965 700 1048 prefatam
732 986 860 1028 causam
894 967 976 1028 inter
1000 967 1144 1028 lwanum
1169 980 1200 1029 et
1225 967 1380 1029 Jacobum

152 1074 264 1150 superius
286 1090 407 1137 motam
433 1090 463 1135 et
487 1094 543 1154 per
567 1074 687 1155 juratos
711 1073 883 1154 judicatam
917 1075 962 1135 sic
984 1075 1177 1136 invenerunt
1201 1088 1232 1136 et
1256 1073 1381 1156 adjudi-

153 1194 280 1262 caverunt,
303 1184 392 1264 quod
417 1182 486 1264 ipse
504 1181 590 1242 lwan
615 1182 655 1242 ad
680 1180 792 1242 leriam
809 1195 931 1243 sextam
956 1181 1137 1262 proximam
1155 1182 1187 1242 in
1204 1201 1257 1243 ara
1274 1194 1382 1243 sancte

153 1280 236 1347 Crucis
247 1288 345 1369 jurare
371 1288 512 1363 habebit,
537 1287 625 1368 quod
651 1287 757 1348 eidem
783 1288 904 1348 Jacobo
929 1306 993 1348 non
1019 1287 1153 1349 donavit
1177 1306 1283 1368 neque
1308 1306 1381 1369 pro·

152 1388 243 1467 pinavit
263 1395 371 1457 decem
397 1394 466 1457 flor.
491 1394 531 1454 ad
556 1393 736 1455 subsidium
766 1393 991 1455 eliberacionis
1014 1395 1070 1456 sed
1096 1394 1201 1455 eidem
1226 1393 1383 1455 concessit

152 1496 196 1555 rub
212 1518 256 1581 spe
281 1501 514 1577 restitucionis;
540 1516 644 1582 partes
668 1502 762 1562 ambe
787 1501 827 1561 de
851 1500 972 1580 judicio
996 1514 1145 1562 contente
1170 1514 1254 1563 sunt.

254 1739 347 1812 leria
376 1753 474 1812 sexta
503 1748 582 1810 aute
619 1739 741 1810 festum
771 1737 1004 1810 Conversionis
1033 1739 1123 1810 beati
1153 1736 1259 1810 Pauli.

615 1893 677 1969 (23.
703 1894 860 1960 r'anuarr'r').

229 2030 320 2105 Quod
353 2032 430 2112 quia
462 2031 681 2113 superioribus
713 2031 827 2091 diebus
859 2031 999 2111 quedam
1031 2030 1145 2092 cedula
1173 2030 1213 2091 ad
1246 2029 1381 2091 domum

154 2123 269 2212 Gasparis
292 2137 474 2221 Kysewych
499 2138 681 2218 aliqualiter
698 2138 823 2198 occulte
848 2136 988 2218 projecta
1006 2135 1067 2199 fuit
1083 2151 1114 2197 et
1137 2157 1194 2218 per
1217 2136 1380 2218 quendam

152 2228 305 2319 Gregorium
322 2246 455 2306 Kwracz
469 2244 590 2304 dictum
606 2243 796 2305 familiarem
822 2244 946 2304 domini
974 2244 1115 2322 Sonam,
1140 2243 1283 2325 quodam
1307 2261 1379 2304 sero

155 2335 266 2429 intrante,
282 2352 477 2431 inventaque
495 2370 551 2432 per
569 2370 642 2411 eum
668 2350 781 2410 eadem
799 2350 924 2426 cedula,
946 2351 1005 2431 ipsi
1024 2349 1159 2432 Gaspari
1175 2349 1381 2432 presentavit,

156 2440 178 2503 ll
196 2469 243 2531 qua
272 2458 374 2519 multe
410 2456 699 2519 dehonestaciones
734 2471 764 2516 et
799 2454 1048 2534 infamaciones‚
1080 2457 1250 2537 turpiaque
1284 2456 1380 2517 verba

155 2566 232 2623 contra
254 2583 384 2625 uxorem
403 2563 547 2625 eiusdem
567 2561 719 2644 Gasparis
740 2563 917 2644 conscripte
937 2575 1026 2623 erant
1050 2562 1082 2623 in
1100 2561 1158 2624 hec
1182 2563 1296 2624 verba:
1314 2561 1380 2622 Vos

154 2650 244 2743 Gaspar
266 2670 447 2752 Kysewych
479 2670 554 2730 estis
578 2669 697 2731 nobilis
729 2668 939 2730 bradukmeth
971 2669 1011 2730 de
1047 2670 1128 2730 ultra
1160 2670 1265 2747 Zona,
1298 2688 1379 2730 uxor

153 2777 225 2833 vestra
247 2791 395 2838 consueta
419 2790 465 2837 est
489 2795 602 2836 omnes
627 2776 774 2838 homines
806 2795 879 2836 cum
904 2795 959 2836 sua
993 2777 1106 2836 canina
1131 2776 1241 2855 lingua
1265 2775 1379 2837 latrare

154 2874 337 2944 etdiffamare
369 2898 402 2945 et
432 2883 552 2944 multos
584 2883 756 2944 canonicos
788 2881 851 2961 jam
887 2881 1109 2942 dehonestavit
1141 2896 1172 2942 et
1194 2883 1224 2942 in
1251 2881 1378 2943 civitate

152 2987 323 3068 quamplures
341 2990 491 3050 honestas
515 2989 662 3050 dominas
680 2986 860 3060 confundit,
877 3002 985 3049 tamen
1000 3002 1065 3049 tota
1091 2987 1201 3048 civitas
1226 3003 1257 3049 et
1280 2987 1376 3069 Capi·

150 3080 224 3152 tulum
245 3097 301 3157 scit
332 3096 438 3178 qualis
463 3115 528 3156 non
560 3095 694 3156 honesta
727 3109 773 3156 est
804 3114 884 3154 uxor
907 3095 1019 3155 Vestra
1051 3107 1082 3154 et
1112 3095 1280 3175 quomodo
1312 3095 1379 3176 ipsa

150 3199 244 3261 vacrum
267 3201 341 3264 lecit
366 3221 439 3263 cum
465 3215 627 3283 compatre
653 3221 711 3262 suo
744 3201 878 3261 domino
904 3200 1049 3261 lohanne
1083 3200 1216 3261 Varwsd
1248 3200 1379 3281 quando

148 3285 253 3368 viefui
275 3309 498 3385 tricesimator,
523 3323 653 3390 propter
674 3309 734 3370 hoc
759 3309 912 3368 deberent
929 3327 999 3367 eam
1025 3326 1185 3383 cremare;
1202 3326 1289 3368 anno
1307 3327 1379 3390 pre-

147 3400 213 3468 ¹0sito
233 3433 320 3475 soror
343 3415 452 3475 uxoris
476 3414 586 3475 Vestre
620 3414 788 3495 quomodo
821 3433 894 3474 cum
918 3428 1041 3474 textore
1073 3411 1158 3491 lecit,
1183 3414 1378 3494 interrogate

148 3510 247 3580 alltillas
269 3521 398 3581 Vestras
414 3539 477 3601 que
501 3520 651 3581 viderunt
675 3535 706 3581 et
723 3521 914 3581 invenerunt
931 3539 987 3581 eos
1009 3520 1106 3581 simul
1123 3519 1236 3600 jacere,
1253 3540 1380 3601 semper

148 3621 169 3666 οἵ
184 3614 322 3687 hodierna
359 3626 411 3687 die
443 3626 556 3687 habuit
580 3641 610 3687 et
642 3625 739 3687 habet
770 3627 953 3687 meretrices
986 3627 1102 3687 domus
1134 3626 1199 3703 illa,
1224 3625 1287 3705 jam
1312 3626 1380 3687 istis

148 3710 230 3790 diebus
252 3732 339 3793 illam
366 3751 540 3814 pauperem
566 3731 754 3813 Hongaram
772 3752 905 3793 uxorem
927 3733 1049 3794 Alberti
1069 3733 1291 3793 dehonestavit
1307 3733 1375 3792 sine

148 3833 210 3893 ⁰¹1¹¹1i
231 3839 333 3919 culpa.
360 3838 425 3899 Vos
450 3839 524 3899 estis
548 3859 651 3917 cecus,
677 3840 780 3919 pridie
808 3838 954 3899 voluistis
987 3840 1125 3920 doykam
1150 3839 1295 3900 Vestram
1321 3838 1378 3899 ho·

148 3942 238 4004 testam
250 3944 354 4006 lacere
368 3959 398 4005 et
419 3944 606 4026 Capitulum
625 3945 834 4021 confundere,
860 3960 965 4005 tamen
984 3965 1096 4005 omnes
1114 3945 1261 4005 homines
1273 3945 1377 4005 sciunt

148 4046 210 4109 quod
231 4050 334 4134 doyka
359 4052 471 4113 Vestra
490 4050 548 4112 fuir
573 4067 603 4112 et
627 4066 674 4112 est
691 4053 850 4112 meretrix.
877 4052 1015 4112 Domine
1035 4050 1168 4132 Gaspar,
1193 4051 1259 4112 Vos
1277 4050 1379 4111 fuistis

148 4152 212 4211 “⁶1¹⁸
232 4158 362 4238 quando
387 4176 518 4219 uxorem
545 4158 690 4234 duxistis,
715 4159 827 4218 cidatis
848 4159 991 4237 linguam
1010 4158 1099 4218 uxori
1126 4158 1248 4219 Vestre.
1274 4193 1314 4201 —
1340 4157 1381 4217 Et

148 4248 200 4319 luia
219 4261 280 4343 ipse
300 4263 424 4345 Gaspar
441 4264 578 4324 nimium
603 4264 716 4324 dolens
734 4264 773 4324 de
796 4263 1009 4324 infamatione
1036 4264 1142 4325 uxoris
1166 4283 1221 4324 sue
1240 4263 1377 4323 eundem

148 4344 309 4442 Gregorium
336 4371 377 4431 ad
402 4385 497 4452 caput
513 4390 606 4431 suum
633 4371 767 4430 detineri
792 4391 847 4450 per
864 4371 1002 4449 judicem
1026 4371 1161 4431 civitatis
1175 4368 1299 4447 fecerat,
1325 4389 1380 4429 vo-

147 4448 196 4525 ¹⁸⁰⁸
213 4479 247 4537 ab
271 4478 387 4539 eodem
413 4477 526 4538 rescire
551 4478 624 4558 quis
648 4478 753 4536 eidem
780 4478 919 4537 dedisset
952 4478 1087 4536 eandem
1113 4477 1261 4537 cedulam
1287 4490 1316 4537 et
1341 4496 1379 4536 er

147 4564 212 4636 ‘ulls
232 4585 396 4645 voluntate
421 4583 471 4643 vel
496 4580 729 4645 informacione
755 4583 826 4643 illac
845 4584 1009 4643 detulisset
1034 4583 1083 4642 vel
1109 4598 1274 4664 portasset.
1300 4583 1380 4655 Qui·

148 4673 248 4750 quidem
274 4689 452 4771 Gregorius
483 4709 547 4750 non
580 4704 792 4751 tormentatus
818 4710 921 4770 neque
955 4691 1179 4767 martirizatus,
1214 4691 1243 4750 in
1277 4690 1381 4751 consi-

147 4785 220 4851 ⁸¹⁰f50
240 4811 348 4858 nostro
382 4797 550 4878 proposuit
581 4811 612 4857 et
642 4793 744 4857 fassus
776 4811 831 4873 est,
864 4796 1031 4875 quomodo
1057 4797 1208 4857 Albertus
1239 4797 1382 4856 literatus

148 4894 257 4963 concivis
279 4917 389 4965 noster
412 4916 444 4964 et
468 4922 547 4964 uror
570 4903 715 4965 eiusdem
750 4923 822 4963 cum
849 4903 1006 4964 Michaele
1032 4902 1125 4964 fratre
1151 4904 1250 4986 ipsius
1276 4903 1382 4963 uxoris

149 4985 241 5067 Albetti
263 5008 365 5091 ipsam
390 5007 539 5071 cedulam
564 5009 668 5070 eidem
695 5008 852 5092 Gregorio
874 5010 1040 5076 dedissent
1065 5029 1097 5078 et
1121 5013 1267 5079 cundem
1291 5012 1398 5079 'mior-
