3142 5356
687 294 773 350 Anno
796 306 884 369 1427.
1361 314 1417 374 137

147 502 262 563 mitam
282 521 488 563 communem
507 501 625 580 habite,
650 503 790 564 mediam
809 503 929 563 curiam
949 503 979 563 in
1006 523 1037 562 sc
1056 504 1260 580 continentis,
1285 504 1315 563 in
1335 503 1418 584 ipsas

147 623 179 669 et
203 627 315 669 earum
342 608 449 690 proles
480 609 513 669 in
537 609 627 671 litera
662 623 769 669 nostra
802 609 993 690 privilegiali
1027 610 1217 671 nominatim
1244 629 1416 692 expressas,

149 733 166 774 a
191 714 346 796 predictis
368 713 536 777 Clemente
561 730 592 775 et
615 715 789 776 Valentino
814 729 885 796 post
913 716 1037 776 obitum
1063 734 1174 776 eorum
1199 735 1255 776 seu
1282 715 1414 776 occisio·

150 841 226 882 nem
251 822 310 882 rite
336 821 521 896 devolutas3
554 822 629 884 item
656 821 752 901 judex
785 836 816 882 et
841 821 933 895 jurati
966 822 1096 882 terciam
1123 836 1245 902 partem
1271 823 1415 883 eiusdem
1453 810 1457 819 ¹

149 927 280 1003 domus,
303 945 361 1008 pro
392 943 538 1008 tempore
569 927 722 988 videlicet
753 927 928 1004 constituti,
954 928 1030 1008 ipsis
1063 948 1079 988 a
1105 928 1249 1009 predicto
1273 928 1416 988 Adriano

150 1032 332 1093 Kuchlrone
346 1047 476 1114 propter
490 1031 699 1093 homicidium
718 1048 750 1094 et
772 1033 997 1114 patruicidium
1016 1034 1174 1094 dictorum
1191 1033 1370 1095 Clementis
1387 1048 1418 1095 et

147 1138 312 1199 Valentini
338 1154 525 1220 patruorum
559 1159 691 1200 suorum
725 1139 857 1217 juridice
884 1141 1139 1221 provenientem,
1173 1141 1239 1222 ipse
1264 1141 1416 1201 mulieres

151 1244 254 1305 Elena
280 1261 310 1307 et
335 1245 423 1305 Jelka
449 1245 479 1305 in
505 1264 641 1326 persona
666 1265 722 1306 sue
748 1245 848 1327 prolis
864 1246 1007 1327 predicte
1031 1246 1160 1307 racione
1185 1246 1418 1327 persolucionis

150 1350 337 1411 debitorum
362 1351 578 1432 predictorum
597 1352 784 1412 maritorum
803 1371 934 1412 suorum
960 1367 991 1412 et
1008 1352 1135 1412 racione
1160 1351 1418 1412 conservacionis

150 1471 183 1517 et
206 1456 398 1518 nutricionis
423 1457 522 1538 ipsius
554 1456 654 1538 prolis
689 1476 797 1518 earum
831 1457 931 1518 dictas
955 1456 1034 1518 duas
1058 1457 1228 1538 porciones
1252 1476 1325 1518 cum
1350 1457 1417 1517 suis

152 1562 379 1643 pertinenciis;
404 1563 463 1644 ipsi
481 1582 557 1623 vero
583 1563 677 1644 judex
696 1577 726 1623 et
749 1562 842 1642 jurati
860 1582 918 1644 pro
935 1578 1080 1643 tempore
1105 1563 1281 1640 constituti,
1299 1563 1416 1623 dictam

147 1668 282 1730 terciam
308 1684 431 1750 partem
448 1669 594 1730 eiusdem
611 1670 728 1730 domus
752 1670 899 1730 similiter
916 1689 989 1730 cum
1005 1670 1071 1730 suis
1087 1670 1292 1751 pertinenciis
1310 1669 1417 1730 Blasio

150 1775 253 1835 sutori
278 1773 346 1835 filio
372 1774 512 1835 Ladislai
537 1774 599 1855 jam
619 1789 729 1836 nostro
751 1775 875 1836 concivi
900 1789 930 1835 et
946 1776 1011 1835 suis
1035 1775 1207 1836 heredibus
1231 1794 1289 1856 pro
1306 1775 1417 1835 decem

150 1881 771 1963 marcisetduabuspensisdenariorum
790 1880 1417 1963 vendideruntperpetuopossidendam.

260 1987 337 2048 ltem
355 1987 488 2048 domina
506 1987 681 2048 Scolastica
698 2002 810 2048 vocata
825 1986 890 2049 filia
909 1988 999 2049 Pauli
1016 1986 1074 2048 filii
1092 1987 1220 2049 Andree
1244 1987 1284 2048 de
1301 1987 1418 2065 Turre,

153 2094 264 2155 relicta
283 2094 420 2155 condam
445 2095 555 2155 lacobi
575 2095 737 2155 Portulani
756 2093 813 2155 filii
840 2093 1005 2172 lohannis,
1023 2095 1164 2155 concivis
1182 2109 1299 2171 nostra,
1317 2113 1416 2175 quan·

151 2201 225 2261 dam
251 2199 386 2261 domurn
411 2220 500 2261 suam
526 2214 682 2262 muratam
705 2201 800 2261 simul
825 2220 896 2261 cum
923 2199 1024 2262 fundo
1042 2215 1073 2262 et
1097 2199 1253 2261 hedificiis
1277 2200 1308 2260 in
1334 2200 1417 2260 dicta

152 2308 280 2368 civitate
298 2307 380 2367 inter
392 2306 507 2367 domos
521 2321 552 2368 et
571 2305 688 2368 fundos
705 2308 847 2367 virorum
870 2307 1079 2388 providorum
1097 2306 1261 2368 Benedicti
1278 2321 1309 2368 et
1327 2306 1417 2366 Pauli

151 2412 276 2494 pridem
303 2411 491 2490 juratorum,
513 2413 696 2474 concivium
714 2429 909 2490 nostrorum,
933 2410 1073 2473 filiorum
1100 2412 1228 2497 Gyuani
1246 2412 1360 2490 judicis
1377 2412 1417 2472 ab

152 2538 225 2597 una,
251 2534 282 2580 et
299 2532 387 2600 parte
404 2520 443 2579 ab
460 2520 558 2579 altera
576 2519 752 2581 liberorum
770 2538 826 2580 seu
843 2538 1061 2580 successorum
1085 2519 1217 2601 predicti
1244 2519 1335 2579 Pauli
1360 2516 1416 2579 filii

150 2625 292 2703 Andree,
317 2640 500 2686 nostrorum
529 2627 722 2704 concivium,
749 2627 900 2704 habitam,
926 2627 1081 2707 integram
1115 2627 1234 2688 curiam
1263 2646 1358 2687 unam
1384 2627 1415 2686 in

147 2752 180 2792 se
207 2733 439 2810 continentem,
464 2752 537 2793 cum
563 2733 628 2794 suis
655 2734 862 2815 pertinenciis
896 2733 1061 2794 nobilibus
1085 2734 1159 2794 viris
1188 2734 1340 2814 magistro
1365 2733 1416 2794 Jo-

146 2837 249 2899 hanni
268 2839 394 2900 literato
412 2837 543 2900 ot‘ficiali
562 2841 602 2900 de
627 2840 785 2901 Ralronok
803 2860 837 2900 ac
856 2838 989 2920 Gaspari
1015 2838 1102 2900 fratri
1127 2860 1196 2918 su0,
1214 2839 1276 2919 jam
1302 2839 1417 2900 nostris

146 2946 348 3022 concivibus,
373 2965 431 3026 pro
456 2947 569 3026 viginti
588 2967 641 3006 sex
659 2947 727 3007 flor.
746 2946 813 3006 auri
839 2945 985 3006 vendidit
1001 2960 1156 3027 perpetuo
1175 2946 1416 3027 possidendam.

260 3051 337 3112 Item
362 3051 517 3133 providus
541 3052 589 3113 vir
613 3053 759 3113 Andreas
786 3066 888 3114 sartor
904 3051 988 3114 filius
1013 3054 1107 3130 Petri,
1132 3053 1273 3113 concivis
1297 3066 1416 3127 noster,

150 3158 299 3219 vendidit
331 3159 537 3220 medietatem
572 3159 739 3220 cuiusdam
773 3160 889 3220 domus
921 3180 976 3220 sue
1010 3161 1040 3220 in
1066 3160 1149 3219 dicta
1175 3159 1303 3220 civitate
1335 3159 1417 3219 inter

150 3265 268 3325 domos
292 3264 434 3325 virorum
470 3265 678 3346 providorum
709 3264 837 3325 Thorne
869 3265 985 3326 sutoris
1017 3264 1159 3326 Ochvirk
1191 3280 1221 3325 et
1253 3264 1416 3325 Valentini

150 3368 306 3451 lglichich
331 3368 450 3447 habite,
468 3370 608 3430 mediam
634 3371 753 3431 curiam
777 3372 807 3430 in
833 3391 866 3431 se
884 3372 1087 3448 continentis,
1105 3372 1309 3432 medietatem
1328 3370 1416 3430 vide·

150 3477 225 3537 licet
250 3490 368 3537 rectam
394 3496 450 3557 per
473 3490 574 3537 totam
607 3478 845 3556 longitudinem
878 3476 980 3555 fundi,
1013 3497 1084 3538 cum
1110 3479 1175 3538 suis
1200 3477 1416 3558 pertinenciis,

151 3602 249 3644 unam
275 3584 501 3643 tantummodo
526 3598 673 3664 quartam
709 3586 740 3644 in
765 3604 798 3644 se
831 3585 1061 3661 continentem,
1095 3584 1245 3665 Philippo
1269 3583 1416 3644 similiter

152 3690 267 3751 sartori
291 3688 360 3751 filio
377 3690 498 3774 Woyn,
516 3690 579 3769 jam
597 3708 707 3752 nostro
737 3691 860 3751 concivi
886 3706 916 3752 et
933 3691 998 3752 suis
1022 3691 1193 3752 heredibus
1218 3710 1276 3772 pro
1293 3703 1415 3771 septem

152 3794 221 3859 flor.
254 3797 335 3873 auri,
367 3795 429 3875 jam
467 3798 561 3878 plene
593 3798 773 3878 persolutis,
806 3797 951 3858 vendidit
982 3813 1137 3878 perpetuo
1170 3797 1415 3878 possidendam;

152 3904 245 3963 cuius
270 3901 387 3963 domus
410 3903 506 3963 aliam
533 3904 750 3980 medietatem,
774 3904 922 3964 similiter
938 3924 1034 3964 unam
1057 3920 1215 3984 quartam,
1240 3903 1325 3963 idem
1350 3908 1415 3963 An·

152 4007 245 4069 dress
267 4022 370 4069 sartor
394 4028 451 4089 pro
476 4029 508 4070 se
534 4024 723 4070 reservasset
750 4009 987 4089 possidendam.

260 4113 338 4176 Item
363 4115 411 4175 vir
436 4116 590 4196 providus
608 4117 725 4176 Paulus
748 4116 953 4195 Zugcheuich
971 4116 1073 4176 dictus
1091 4130 1120 4175 et
1146 4114 1326 4195 Stephanus
1343 4115 1415 4174 sali-

152 4241 232 4281 vena
257 4240 356 4301 gener
379 4241 466 4293 suus,
491 4223 645 4302 quasdam
670 4222 840 4303 porciones
868 4222 1080 4302 quarumdam
1107 4223 1273 4281 vinearum
1298 4219 1415 4281 infore·

153 4343 274 4388 starum
299 4347 362 4388 una
387 4348 459 4388 curn
478 4329 623 4409 virgultis
647 4349 756 4388 earum
782 4329 902 4390 eisdem
929 4329 1136 4409 porcionibus
1161 4328 1341 4388 vinealibus
1356 4329 1415 4387 sub

156 4448 186 4496 ct
210 4433 431 4513 adjacentibus
456 4436 487 4495 in
511 4436 672 4496 territorio
698 4436 779 4495 dicte
805 4436 940 4496 civitatis
958 4437 1043 4511 juxta
1069 4437 1196 4495 vineam
1221 4435 1320 4515 ipsius
1346 4434 1415 4495 Ste-

154 4539 249 4620 phani
283 4540 423 4602 salivene
455 4562 471 4601 a
504 4542 756 4623 septemtrionali
798 4556 886 4621 parte
919 4542 1124 4623 incipientem
1159 4556 1189 4602 et
1221 4542 1260 4602 ad
1293 4555 1414 4621 partem

154 4646 344 4707 orientalem
370 4647 574 4724 tendentem,
611 4668 627 4707 a
660 4662 747 4727 parte
779 4667 855 4708 vero
888 4648 1034 4708 orientali
1066 4647 1127 4726 jam
1161 4648 1245 4707 dicta
1270 4666 1325 4728 per
1350 4666 1414 4707 me-

156 4766 218 4814 tam
253 4752 417 4815 cuiusdam
451 4755 573 4816 arboris
606 4752 776 4815 brelenefa
804 4754 887 4815 dicte
920 4769 950 4814 et
978 4774 1033 4834 per
1058 4768 1174 4815 metam
1207 4754 1342 4817 aliarum
1367 4774 1415 4815 ar·
