3142 5356
518 454 722 537 Anno1484.
751 491 792 501 —
816 472 866 535 23.
883 457 1037 533 januarii.

254 670 331 733 Item
357 690 484 733 causam
509 671 591 732 inter
608 670 785 753 Georgium
804 690 992 753 arcuparem
1009 683 1041 732 et
1065 670 1238 732 Martinam
1255 683 1414 733 sartorem

148 777 277 839 racione
302 778 440 839 racionis
473 777 513 840 de
537 777 677 860 quadam
713 778 850 860 pecunia
877 796 934 841 seu
966 777 1057 839 dacio
1082 777 1332 855 communitatis,
1365 775 1415 857 ju·

149 884 209 945 rati
235 883 510 966 adjudicaverunt,
528 884 616 966 quod
633 883 774 966 prefatus
788 883 948 966 Georgius
965 903 1099 967 arcupar
1115 883 1210 946 debet
1228 883 1415 945 mettercius

150 991 311 1073 deponere
336 990 552 1072 juramentum
570 989 647 1052 feria
671 1006 757 1053 sexta
782 991 927 1073 proxime
952 1006 1095 1070 ventura,
1111 990 1167 1052 tali
1184 990 1304 1067 modo;
1321 990 1413 1072 quod

148 1099 180 1159 in
206 1098 289 1159 dicta
324 1099 460 1180 pecunia
485 1098 724 1160 communitatis
755 1099 823 1180 ipse
855 1113 992 1160 nonest
1023 1098 1192 1180 culpabilis
1223 1117 1328 1179 neque
1354 1098 1413 1160 ali·

148 1203 227 1286 quid
251 1204 291 1267 de
315 1204 428 1267 eadem
453 1205 582 1287 recepit,
606 1224 711 1286 neque
736 1224 808 1266 cum
840 1205 921 1267 scitu
946 1218 977 1267 et
998 1205 1162 1266 voluntate
1194 1202 1339 1265 eiusdem
1365 1217 1415 1266 est

148 1309 291 1373 defectus
330 1312 361 1372 in
401 1312 469 1393 ipsa
500 1310 636 1393 pecunia
668 1311 926 1388 communitatis3
970 1326 1001 1373 et
1040 1311 1187 1394 deposito
1226 1309 1409 1391 iuramento

148 1417 309 1499 predictus
326 1418 481 1479 Martinus
498 1417 622 1479 solvere
635 1417 731 1479 debet
744 1417 904 1480 defectum
922 1418 1054 1480 totalem
1068 1418 1100 1479 in
1120 1417 1248 1479 racione
1265 1416 1412 1478 eiusdem

147 1525 294 1606 pecunie,

255 1631 332 1693 Item
358 1631 389 1692 in
416 1650 508 1693 causa
541 1631 623 1692 inter
654 1629 832 1712 Georgium
864 1631 975 1691 Zoban
1005 1629 1126 1691 dictum
1159 1643 1191 1690 et
1214 1627 1412 1710 Gregorium

147 1749 289 1798 sutorem
315 1737 450 1799 Tkalicz
475 1737 597 1799 dictum
621 1751 653 1798 et
680 1756 813 1799 uxorem
846 1737 915 1798 eius
939 1737 1067 1798 racione
1099 1735 1297 1818 perdicionis
1321 1735 1413 1797 cuius

147 1843 225 1905 vitte
250 1857 280 1905 et
303 1845 450 1925 pectinis,
474 1843 567 1926 jurati
598 1843 876 1925 adjudicaverunt,
908 1843 995 1925 quod
1026 1863 1106 1904 uxor
1136 1842 1235 1924 ipsius
1260 1840 1412 1922 Gregorii

148 1948 243 2012 debet
266 1965 405 2032 prestare
429 1951 645 2033 juramentum
672 1952 837 2014 mettercia
862 1951 923 2012 sibi
940 1951 1101 2012 similibus
1125 1948 1202 2010 feria
1226 1962 1313 2011 sexta
1337 1968 1412 2030 pro·

148 2056 232 2118 xime
263 2071 408 2137 ventura,
431 2058 518 2139 quod
552 2059 619 2141 ipsa
652 2078 716 2119 non
750 2071 797 2119 est
828 2058 954 2119 conscia
987 2058 1019 2119 in
1051 2056 1236 2139 perdicione
1268 2056 1411 2137 predicte

148 2161 224 2223 vitte
249 2176 279 2222 et
303 2182 407 2244 neque
431 2164 498 2246 ipsa
523 2165 651 2246 recepit.

255 2267 331 2329 item
357 2269 388 2330 in
406 2289 501 2332 causa
525 2270 663 2352 quadam
682 2269 919 2333 interfeccionis
941 2269 1106 2331 cuiusdam
1124 2267 1265 2330 hominis
1289 2268 1320 2328 in
1338 2268 1411 2330 vico

149 2373 348 2454 Latinorum,
372 2377 491 2438 nobilis
515 2377 683 2438 Ladislaus
707 2376 746 2437 de
773 2377 908 2439 Biztricz
941 2375 981 2436 ad
1004 2376 1122 2436 trinam
1147 2374 1357 2436 vocacionem
1380 2388 1413 2435 et

147 2478 188 2541 ad
211 2479 320 2562 plures
343 2481 384 2543 ad
407 2482 590 2565 predictum
615 2482 771 2565 judicium
796 2502 861 2544 non
886 2482 973 2544 venit
998 2501 1102 2564 neque
1127 2480 1223 2543 misit.
