3142 5356
206 313 265 374 134
734 298 821 353 Am
844 307 934 372 1427.

202 508 346 568 Fabiano
370 505 524 568 fratribus
546 507 613 565 suis
644 506 826 565 carnalibus
850 525 909 586 pro
940 505 1093 565 tredecim
1119 505 1235 566 marcis
1258 504 1457 566 denariorum

200 615 347 675 vendidit
370 627 527 695 perpetuo
551 612 790 693 possidendam.

308 720 384 781 ltem
410 720 532 801 Symon
564 717 649 780 filius
674 718 841 780 Michaelis
864 716 921 779 filii
945 718 1047 779 Mauri
1080 716 1120 778 de
1153 717 1299 793 Raboch,
1323 719 1460 780 concivis

203 841 322 904 noster,
346 825 509 907 quandam
535 825 669 886 domum
702 844 791 885 suam
824 844 897 885 cum
923 822 1024 884 lundo
1049 837 1081 884 et
1105 823 1224 885 celario
1247 826 1462 900 subterraneo,

200 933 331 1013 suisque
356 930 513 992 hedificiis
538 931 568 990 in
594 931 678 991 dicta
700 931 827 991 civitate
852 931 934 990 inter
951 930 1078 1005 domos,
1102 927 1221 991 lundos
1244 944 1276 990 et
1300 931 1405 991 curias
1420 930 1462 989 vi-

200 1058 310 1099 rorum
335 1037 546 1119 providorum
572 1036 752 1098 Clementis
776 1037 931 1097 institoris
962 1034 1018 1096 filii
1046 1036 1181 1117 Mykech
1206 1050 1239 1098 et
1263 1037 1362 1097 Blasii
1387 1037 1463 1096 Kur-

201 1145 328 1205 manich
354 1164 389 1204 ac
423 1144 505 1203 Petri
531 1142 667 1224 Zulyalt,
699 1156 882 1203 nostrorum
915 1143 1110 1219 concivium,
1142 1142 1297 1219 habitam,
1328 1142 1462 1201 mediam

202 1251 322 1311 curiam
348 1251 379 1310 in
404 1270 436 1309 se
462 1250 702 1326 continentem,
734 1267 807 1310 cum
832 1249 899 1308 suis
931 1249 1137 1329 pertinenciis
1168 1248 1273 1307 eidem
1306 1247 1463 1309 Clementi

203 1357 341 1417 institori
366 1370 398 1417 et
421 1356 487 1416 suis
510 1354 684 1415 heredibus
708 1375 766 1436 pro
791 1354 905 1434 viginti
928 1369 959 1414 et
982 1373 1047 1414 uno
1072 1373 1145 1414 cum
1171 1353 1281 1414 medio
1306 1352 1376 1416 flor.
1401 1354 1463 1414 auri

204 1462 351 1523 vendidit
387 1477 544 1544 perpetuo
580 1460 809 1542 possidendam
846 1480 883 1520 ex
917 1480 1076 1521 consensu
1116 1460 1298 1521 vicinorum
1330 1460 1463 1521 aliorum

203 1569 433 1650 predictorum.

310 1675 387 1736 ltem
413 1676 488 1756 quia
514 1674 670 1734 medietas
693 1673 860 1733 cuiusdam
886 1673 1014 1748 domus,
1039 1671 1131 1733 fundi
1156 1687 1188 1734 et
1212 1673 1321 1734 celarii
1347 1675 1465 1734 subter·
1554 1703 1568 1710 -

204 1783 291 1844 ranei
316 1784 375 1842 sub
394 1780 515 1841 eisdem
540 1779 659 1855 situati,
684 1798 742 1839 nec
761 1797 825 1839 non
844 1777 1068 1839 hedificiorum
1087 1779 1118 1839 in
1144 1779 1216 1839 vico
1233 1794 1344 1840 nostro
1360 1779 1464 1839 Theu·
1553 1807 1566 1815 -

205 1888 359 1950 thonicali
385 1888 466 1948 inter
498 1887 644 1962 domum,
676 1884 814 1946 fundum
846 1901 876 1945 et
905 1883 1052 1945 hedificia
1077 1886 1137 1945 viri
1161 1885 1309 1946 similiter
1342 1885 1463 1967 providi

206 1995 385 2057 Clementis
408 1994 536 2069 sutoris,
560 1992 672 2052 decani
705 2006 850 2052 sutorum
883 1991 1043 2070 moderni,
1075 2006 1106 2052 et
1129 1992 1197 2052 vias
1220 2011 1410 2052 communes
1432 2011 1466 2051 ac
1534 2032 1558 2041 -

208 2118 338 2185 pontem
364 2116 471 2162 nostre
496 2101 736 2161 communitatis
769 2098 961 2174 habitarum,
986 2118 1088 2180 usque
1106 2098 1241 2159 fluvium
1267 2114 1411 2160 nostrum
1435 2118 1465 2158 se
1542 2116 1555 2141 -·

204 2209 464 2284 extendentium,
489 2205 645 2267 medietas
678 2220 790 2287 utputa
819 2205 1048 2285 premissorum
1080 2206 1207 2282 domus,
1232 2204 1337 2282 fundi,
1362 2205 1464 2266 celarii

205 2331 236 2378 et
259 2313 496 2390 hedificiorum,
520 2331 617 2374 unam
642 2326 789 2373 octavam
815 2311 846 2371 in
871 2331 903 2372 se
921 2313 1100 2388 continens,
1125 2331 1181 2393 per
1204 2311 1375 2393 providam
1400 2331 1465 2371 mu·

204 2422 316 2483 lierem
350 2419 527 2501 Elyzabeth
560 2432 720 2495 vocatam,
751 2417 894 2479 relictam
928 2417 1064 2478 condam
1098 2417 1168 2478 Ade
1202 2416 1361 2499 pellificis,
1395 2437 1465 2478 con·

204 2541 322 2588 sortem
356 2545 457 2602 suam,
494 2525 599 2585 eidem
632 2525 750 2585 donata
787 2524 957 2600 extitisset,
990 2524 1085 2584 aliam
1123 2537 1230 2585 autem
1263 2524 1466 2584 medietatem

205 2634 349 2694 eiusdem
375 2633 502 2709 domus,
527 2629 630 2708 lundi,
655 2631 764 2691 celarii
800 2644 831 2690 et
855 2628 1089 2707 hedificiorum,
1122 2649 1219 2690 unam
1243 2629 1395 2691 similiter
1418 2649 1466 2690 oc·

204 2753 322 2815 tavam,
347 2738 432 2798 idem
457 2737 647 2798 Valentinus
671 2758 688 2796 a
713 2736 883 2798 Clemente
909 2734 1045 2817 pellifice
1071 2734 1166 2797 fratre
1192 2736 1292 2817 ipsius
1316 2737 1387 2798 Ade
1405 2737 1467 2818 pel·

205 2845 298 2906 lificis
323 2865 380 2926 pro
404 2845 544 2905 sedecim
570 2844 684 2904 marcis
716 2844 922 2904 denariorum
956 2857 1188 2924 comparassem
1213 2843 1288 2904 ideo
1314 2863 1374 2905 nos
1398 2863 1468 2905 ean·

205 2952 279 3012 dem
313 2951 447 3010 domum
479 2950 624 3026 totalem,
658 2968 754 3010 unam
780 2949 812 3009 in
844 2963 913 3009 toto
947 2962 1095 3029 quartam
1128 2949 1215 3010 curie
1248 2950 1279 3010 in
1305 2970 1339 3010 se
1371 2950 1469 3011 conti-

207 3072 348 3133 nentem,
381 3056 485 3115 eidem
520 3056 694 3116 Valentino
726 3055 828 3116 sutori
861 3070 892 3116 et
923 3056 989 3115 suis
1013 3055 1184 3116 heredibus
1215 3075 1287 3116 cum
1320 3056 1471 3117 omnibus

210 3164 309 3245 ipsius
333 3162 460 3239 domus,
498 3162 600 3239 fundi,
634 3163 742 3222 celarii
781 3163 973 3223 utilitatibus
1006 3176 1036 3222 et
1068 3162 1274 3243 pertinenciis
1304 3164 1471 3237 universis,

210 3270 393 3330 racionibus
417 3283 448 3328 et
474 3269 576 3329 causis
607 3289 644 3329 ex
677 3269 839 3350 premissis
863 3270 1031 3329 statuimus
1063 3284 1218 3350 perpetuo
1241 3270 1469 3351 possidendam

208 3390 239 3436 et
263 3375 571 3454 quomodocumque
597 3376 735 3435 voluerit
760 3374 1005 3454 disponendam.

312 3481 389 3540 ltem
416 3479 553 3540 Michael
578 3481 701 3560 pridem
726 3480 821 3559 judex
863 3479 947 3540 filius
972 3480 1161 3557 Sebastiani,
1186 3482 1328 3542 concivis
1354 3499 1471 3561 noster,

206 3585 351 3646 vendidit
364 3585 528 3665 quoddam
547 3586 769 3646 molendinum
784 3606 877 3647 suum
896 3605 1024 3646 currens
1041 3585 1135 3645 simul
1154 3605 1226 3646 cum
1245 3586 1318 3647 loco
1337 3602 1368 3649 et
1381 3588 1471 3649 hedi·

205 3689 285 3751 ficiis
310 3691 341 3750 in
367 3690 482 3751 eodem
507 3692 696 3752 constructis
720 3712 755 3752 ac
780 3692 918 3772 quadam
949 3706 1030 3751 terra
1056 3691 1168 3751 arabili
1194 3691 1253 3772 ipsi
1279 3692 1471 3755 molendino

207 3795 383 3870 subjacenti
416 3812 446 3858 et
478 3798 638 3875 attinenti,
671 3799 752 3858 inter
785 3813 927 3858 meatum
960 3797 1035 3857 dicti
1070 3797 1249 3857 molendini
1281 3811 1313 3858 et
1335 3796 1475 3860 fluvium

209 3904 397 3965 existentem
424 3905 455 3964 in
480 3905 641 3965 territorio
666 3920 696 3964 et
718 3904 818 3965 fluvio
848 3919 967 3980 nostru,
993 3904 1075 3964 inter
1099 3903 1182 3964 duos
1204 3902 1322 3965 fluvios
1346 3921 1476 3966 nostros

208 4009 404 4070 Mathichina
430 4024 460 4071 et
485 4012 617 4071 Pretoka
645 4025 773 4071 vocatos
806 4026 835 4070 et
861 4011 942 4070 inter
966 4010 1035 4070 loca
1068 4009 1304 4071 molendinaria
1341 4031 1376 4071 ac
1403 4031 1475 4072 mo·

207 4114 338 4174 lendina
364 4116 483 4176 nobilis
510 4117 567 4175 viri
595 4117 734 4176 Ladislai
760 4117 799 4176 de
825 4115 962 4193 Zenche,
991 4117 1031 4175 ab
1057 4135 1131 4192 una,
1157 4129 1187 4176 et
1211 4115 1392 4178 liberorum
1417 4137 1474 4178 seu

207 4239 426 4281 successorum
460 4222 596 4282 condam
630 4223 755 4303 providi
781 4237 811 4283 et
843 4223 967 4282 honesti
998 4222 1055 4282 viri
1089 4222 1244 4283 lobannis
1276 4220 1334 4283 filii
1360 4223 1472 4285 lacobi

208 4326 283 4386 dicti
311 4327 421 4408 Bolye,
447 4327 525 4387 olim
552 4327 665 4406 judicis
690 4344 720 4389 et
745 4329 885 4388 concivis
918 4328 1027 4404 nostri,
1052 4342 1234 4389 nostrorum
1260 4329 1371 4410 itaque
1397 4349 1470 4390 con·

208 4432 338 4507 civium,
364 4447 450 4513 parte
476 4453 512 4493 ex
531 4434 628 4494 altera
648 4435 795 4511 existens,
821 4436 924 4515 ipsum
943 4434 1076 4514 juridice
1094 4453 1301 4512 concernens,
1326 4437 1386 4497 sub
1404 4435 1467 4496 eius

208 4539 369 4618 prioribus
393 4540 475 4598 veris
500 4555 530 4599 et
554 4540 694 4619 antiquis
727 4542 829 4616 metis,
861 4538 1010 4601 fratribus
1035 4554 1065 4600 et
1096 4541 1267 4601 conventui
1293 4542 1417 4603 ordinis
1440 4555 1466 4602 et

208 4645 339 4706 ecclesie
365 4646 447 4706 beati
475 4646 632 4706 l'rancisci
659 4646 851 4707 confessoris
876 4666 933 4728 pro
950 4647 1136 4726 octuaginta
1154 4649 1223 4710 flor.
1247 4647 1344 4729 plene
1362 4668 1461 4730 perso·

208 4752 282 4812 lutis
306 4753 450 4814 vendidit
475 4768 630 4835 perpetuo
651 4755 894 4835 possidendum,
920 4755 961 4814 ita
979 4769 1098 4831 tamen,
1123 4754 1211 4834 quod
1238 4755 1325 4816 idem
1343 4756 1459 4818 molen·
