3142 5356
520 490 607 548 Anno
630 501 720 563 1500.
745 522 788 532 —
813 499 858 564 17.
875 489 1026 564 januarii.

146 703 276 784 plebani
300 702 399 762 sancti
417 700 585 779 Anthonii,
610 699 704 781 jurati
721 698 988 780 adjudicaverunt
1011 698 1097 780 juxta
1122 717 1213 760 suam
1240 696 1415 758 fassionem

146 824 177 870 et
200 809 264 870 tale
288 808 497 890 nephandum
522 808 644 869 crimen
668 820 699 868 et
723 806 826 868 scelus
846 826 882 867 ac
906 818 1087 887 peccatum,
1111 804 1199 886 quod
1224 801 1304 865 feria
1328 816 1417 864 sexta

146 914 291 997 proxime
316 929 449 976 ventura
475 915 505 975 in
539 932 657 995 aquarn
682 911 783 995 proici
816 911 931 973 debeat
964 926 994 973 et
1018 912 1073 973 tali
1106 924 1209 972 morte
1235 910 1319 971 mori
1344 910 1419 970 licet

147 1036 287 1084 meretur
310 1040 427 1104 penam
452 1021 548 1082 aliam
573 1019 629 1081 sed
650 1032 781 1102 propter
805 1019 972 1080 lenitatem
989 1016 1244 1079 misericordiam
1269 1014 1419 1078 lecerunt

148 1143 183 1190 ut
206 1128 323 1190 debeat
345 1128 528 1208 submergi;
555 1146 618 1208 que
649 1125 780 1187 tandem
810 1145 848 1187 eo
881 1125 932 1186 die
957 1125 997 1187 ad
1022 1124 1131 1186 locum
1162 1125 1218 1184 ubi
1251 1122 1420 1204 submergi

148 1235 286 1296 debebat
310 1234 445 1295 deducta
470 1246 527 1312 est,
555 1252 653 1314 quam
687 1232 838 1313 magister
869 1231 1061 1294 Valentinus
1084 1244 1186 1292 tortor
1218 1229 1317 1291 huius
1341 1229 1419 1290 civi·

148 1341 222 1402 tatis
247 1340 367 1402 ibidem
400 1359 459 1422 pro
484 1358 584 1400 uxore
615 1338 723 1420 peciit,
757 1358 820 1419 que
852 1339 912 1399 sibi
938 1339 970 1400 in
995 1338 1069 1400 loco
1099 1337 1211 1398 mortis
1234 1355 1294 1418 pro
1318 1354 1421 1397 uxore

149 1447 222 1509 data
247 1461 304 1509 est.

308 1678 404 1757 Feria
433 1686 531 1757 sexta
560 1678 593 1755 in
622 1683 708 1757 testo
737 1676 829 1756 beati
857 1675 1020 1755 lothorii
1050 1675 1265 1754 contessoris.

553 1849 615 1916 (17.
632 1837 785 1915 januarii,
809 1856 879 1898 ann.
905 1837 1008 1913 1500).

258 1980 364 2042 Causa
389 1980 470 2041 inter
495 1979 657 2040 Andream
691 1978 873 2039 carnificem
909 1992 939 2039 et
965 1978 1158 2059 Gregorium
1191 1977 1355 2038 literatum
1383 1999 1421 2039 ex

152 2099 242 2169 parte
267 2086 482 2168 percussionis
507 2087 614 2146 uxoris
639 2086 739 2166 ipsius
763 2087 891 2146 Andree
918 2105 973 2166 per
997 2086 1136 2146 eundem
1163 2083 1361 2165 Gregorium
1388 2086 1420 2145 in

154 2192 251 2254 domo
276 2212 331 2254 sua
357 2207 590 2274 perpetratum,
616 2207 711 2273 prout
744 2193 828 2253 idem
854 2192 1000 2253 Andreas
1024 2212 1097 2253 cim
1129 2190 1302 2254 sufficienti
1335 2193 1422 2253 testi·

151 2298 261 2359 monio
286 2298 519 2379 comprobavit,
544 2298 632 2379 quod
657 2318 727 2359 eam
746 2319 812 2359 esse
837 2300 1035 2359 verberatam
1054 2312 1085 2360 et
1102 2317 1297 2379 percussam,
1323 2297 1420 2376 jurati

151 2403 427 2483 adjudicaverunt,
452 2404 540 2485 quod
566 2404 632 2486 ipse
658 2403 799 2485 prelatus
817 2403 994 2485 Gregorius
1018 2418 1128 2465 contra
1145 2423 1278 2465 uxorem
1305 2401 1422 2485 prefati

152 2509 280 2570 Andree
306 2511 471 2572 convictus
495 2525 541 2571 est
575 2511 607 2571 in
633 2511 744 2572 decem
769 2512 877 2594 pensis
909 2511 1126 2589 denariorum,
1152 2510 1261 2591 juratis
1285 2530 1364 2572 vero
1390 2513 1422 2573 in

152 2629 280 2676 centum
307 2616 466 2692 denariis;
490 2616 653 2699 predictus
670 2617 847 2698 Gregorius
872 2618 1016 2680 literatus
1040 2638 1105 2679 non
1123 2632 1293 2680 contentus
1309 2618 1425 2700 appel·

150 2704 229 2765 lavit
252 2703 291 2765 ad
317 2705 467 2767 seniores.

257 2811 361 2873 Causa
387 2812 469 2872 inter
487 2813 631 2874 Marcum
654 2812 817 2874 literatum
836 2828 867 2875 et
883 2834 1009 2876 sorores
1025 2835 1098 2876 suas
1122 2815 1263 2897 prolium
1281 2814 1424 2876 condam

152 2916 320 2994 Vericzne,
344 2920 384 2978 ab
410 2937 484 2996 una,
508 2932 543 2979 ut
567 2933 700 2997 actores,
726 2935 756 2981 et
780 2921 915 2981 Elenam
942 2941 1075 2983 uxorem
1094 2921 1226 3003 Georgii
1252 2919 1425 2999 carnificis,

153 3022 208 3082 ubi
235 3022 302 3103 ipse
324 3024 450 3085 Marcus
467 3024 594 3085 dicebat
618 3039 648 3085 et
666 3026 763 3086 vellet
780 3027 915 3107 probare
932 3028 1118 3088 testimonio
1135 3028 1312 3089 multorum
1332 3027 1425 3107 quod

154 3128 220 3209 ipsa
246 3127 377 3190 haberet
402 3144 485 3191 certa
511 3133 595 3191 bona
614 3133 723 3193 matris
744 3133 932 3194 eorumdem
952 3134 1102 3195 videlicet
1130 3134 1291 3216 pecunias,
1317 3150 1425 3196 vestes

154 3245 185 3293 et
209 3232 333 3295 diversa
358 3235 505 3296 clenodia
531 3236 658 3314 domus,
683 3238 850 3318 inquibus
876 3255 922 3299 est
946 3240 1039 3300 datus
1055 3241 1211 3301 terminus
1235 3240 1275 3301 ad
1300 3239 1424 3319 produ·

154 3337 292 3399 cendum
310 3341 540 3418 testimonium,
560 3343 615 3402 ubi
633 3344 804 3404 examinati
823 3345 1054 3426 quamplurimi
1071 3360 1167 3408 testes
1180 3347 1212 3407 in
1230 3346 1424 3407 eorumdem

155 3445 291 3524 negocio
317 3446 426 3506 nullus
450 3467 561 3508 eorum
580 3450 728 3510 conscius
752 3464 798 3510 est
821 3451 971 3532 quitquid
990 3453 1029 3512 de
1055 3453 1115 3513 hiis
1131 3472 1194 3533 que
1219 3467 1328 3513 contra
1348 3473 1425 3514 ean·

156 3550 228 3611 dem
253 3554 465 3633 proponebat,
490 3553 595 3614 solum
622 3557 740 3616 conscii
765 3571 838 3617 sunt
863 3557 902 3618 de
935 3559 1075 3638 quadam
1105 3578 1213 3619 mensa
1239 3572 1270 3620 et
1294 3558 1427 3621 duobus

156 3655 259 3716 doleis
283 3676 346 3737 que
371 3656 500 3719 luerunt
535 3661 643 3721 matris
675 3663 875 3738 eorumdem,
904 3663 997 3744 jurati
1030 3664 1307 3744 adjudicaverunt,
1332 3667 1425 3747 quod

155 3761 277 3844 prefata
303 3764 403 3825 Elena
428 3785 507 3826 uxor
531 3766 608 3828 dicti
627 3766 774 3848 Gregorii
798 3769 893 3831 debet
910 3771 969 3830 sibi
996 3771 1130 3832 reddere
1156 3772 1257 3853 ipsam
1276 3791 1424 3834 mensam

156 3882 187 3929 et
211 3868 316 3941 dolea,
341 3869 380 3930 de
406 3871 476 3931 aliis
500 3892 576 3933 vero
593 3893 759 3955 nunquam
782 3875 849 3957 ipse
868 3878 994 3937 Marcus
1018 3896 1090 3938 cum
1108 3879 1273 3939 sororibus
1297 3878 1365 3939 suis
1382 3882 1426 3941 ob

157 3973 238 4035 hanc
262 3995 390 4037 causam
415 3977 570 4060 impetere
596 3980 711 4043 debeat
735 4001 793 4042 nec
817 3983 857 4043 sit
880 4003 986 4047 ausus.
