3142 5356
546 446 632 503 Anno
655 456 747 522 1504.
773 478 814 487 —
838 457 886 504 12.
903 442 1057 520 januarii.

633 655 794 737 Georgius
818 656 983 719 Zthansin.

629 762 767 824 Mathias
791 761 942 825 carnifex.

633 869 829 930 Laurencius
855 868 1117 932 Lachnowichin.

634 974 771 1036 Michael
802 995 922 1057 sporar.

633 1079 794 1162 Georgius
817 1096 916 1144 sutor.

633 1188 779 1249 Andreas
803 1202 902 1250 sutor.

633 1294 745 1355 Petrus
770 1294 890 1357 Benak.

633 1401 824 1463 Valentinus
847 1400 998 1485 frenipar.

632 1507 786 1568 Nicolaus
810 1508 945 1571 Thotar.

636 1614 792 1676 Martinus
816 1615 967 1696 agricola.

632 1720 736 1782 Lucas
760 1721 912 1801 agricola.

633 1826 787 1887 Nicolaus
811 1841 910 1889 sutor.

633 1930 809 2014 Gregorius
833 1947 931 1994 sutor.

675 2078 794 2137 Caetera
817 2079 928 2137 adstent.

166 2276 261 2350 Feria
292 2272 397 2382 tercia
427 2283 581 2368 proxima
611 2280 690 2350 ante
727 2280 849 2351 festum
878 2280 967 2350 beati
1000 2278 1093 2349 Pauli
1123 2271 1223 2367 primi
1253 2277 1436 2349 Heremite.

581 2426 625 2490 (9.
641 2415 794 2490 jheruart'i,
818 2434 888 2475 aran.
913 2415 1016 2491 1504).

273 2536 378 2598 Causa
396 2538 478 2599 inter
496 2537 673 2617 Georgium
694 2536 884 2598 familiarem
905 2538 1029 2598 domini
1047 2537 1188 2598 doctoris
1210 2550 1241 2598 et
1258 2536 1437 2617 quemdam

167 2643 257 2705 Hans
282 2643 454 2721 Croacum‚
480 2663 576 2724 quem
610 2645 770 2704 asserebat
795 2663 862 2704 esse
897 2642 999 2703 lurein
1026 2642 1243 2724 quorumdam
1275 2661 1438 2722 equorum

166 2749 304 2810 duorum
330 2748 442 2830 prelati
470 2749 594 2810 domini
625 2749 776 2827 doctoris,
809 2749 864 2830 qui
891 2748 1051 2828 Georgius
1075 2768 1132 2830 per
1162 2747 1352 2810 mandatum
1378 2747 1438 2809 do-

167 2856 244 2916 mini
270 2856 317 2916 sui
344 2869 375 2916 et
398 2855 592 2936 quibusdam
619 2855 815 2932 hominibus,
851 2875 933 2936 quos
957 2855 1084 2917 dicebat
1107 2869 1203 2916 testes
1227 2873 1306 2933 esse,
1331 2853 1439 2916 dictus

167 2960 327 3041 Georgius
359 2959 434 3022 lecit
465 2961 600 3021 detineri
634 2975 664 3021 et
696 2961 862 3022 detentum
895 2960 1048 3041 judicari,
1083 2962 1136 3023 ubi
1163 2961 1287 3022 domini
1312 2960 1439 3042 judices

166 3087 264 3149 penes
288 3068 429 3148 ipsorum
456 3067 681 3128 attestaciones
704 3067 810 3127 taliter
838 3065 1073 3145 adjudicarunt,
1099 3067 1268 3147 quomodo
1292 3065 1438 3148 prelatus

167 3172 327 3252 Georgius
351 3188 461 3234 contra
486 3173 608 3234 dictum
634 3173 724 3233 Hans
749 3173 875 3233 nullum
897 3173 1117 3233 testimonium
1144 3172 1304 3255 perhiberi
1329 3173 1439 3253 potuit

166 3280 240 3341 ideo
266 3280 351 3341 idem
376 3281 542 3342 convictus
566 3295 612 3341 est
637 3280 667 3340 in
693 3280 768 3340 vivo
794 3279 965 3359 homagi03
997 3279 1127 3340 tandem
1152 3279 1177 3339 si
1203 3279 1306 3339 dictus
1331 3276 1438 3339 Geor-

165 3386 238 3467 gius
263 3407 318 3468 per
343 3387 530 3448 mandatum
557 3386 679 3446 domini
705 3385 753 3445 sui
779 3400 809 3446 et
831 3405 888 3466 per
912 3385 1014 3446 dictos
1039 3399 1134 3446 testes
1152 3383 1226 3446 fecit
1250 3384 1386 3445 detineri
1405 3399 1439 3446 et

167 3512 239 3553 cum
265 3492 433 3553 testificare
458 3513 522 3553 non
549 3493 664 3572 potuit,
690 3493 793 3553 dictus
812 3490 972 3572 Georgius
989 3505 1102 3573 querat
1126 3489 1267 3573 prelatos
1289 3503 1386 3552 testes
1403 3506 1436 3553 et

167 3599 336 3659 dominum
368 3618 473 3659 suum.
507 3597 741 3658 illustrissimus
768 3618 841 3658 vero
874 3598 1026 3657 dominus
1058 3598 1121 3657 dux
1155 3597 1195 3659 de
1227 3593 1352 3678 prelato
1377 3594 1437 3657 ho-

167 3706 274 3785 magio
292 3706 365 3764 vivo
384 3705 442 3786 ipsi
463 3704 604 3784 Georgio
627 3704 768 3784 graciam
791 3704 876 3782 fecit,
893 3724 929 3763 ex
944 3724 1009 3784 quo
1027 3702 1168 3785 prelatus
1185 3702 1275 3763 Hans
1292 3700 1439 3764 Croacus

165 3812 241 3873 talia
266 3812 432 3872 latrocinia
458 3811 661 3893 perpetravit.

167 4014 263 4086 Feria
293 4022 390 4084 sexta
422 4012 575 4102 proxima
615 4021 692 4100 post
721 4013 843 4084 festum
882 4011 970 4083 beati
1000 4012 1095 4082 Pauli
1126 4007 1225 4098 primi
1253 4000 1435 4081 Heremite.

677 4152 743 4226 (12.
760 4147 929 4226 Jhnrrarri').

275 4273 455 4354 Stephanus
470 4291 569 4352 gener
587 4272 761 4333 Pethkonis
785 4272 824 4333 ad
843 4272 1031 4332 instanciam
1050 4268 1175 4330 Nicolai
1193 4267 1311 4330 sutoris
1328 4269 1437 4351 primo

167 4381 281 4443 citatus
306 4399 370 4440 non
396 4379 586 4459 comparuit.

274 4485 398 4547 Eodem
424 4484 475 4546 die
501 4484 648 4546 Thomas
681 4484 898 4567 carpentarius
930 4483 969 4544 ad
996 4480 1185 4542 instanciam
1219 4480 1346 4541 discreti
1378 4481 1437 4544 do-

168 4593 246 4653 mini
272 4590 427 4653 Anthonii
451 4592 584 4653 rectoris
608 4593 716 4653 altaris
733 4592 833 4652 sancti
852 4590 1007 4651 Johannis
1033 4587 1173 4670 Baptiste
1191 4587 1297 4669 primo
1321 4587 1438 4651 citatus

168 4719 232 4760 non
258 4698 447 4780 comparuit.

275 4805 419 4865 Thomas
444 4804 661 4886 carpentarius
686 4816 795 4865 contra
829 4803 1001 4864 discretum
1035 4801 1205 4863 dominum
1229 4799 1435 4864 Anthonium

168 4925 323 4973 rectorem
337 4911 556 4972 altarissancti
570 4909 726 4972 iohannis
737 4910 876 4991 Baptiste
887 4909 1029 4970 secundo
1039 4909 1227 4970 citatusnon
1242 4909 1436 4990 comparuit.
