3142 5356
542 544 747 620 Ann01490.
771 574 813 584 —
836 553 886 617 19.
910 542 1022 600 martii.

676 753 832 838 Thomas.

675 859 884 920 Laurencius.

674 965 863 1046 Gregorius.

674 1071 830 1135 Andreas.

675 1178 819 1241 Mathko.

674 1284 862 1366 Gregorius.

673 1391 796 1454 Petrus.

675 1497 822 1562 Mathias.

674 1604 880 1668 Benedictus.

672 1710 868 1775 Anthonius.

673 1816 860 1898 Gregorius.

674 1924 838 1987 Nicolaus.

670 2030 854 2094 Mikulicza.

672 2136 796 2200 Gallus.

419 2358 516 2432 Feria
545 2367 643 2431 sexta
672 2366 750 2431 ante
778 2357 979 2431 dominicam
1007 2359 1138 2434 Letare.

671 2513 735 2589 (19.
761 2515 888 2586 martir).

261 2651 333 2727 Quia
365 2655 522 2738 providus
555 2654 668 2718 Gallus
702 2653 870 2738 Kodelych
906 2654 1081 2716 modernus
1113 2654 1235 2737 juratus
1266 2656 1412 2719 exhibuit

185 2745 252 2813 ¹¹⁰bls
275 2759 376 2824 literas
408 2762 602 2824 serenissimi
636 2775 666 2822 et
697 2760 924 2841 gratiosissimi
955 2760 1079 2822 domini
1113 2762 1213 2824 nostri
1241 2762 1325 2842 regis
1350 2776 1409 2826 etc.

185 2852 277 2926 racione
306 2869 499 2931 abolicionis
531 2867 696 2930 cuiusdam
730 2866 862 2929 infamie
895 2868 988 2928 nobis
1019 2869 1217 2950 preceptorie
1250 2884 1409 2948 sonantes,

184 2971 282 3034 quarum
303 2990 396 3038 tenor
419 2975 491 3037 talis
515 2990 577 3037 est:
605 2974 741 3036 Mathias
766 2975 816 3035 dei
835 2976 941 3055 gracia
966 2975 1143 3057 Hungarie‚
1169 2975 1324 3037 Bohemie
1349 2990 1408 3039 etc.

185 3078 229 3145 ¹⁸¹,
247 3077 362 3165 duxque
388 3083 525 3144 Austris.
545 3082 711 3143 Fidelibus
727 3082 843 3143 nostris
864 3082 1101 3163 circumspectis
1124 3081 1222 3161 judici
1247 3096 1278 3142 et
1301 3082 1411 3163 juratis

183 3167 273 3248 civibus
293 3190 429 3251 civitatis
453 3201 559 3250 nostre
592 3188 874 3269 Montisgrecensis
905 3188 1040 3249 salutem
1073 3202 1103 3250 et
1127 3188 1278 3269 graciam.
1304 3188 1410 3270 Expo-

186 3274 252 3350 ⁸³11¹m
273 3295 371 3358 extitit
401 3295 495 3356 nobis
519 3313 577 3376 pro
609 3308 697 3376 parte
722 3308 752 3355 et
780 3294 812 3356 in
845 3313 980 3376 persona
1012 3292 1117 3355 fidelis
1148 3294 1247 3355 nostri
1273 3294 1408 3356 circum-

184 3397 253 3462 aaa
274 3400 357 3464 Galli
390 3401 568 3484 Kwdelych
600 3401 741 3463 concivis
772 3402 879 3479 vestri,
903 3401 990 3483 quod
1016 3401 1090 3463 licet
1122 3401 1169 3463 his
1191 3401 1409 3483 superioribus

180 3497 245 3561 mnis
263 3526 313 3586 per
337 3508 416 3570 alias
440 3522 564 3570 nostras
587 3521 662 3570 tunc
694 3507 790 3588 judici
817 3521 847 3569 et
878 3506 987 3588 juratis
1012 3507 1135 3568 civibus
1160 3507 1308 3568 eiusdem
1333 3507 1409 3569 civi·

180 3597 230 3662 tais
253 3628 351 3675 nostre
385 3615 666 3696 Montisgrecensis
697 3597 958 3675 mandaverimus
987 3628 1020 3674 ut
1051 3612 1213 3694 quandam
1240 3610 1409 3675 infamiam

179 3717 222 3780 que
240 3735 338 3782 contra
362 3721 520 3783 honorem
546 3721 621 3782 dicti
649 3721 839 3801 exponentis
859 3733 989 3803 propter
1014 3720 1177 3801 quandam
1201 3720 1307 3782 levem
1332 3740 1406 3782 cau·

178 3822 268 3885 tamin
298 3828 469 3909 registrum
494 3827 576 3888 dicte
609 3827 745 3889 civitatis
776 3841 884 3888 nostre
916 3827 1051 3909 ascripta
1085 3824 1205 3905 suisset,
1230 3846 1267 3888 ex
1292 3827 1406 3889 eodem

179 3921 277 3997 fegistro
300 3934 430 3995 abolere
455 3933 620 4011 deberent,
644 3947 750 3994 tamen
782 3933 827 3994 uti
853 3954 889 3993 ex
921 3932 1160 4014 significacione
1185 3933 1330 3995 eiusdem
1355 3954 1407 3996 ex·

178 4039 291 4101 ponentis
314 4040 527 4121 intelligimus
547 4037 679 4101 infamia
698 4039 896 4101 eiuscemodi
922 4039 1066 4100 nondum
1085 4061 1122 4100 ex
1140 4039 1255 4102 eodem
1273 4040 1408 4122 registro

176 4130 264 4206 abolita
285 4162 377 4225 esset,
401 4160 533 4229 propter
557 4146 645 4228 quod
671 4147 771 4209 eciam
794 4147 825 4208 in
843 4146 1081 4228 presenciarum
1107 4147 1328 4228 circumspecti
1345 4148 1407 4210 Va·

175 4233 283 4313 lentinus
312 4266 402 4315 sutor
432 4269 464 4315 et
488 4254 592 4315 Lucas
623 4253 793 4336 Rybarych
825 4253 973 4315 similiter
1004 4254 1151 4315 concives
1181 4254 1275 4316 vestri
1301 4254 1407 4335 ipsum

174 4362 355 4429 uponentem
381 4373 526 4442 pretextu
555 4360 638 4422 dicte
670 4358 802 4421 infamie
831 4360 1047 4422 diversimode
1080 4361 1284 4443 impedirent,
1317 4360 1406 4422 diffa-

171 4470 268 4526 nrrent
290 4480 321 4529 et
343 4479 498 4528 tortorem
517 4466 730 4545 nominarent,
755 4480 899 4550 preterea
917 4467 1023 4528 eidem
1048 4467 1149 4528 eciam
1175 4467 1279 4528 minas
1295 4467 1408 4529 mortis

165 4558 333 4646 inponerent
357 4574 389 4635 in
407 4573 623 4655 preiudicium
648 4573 791 4635 eiusdem
811 4573 1000 4656 exponentis
1025 4587 1056 4635 et
1080 4573 1323 4656 oppressionem
1341 4592 1406 4634 non

161 4673 313 4742 modicam.
338 4679 425 4754 Quis
449 4698 526 4741 vero
550 4698 609 4741 nos
632 4699 838 4761 nequaquam
867 4679 1030 4761 paciemur
1055 4680 1160 4762 ipsum
1192 4693 1406 4761 exponentem

156 4779 246 4845 mirer
268 4786 419 4868 opprimi,
444 4786 635 4848 mandamus
659 4786 778 4848 idcirco
802 4785 949 4849 fidelitati
971 4799 1073 4847 vestre
1098 4786 1300 4868 presencium
1326 4785 1406 4846 serie

149 4889 337 4955 strictissime
361 4905 520 4975 quatenus
543 4892 648 4955 statim
674 4907 705 4955 et
729 4893 941 4955 incontinenti
971 4893 1110 4975 acceptis
1134 4893 1334 4975 presentibus
1359 4892 1407 4953 ul·

145 4999 250 5066 teriori
274 4998 428 5063 mandato
452 5013 562 5062 nostro
585 5000 757 5083 superinde
789 5000 923 5064 minime
954 5013 1122 5088 expectato
1150 4998 1345 5068 huiusmodi
1365 5001 1418 5068 iu-

1312 5111 1327 5142 δ
