3142 5356
452 1357 580 1455 (Anno
608 1355 765 1444 Domini
792 1354 1117 1456 dccccxxxii.)

149 1695 188 1770 ln
218 1696 362 1771 nomine
392 1693 548 1771 Domini.
581 1694 705 1770 Amen.
736 1695 840 1770 Anno
874 1694 1085 1772 Natiuitatis
1115 1698 1275 1774 eiusdem
1306 1701 1414 1776 mille-

149 1819 243 1894 simo
273 1819 627 1918 quadringentesimo
648 1819 832 1894 tricesimo
854 1819 1023 1912 secundo,
1053 1829 1218 1920 tempore
1235 1821 1415 1918 judicatus

150 1942 252 2018 Petri
276 1943 404 2040 judicis
434 1943 549 2018 nostri
580 1943 739 2017 moderni
769 1941 827 2016 lilii
857 1943 967 2034 Pauli,
991 1967 1141 2042 presens
1179 1945 1331 2021 katerna
1359 1956 1417 2021 est

150 2068 360 2165 conscripta
397 2090 506 2166 super
542 2068 807 2165 registracione
846 2079 883 2141 et
926 2068 1208 2166 consignacione
1238 2080 1416 2145 certarum

150 2191 333 2267 literarum
353 2191 479 2266 ciuium
501 2203 539 2265 et
554 2191 841 2266 cohabitatorum
858 2200 1073 2276 nostrorum,
1094 2215 1245 2290 presens
1265 2195 1417 2269 laterna

149 2337 260 2413 super
296 2315 589 2413 possessionibus
628 2316 661 2388 in
692 2315 837 2390 civitate
878 2315 1021 2389 eteius
1059 2317 1244 2390 territorio
1273 2316 1415 2392 babilis.

258 2542 334 2603 Item
358 2557 425 2604 tora
451 2544 666 2603 communitas
701 2543 797 2603 simul
823 2544 853 2603 irr
880 2562 980 2605 unum
1010 2544 1099 2604 dives
1123 2558 1154 2604 et
1178 2564 1298 2626 pauper
1335 2546 1415 2627 pari,

149 2649 296 2710 unanimi
321 2664 352 2710 et
376 2649 528 2709 concordi
554 2649 729 2726 voluntate,
763 2650 892 2710 nemine
917 2650 1045 2731 penitus
1070 2651 1320 2730 contradicente,
1345 2667 1416 2734 post

150 2769 285 2818 mortem
312 2756 443 2818 domine
470 2756 567 2817 Lucie
600 2756 708 2818 relicte
746 2757 882 2818 condam
912 2757 1067 2817 lobannis
1099 2758 1213 2836 judicis
1238 2758 1414 2842 Zygetbsak

150 2863 237 2940 dicti,
263 2864 425 2925 universas
450 2864 668 2945 possessiones
694 2878 724 2923 et
749 2865 918 2944 porciones
947 2864 1212 2945 possessionarias
1236 2865 1335 2946 ipsius
1362 2867 1413 2926 Jo-

150 2970 265 3031 hannis
289 2970 403 3049 judicis
427 2970 458 3030 in
485 2970 612 3031 civitate
638 2984 668 3031 et
693 2969 761 3031 eius
785 2971 945 3031 territurio
975 2969 1109 3046 babitas,
1134 2971 1249 3051 quovis
1275 2970 1415 3035 nominis

150 3078 308 3138 vocabulo
332 3077 498 3154 vocitatas,
523 3077 627 3158 ipsum
660 3076 793 3151 juridice
827 3091 857 3138 et
880 3076 1055 3137 literatorie
1088 3091 1142 3136 aut
1167 3077 1415 3157 quomodolibet

96 3250 100 3255 ,
149 3183 241 3243 aliter
264 3183 322 3245 rite
347 3198 377 3247 et
400 3183 557 3265 legittime
583 3197 822 3260 concernentes,
848 3203 920 3244 cum
954 3183 1111 3243 universis
1135 3184 1200 3244 suis
1224 3183 1415 3245 utilitatibus

150 3304 180 3350 et
204 3289 410 3370 pertinenciis
447 3290 613 3371 quibusvis
646 3289 809 3371 Stephano
842 3288 909 3350 filio
943 3289 1110 3350 Michaelis
1134 3288 1358 3373 Orthopblycb
1384 3303 1413 3351 et

149 3395 243 3456 Petro
269 3395 425 3457 Panthera
450 3396 538 3458 dicto
562 3394 629 3456 filio
655 3394 753 3472 Galli,
787 3395 860 3457 filiis
884 3396 1002 3457 sororis
1026 3395 1160 3477 predicti
1185 3395 1341 3456 lobannis
1365 3395 1412 3476 ju·

149 3503 228 3563 dicis
251 3518 403 3584 tanquam
437 3503 519 3563 veris
544 3516 574 3563 et
606 3503 770 3584 legittimis
803 3502 1030 3563 commissariis
1061 3502 1241 3564 testamenti
1276 3503 1414 3564 verbalis

149 3609 224 3670 dicti
257 3609 412 3670 lobannis
444 3608 569 3689 judicis,
603 3609 711 3670 statuit
744 3623 901 3690 perpetuo
935 3608 1146 3690 possidendas
1177 3623 1207 3668 et
1231 3608 1412 3689 quomodo·

148 3734 286 3796 cumque
311 3715 473 3776 voluerint
490 3715 717 3796 disponendas,
742 3715 796 3792 sic,
822 3715 910 3796 quod
930 3715 989 3796 ipsi
1015 3714 1153 3774 debeant
1176 3713 1413 3774 celebraciones

148 3839 178 3883 et
210 3823 542 3883 commemoraciones
574 3822 741 3882 missarum
776 3820 878 3882 lacere
913 3840 970 3902 pro
995 3820 1102 3880 anima
1135 3820 1233 3901 ipsius
1258 3818 1413 3880 lobannis

147 3929 262 4008 judicis
295 3929 417 3990 tociens
448 3929 603 4010 quociens
635 3943 853 4010 opportunum
886 3926 981 3988 fuerit
1013 3940 1044 3988 et
1076 3947 1133 4009 pro
1165 3927 1333 3987 animabus
1358 3946 1411 4008 pa·

149 4050 272 4097 rentum
298 4051 329 4098 et
354 4035 613 4118 predecessorum
640 4056 771 4096 suorum
796 4034 932 4096 fideliter
960 4049 990 4095 et
1014 4034 1250 4096 conscienciose
1284 4047 1410 4095 contra·

148 4142 291 4203 diccione
317 4143 537 4223 quorumlibet
562 4163 624 4203 non
651 4145 807 4206 obstante.

254 4249 329 4309 ltem
354 4262 421 4310 tota
446 4249 659 4309 communitas
684 4249 779 4309 simul
804 4249 835 4309 in
862 4267 961 4308 unum
994 4247 1083 4308 dives
1107 4261 1137 4308 et
1161 4266 1293 4327 pauper,
1311 4265 1411 4327 quan-

147 4356 220 4415 dam
246 4370 360 4416 terram
394 4374 600 4415 communem
641 4356 802 4436 spinosam
836 4368 866 4414 et
901 4354 1065 4435 spinarum
1097 4353 1283 4414 excreciorte
1317 4371 1412 4413 occu·

147 4477 251 4543 patam
278 4462 308 4522 in
334 4482 448 4543 campo
473 4463 608 4523 civitatis
641 4463 721 4522 inter
745 4477 842 4522 terras
860 4461 1004 4541 undique
1037 4479 1225 4522 communes
1250 4460 1281 4519 in
1306 4459 1410 4541 capite

147 4570 296 4631 videlicet
320 4568 408 4631 fluvii
435 4569 656 4629 Kalinorririra
683 4569 784 4629 vocati
807 4567 959 4640 habitam,
984 4567 1033 4627 cui
1060 4587 1076 4626 a
1101 4580 1188 4647 parre
1214 4564 1405 4626 occidentali

148 4696 211 4738 uno
234 4675 295 4737 line
313 4677 532 4737 convicinorur
550 4674 646 4736 fenile
665 4676 839 4735 liberorum
858 4673 963 4734 Choni
983 4673 1021 4733 ad
1046 4673 1124 4733 duas
1141 4672 1241 4731 dietas
1259 4670 1410 4731 estivales

145 4798 226 4847 terre
251 4783 380 4845 arabilis
405 4803 461 4867 pro
481 4781 569 4843 senili
596 4782 738 4864 aptando
756 4780 1014 4857 falcasrrabilem,
1039 4799 1111 4840 cum
1129 4779 1194 4839 suis
1219 4778 1411 4839 utilitatibus
