3142 5356
149 318 210 379 288
679 317 765 373 Anno
788 327 878 392 1435.

1259 419 1409 428 *-

148 530 262 592 metrio
286 529 462 610 presbitero
495 527 635 609 plebano
668 527 802 590 ecclesie
836 542 944 589 nostre
969 525 1162 608 parochialis
1195 526 1287 587 beati
1321 525 1417 586 Marci

148 636 365 717 ewangeliste,
390 633 476 695 lratri
503 653 562 694 suo
587 633 716 712 juniori,
742 654 800 716 pro
817 634 931 715 viginti
955 647 1077 716 septem
1095 632 1165 694 flor.
1189 632 1260 694 auri
1286 651 1325 693 ex
1343 651 1418 694 con·

148 762 242 805 sensu
267 741 401 823 predicti
426 740 590 802 Benedicti
623 738 717 820 jurati
741 739 956 801 vendiderunt
980 752 1136 821 perpetuo
1169 736 1418 820 possidendum.

255 848 330 910 ltem
357 846 550 910 Benedictus
573 846 665 908 aliter
690 847 792 908 Bensa
817 859 949 909 vocatus
972 844 1057 907 filius
1082 845 1241 925 Dragech,
1272 846 1418 907 concitis

152 971 269 1032 noster,
293 954 430 1015 directas
454 966 485 1014 et
509 952 641 1034 equales
666 953 853 1014 medietates
885 953 1051 1014 cuiusdam
1077 950 1169 1012 lundi
1193 964 1226 1012 et
1250 951 1362 1012 celarii
1388 953 1417 1012 in

149 1062 292 1144 predicta
318 1061 447 1122 civitate
472 1061 554 1121 inter
578 1059 694 1121 domos
718 1073 748 1122 et
772 1058 890 1120 fundos
908 1058 1037 1141 Mathye
1062 1072 1093 1119 et
1117 1056 1250 1139 Georgii
1276 1056 1418 1119 filiorum

150 1168 258 1245 Blasii,
283 1167 323 1227 ab
348 1186 412 1226 una
436 1180 537 1248 parte,
561 1168 601 1226 ab
626 1163 724 1226 altera
756 1185 834 1226 vero
859 1165 987 1226 Thome
1021 1178 1051 1225 et
1077 1162 1209 1244 Georgii
1236 1177 1418 1226 nostrorum

149 1274 329 1336 concivium
357 1273 455 1334 habiti
480 1286 510 1333 et
535 1272 708 1348 existentis,
744 1291 842 1333 unam
866 1271 1017 1334 videlicet
1041 1286 1188 1354 quartam
1214 1272 1305 1334 curie
1331 1272 1418 1332 inse

150 1381 361 1456 continentes,
394 1377 518 1460 prelato
551 1378 679 1460 Mathye
715 1379 770 1439 uni
803 1378 910 1439 vicino
944 1399 1002 1440 suo
1036 1400 1073 1442 ex
1106 1399 1265 1440 consensu
1292 1377 1420 1440 Thome

150 1487 245 1548 aliam
271 1498 418 1567 quartam
444 1483 565 1546 ibidem
592 1484 768 1546 literatorie
801 1484 997 1566 possidentis
1020 1499 1051 1547 et
1074 1486 1214 1546 aliorum
1239 1485 1420 1546 vicinorum

151 1591 365 1675 predictorum
392 1590 538 1651 vendidit
562 1606 719 1672 perpetuo
744 1590 987 1672 possidendum.

257 1697 335 1759 ltem
368 1697 485 1758 Vrsula
510 1696 626 1757 mulier
658 1695 722 1757 filia
756 1696 912 1759 Anthonii
944 1697 1076 1759 textoris
1108 1697 1272 1778 quandam
1298 1710 1420 1780 partem

151 1824 207 1865 seu
232 1803 418 1885 porcionem
448 1802 614 1864 cuiusdam
641 1800 732 1864 fundi
759 1804 790 1863 in
822 1804 947 1864 civitate
973 1804 1115 1886 predicta
1140 1804 1223 1866 inter
1249 1804 1366 1865 domos
1391 1818 1421 1864 et

152 1912 270 1974 fundos
295 1930 330 1971 ac
349 1908 496 1971 hedilicia
517 1908 647 1992 Mathye
666 1910 742 1971 dicti
759 1911 878 1970 Farltas
894 1909 951 1971 filii
972 1911 1077 1992 Egidii
1096 1925 1127 1971 et
1144 1911 1277 1972 domine
1304 1910 1420 1972 Kathe·

152 2018 220 2080 rinc
245 2017 401 2078 consortis
424 2036 480 2076 sue
505 2016 605 2077 habiti
630 2030 660 2076 et
677 2016 850 2094 existentis,
875 2031 995 2098 partem
1023 2031 1058 2078 ut
1075 2017 1250 2099 predicitur
1274 2037 1332 2077 seu
1349 2036 1420 2098 por·

152 2126 278 2186 cionem
312 2124 454 2201 terciam,
488 2141 584 2183 unam
619 2139 764 2184 octavam
797 2124 1024 2185 tantummodo
1061 2125 1092 2185 in
1124 2144 1157 2185 se
1189 2125 1420 2201 continentem,

153 2231 282 2314 Mathye
307 2231 419 2291 sartori
446 2228 513 2290 filio
533 2228 662 2311 Mathye
688 2230 809 2290 ibidem
828 2250 923 2291 unam
946 2243 1091 2311 quartam
1116 2250 1134 2290 a
1158 2244 1248 2312 parte
1266 2230 1420 2291 anteriori

153 2337 328 2420 possidenti
353 2356 411 2418 pro
436 2356 488 2396 sex
515 2334 585 2396 flor.
610 2335 756 2396 vendidit
780 2349 936 2418 perpetuo
961 2336 1201 2418 possidendam.

259 2442 336 2503 ltem
362 2441 515 2522 magister
533 2439 694 2501 lohannes
718 2441 868 2523 lapicida,
892 2442 1024 2522 juratus,
1053 2442 1193 2503 concivis
1211 2456 1322 2505 noster
1339 2441 1422 2503 filius

156 2546 298 2628 magistri
325 2547 407 2607 Petri
433 2546 581 2608 similiter
611 2547 760 2628 lapicide,
791 2547 953 2629 quandam
986 2547 1119 2609 domum
1144 2567 1235 2609 suam
1262 2563 1421 2610 muratam

154 2652 250 2714 simul
285 2672 356 2713 cum
393 2652 494 2714 fundo
528 2667 558 2713 et
591 2651 748 2714 hedificiis
780 2654 811 2714 in
844 2655 926 2716 dicta
952 2655 1078 2716 civitate
1109 2655 1192 2716 inter
1223 2655 1360 2718 domum
1392 2669 1423 2719 et

155 2760 290 2822 fundum
318 2761 405 2821 Luce
433 2775 463 2821 et
487 2760 643 2821 Anthonii
669 2759 809 2823 filiorum
835 2761 954 2824 Cosme
973 2782 1008 2823 ac
1034 2762 1115 2824 inter
1139 2762 1219 2823 duas
1243 2765 1313 2825 vias
1336 2783 1421 2825 com·

155 2887 268 2928 munes
292 2865 446 2945 habitam,
472 2886 569 2928 unam
597 2867 751 2947 integram
778 2883 809 2929 et
826 2868 966 2930 mediam
991 2869 1111 2930 curiam
1136 2868 1169 2929 in
1194 2889 1229 2930 se
1253 2872 1421 2932 eontinen-

154 2988 230 3052 tem,
266 2973 440 3034 Valentino
474 2973 577 3054 jurato
617 2975 740 3035 conciri
780 2990 888 3036 nostro
919 2973 987 3036 filio
1022 2975 1084 3036 lwlr
1116 2996 1175 3058 pro
1207 2977 1420 3060 quadraginta

156 3093 295 3161 quatuor
319 3078 387 3141 flor.
412 3079 480 3140 auri
506 3078 651 3140 vendidit
675 3094 831 3161 perpetuo
848 3080 1075 3164 possidendam
1101 3102 1137 3144 ex
1165 3101 1327 3146 consensu
1346 3085 1421 3146 vici·

155 3204 271 3247 norum
296 3184 527 3267 predictorum.

263 3290 340 3352 ltem
376 3291 495 3352 Paulus
526 3291 656 3353 sellator
687 3290 771 3353 filius
805 3293 976 3375 Stephani,
1010 3294 1088 3355 alias
1120 3294 1422 3376 juratus,.concivis

156 3412 263 3459 noster
287 3412 317 3458 et
342 3397 443 3459 Elena
469 3397 585 3458 mulier
610 3397 718 3459 relicta
744 3399 881 3460 condam
900 3400 983 3461 Petri
1014 3400 1218 3479 balneatoris,
1244 3422 1333 3464 nunc
1349 3423 1421 3464 con·

156 3524 224 3565 sors
248 3503 405 3584 legittima
432 3503 528 3564 Blasii
562 3504 716 3565 institoris
747 3503 804 3565 filii
830 3504 970 3583 Thome,
1004 3507 1215 3567 commissarii
1241 3508 1419 3570 testamenti

158 3609 337 3671 Clementis
360 3610 563 3688 balneatoris,
583 3610 788 3672 medietatem
811 3612 975 3673 cuiusdam
995 3612 1121 3690 domus,
1139 3611 1229 3674 lundi
1256 3629 1288 3675 et
1314 3613 1419 3676 celarii

157 3736 192 3776 ac
218 3713 440 3776 hedificiorum
469 3716 498 3776 in
525 3717 595 3777 vico
621 3717 757 3777 civitatis
785 3718 933 3778 exteriori
960 3739 1015 3779 seu
1040 3718 1143 3799 platea
1169 3719 1420 3782 Theuthonicali

156 3822 238 3883 inter
263 3821 378 3882 domos
403 3836 434 3882 et
459 3820 577 3883 fundos
610 3823 788 3884 liberorum
814 3824 951 3885 condam
977 3825 1067 3885 Pauli
1101 3825 1371 3889 molendinatoris
1393 3840 1421 3888 et

159 3927 290 4009 Georgii
317 3928 510 4011 Pykou'ych,
535 3930 574 3989 ab
593 3949 655 3990 una
681 3944 779 4010 parte,
805 3932 844 3990 ab
861 3931 958 3991 altera
984 3950 1059 3992 vero
1083 3931 1259 3993 liberorum
1285 3935 1419 3995 condam

158 4034 242 4096 Petri
267 4034 384 4094 sutoris
400 4033 518 4112 habite,
537 4054 633 4095 unam
652 4051 797 4117 quartam
817 4037 902 4097 curie
924 4038 956 4098 in
974 4057 1007 4098 se
1025 4037 1226 4117 retinentem,
1244 4059 1307 4121 que
1326 4040 1419 4123 ipsius

159 4139 337 4202 Clementis
362 4139 556 4200 balneatoris
580 4140 751 4222 prefuerat,
775 4143 948 4204 Valentino
980 4143 1065 4205 dicto
1090 4143 1243 4225 lglichich
1268 4146 1419 4208 vendide-

158 4261 232 4307 runt
257 4265 294 4305 ex
320 4265 478 4305 consensu
503 4246 680 4308 vicinorum
707 4249 924 4330 predictorum
958 4265 1113 4332 perpetuo
1138 4252 1379 4334 possidendam.

265 4352 341 4413 ltem
368 4353 582 4414 communitas
600 4355 760 4434 quendam
788 4354 924 4418 fundum
942 4377 1078 4418 vacuum
1096 4371 1127 4419 et
1151 4356 1311 4420 hedificiis
1328 4360 1420 4422 desti·

159 4473 263 4520 tutum
289 4459 425 4521 condam
452 4461 577 4521 Nicolai
603 4461 677 4521 dicti
705 4463 843 4524 Baccusa
870 4464 908 4525 de
939 4464 1107 4544 Mikulich,
1143 4465 1226 4526 inter
1250 4464 1370 4529 fundos
1392 4478 1421 4527 et

160 4565 275 4626 domos
299 4566 473 4626 liberorum
507 4567 645 4628 condam
671 4567 778 4630 Choni
810 4571 936 4650 judicis,
968 4572 1007 4631 ab
1041 4590 1114 4650 una,
1148 4585 1237 4654 parte
1261 4573 1302 4635 ab
1327 4574 1422 4636 altera

160 4692 235 4734 vero
260 4672 385 4734 discreti
411 4673 469 4734 viri
503 4675 625 4735 domini
659 4676 784 4736 Nicolai
818 4678 984 4758 presbiteri
1016 4677 1146 4760 plebani
1179 4677 1219 4740 de
1245 4679 1354 4762 Spinis
1384 4680 1422 4742 de

160 4779 242 4841 ultra
269 4779 374 4858 Zawa,
400 4795 430 4841 et
454 4780 537 4842 Petri
563 4780 687 4843 Chilran
714 4796 745 4844 et
766 4782 847 4844 inter
871 4782 1007 4845 fundum
1026 4799 1057 4847 et
1081 4784 1217 4846 domum
1242 4785 1329 4848 lwan
1347 4785 1422 4848 dicti
