3142 5356
519 426 607 485 Anno
629 441 720 505 1491.
745 461 787 472 -
811 425 863 490 26.
887 432 1018 509 augusti.

668 640 870 702 Benedictus.

667 745 837 826 Georgius.

664 852 777 914 Lucas.

663 957 834 1039 Georgius.

668 1062 801 1145 Gaspar.

662 1169 855 1233 Anthonius.

667 1276 803 1338 Marcus.

669 1380 839 1464 Georgius.

667 1488 787 1550 Petrus.

667 1594 813 1656 Mathias.

666 1699 789 1762 Gallus.

665 1806 829 1868 Nicolaus.

664 1911 849 1993 Gregorius.

664 2019 872 2083 Laurentius.

665 2124 851 2209 Gregorius.

220 2343 291 2432 Ferit
315 2375 408 2439 sexta
438 2371 469 2438 in
499 2369 586 2439 sesto
616 2365 703 2438 beati
732 2366 897 2456 Johannis
927 2374 1005 2438 ante
1034 2375 1168 2456 portam
1197 2369 1350 2440 latinam.

670 2517 716 2594 [ό.
748 2519 849 2589 mar'i).

256 2653 317 2722 ltem
341 2682 435 2724 causa
453 2663 535 2723 inter
554 2660 731 2742 Georgium
757 2661 955 2744 Wythkoich
974 2676 1004 2723 et
1021 2662 1228 2724 Valentinum
1253 2664 1397 2726 seniores

180 2741 409 2829 iudicesracione
442 2767 608 2830 cuiusdam
641 2766 756 2848 injurie
784 2768 877 2848 jurati
910 2768 1177 2849 adjudicaverunt
1200 2768 1255 2831 tali
1287 2770 1397 2850 modo,

179 2862 241 2930 ‘ll0d
255 2868 431 2937 Valentinus
443 2874 539 2955 judex
556 2874 687 2936 habebit
703 2875 887 2936 terciusmet
904 2874 1007 2955 jurare
1024 2875 1064 2936 ad
1081 2876 1397 2957 quintumdecimum

179 2956 246 3047 diem,
265 2982 341 3060 quod
368 2980 454 3042 idem
479 3001 544 3042 non
570 2980 649 3041 dixit
673 2980 727 3041 illa
755 2981 852 3042 verba
879 2981 938 3062 ipsi
965 2979 1107 3063 Georgio
1131 2981 1330 3064 Wythkoich
1356 2982 1396 3043 ad

178 3063 279 3151 aliquam
301 3088 449 3169 injuriam
474 3087 526 3148 vel
550 3087 768 3169 calumpniam
785 3088 836 3148 vel
852 3086 1065 3169 vilipendium
1089 3107 1202 3163 suum;
1220 3088 1245 3148 si
1267 3087 1396 3167 jurabit,

177 3179 229 3237 ΝΜ
246 3207 273 3250 et
294 3213 359 3275 quo
374 3191 535 3275 Georgius
555 3193 754 3275 Wythkoich
780 3194 918 3255 eundem
935 3193 1143 3256 Valentinum
1169 3195 1393 3276 captivaverat,

177 3289 296 3359 c⁰11Vittns
319 3313 365 3361 est
389 3299 449 3360 sibi
475 3300 507 3360 in
524 3299 677 3380 homagio
702 3300 795 3377 vivo;
816 3300 901 3361 idem
920 3299 1080 3381 Georgius
1104 3299 1302 3383 Wythlroich
1328 3319 1394 3361 non

176 3399 299 3466 contentus
322 3406 498 3488 appellavit
521 3405 561 3466 ad
586 3406 738 3467 seniores.

247 3506 313 3573 ltem
339 3532 433 3574 causa
457 3512 541 3574 inter
568 3511 777 3573 Dominicum
811 3511 986 3594 Perowych
1019 3525 1049 3575 et
1073 3511 1250 3594 Georgium
1276 3513 1393 3595 Wyth·

191 3602 241 3671 Veh
252 3635 373 3702 propter
391 3619 479 3701 quod
497 3618 657 3700 Georgius
675 3618 871 3701 Wythkoich
889 3618 994 3680 eidem
1014 3619 1175 3681 Domkoni
1194 3620 1238 3681 sic
1256 3619 1396 3698 dixisset,

192 3717 236 3776 ¹¹0d
255 3724 281 3786 in
304 3727 365 3788 hoc
379 3728 559 3788 vertitatem
576 3746 641 3788 non
666 3726 797 3788 dixisset
817 3746 875 3787 nec
893 3727 981 3804 dixit,
1006 3725 1098 3807 jurati
1116 3725 1394 3805 adjudicaverunt,

190 3822 234 3882 uod
253 3834 386 3910 prelatus
411 3832 601 3894 Dominicus
618 3832 793 3915 Perovvych
816 3832 856 3893 ad
884 3832 1197 3914 quintumdecimum
1223 3831 1308 3892 diem
1340 3831 1394 3892 ha-

174 3915 234 3989 bebit
251 3940 453 4022 comprobare
478 3938 567 4020 quod
591 3939 635 4000 sic
660 3959 725 4001 non
751 3939 840 4001 dixit.

176 3595 188 3655 l

176 3722 188 3784 l

174 3828 188 3890 l

201 4160 271 4246 leria
297 4188 393 4250 sexta
423 4180 577 4267 proxima
606 4185 684 4249 ante
713 4177 833 4248 festum
864 4174 953 4247 beati
982 4173 1160 4264 Augustini
1190 4176 1351 4247 doctoris.

642 4327 707 4405 (26.
731 4330 874 4405 augusti).

243 4470 340 4535 Causa
377 4474 460 4535 inter
496 4473 704 4535 Valentinum
737 4471 876 4550 judicem
910 4484 940 4531 et
973 4470 1097 4530 lelltam
1131 4488 1264 4530 uxorem
1298 4468 1394 4529 Blasii

160 4565 300 4658 ltenipatis
324 4600 380 4662 per
412 4580 561 4641 Thurcos
592 4579 733 4656 abducti,
766 4577 893 4638 racione
918 4591 949 4637 et
980 4590 1125 4658 pretextu
1157 4575 1273 4636 domus
1296 4575 1395 4656 ipsius

157 4676 234 4745 Blasii
256 4701 286 4748 et
308 4706 376 4765 sue,
400 4706 499 4768 quam
524 4686 590 4766 ipsa
616 4686 704 4748 Jelka
731 4683 854 4766 prefato
880 4683 1052 4744 Valentino
1084 4681 1181 4761 judici
1207 4681 1395 4742 vendiderat

151 4786 209 4852 flor.
231 4792 339 4874 viginti
363 4813 417 4855 sex
441 4812 501 4874 pro
523 4792 641 4854 debitis
664 4792 782 4872 quibus
807 4790 873 4871 ipse
903 4789 1028 4850 Blasius
1052 4788 1213 4869 obligatus
1238 4785 1330 4865 soret,
1355 4786 1393 4847 de

146 4914 200 4981 qut
222 4917 344 4962 summa
367 4899 438 4963 flor.
461 4897 680 4962 vendicionali
706 4897 738 4959 in
769 4910 887 4958 sortem
915 4896 1014 4978 ipsius
1046 4893 1163 4955 domus
1187 4893 1300 4955 habuit
1324 4893 1394 4957 flor.
