3142 5356
220 345 281 405 224
753 325 953 401 Anno1432.

222 537 305 598 torio
330 537 466 598 civitatis
494 535 578 616 juxta
616 537 742 598 vineam
768 536 942 598 liberorum
969 535 1106 597 condam
1133 535 1310 617 sthephani
1344 537 1484 598 salivcne

219 664 236 705 a
262 643 492 724 septemtrione
518 658 548 704 et
572 643 733 724 quandam
769 645 915 704 semitam
941 643 980 702 ab
1013 642 1124 703 cadem
1150 642 1415 724 septemtrionem
1442 645 1486 704 in·

221 749 392 831 cipientem
419 763 449 809 et
475 748 513 809 ad
539 763 660 830 partem
686 749 875 810 orientalem
899 748 1118 831 procedendo,
1131 769 1187 830 per
1212 763 1312 810 metas
1329 765 1488 812 certarum

219 856 369 916 arborum
404 855 435 914 in
470 855 560 915 litera
592 854 785 935 privilegiali
820 870 1091 936 expressatatum,
1126 874 1182 936 pet
1212 857 1487 918 testamentariam

219 961 420 1041 legacionem
447 961 538 1020 Pauli
557 960 828 1022 Charanthowich
852 976 882 1021 ct
900 961 1077 1042 Elyzabeth
1094 981 1150 1022 sue
1169 963 1327 1023 consortis
1345 961 1489 1044 Georgio

220 1065 288 1128 filio
313 1068 502 1129 eorumdem
528 1067 619 1128 Pauli
645 1081 676 1128 et
693 1067 870 1150 Elyzabeth
889 1082 935 1128 est
960 1082 1116 1149 perpetuo
1140 1067 1209 1148 jure
1234 1068 1414 1130 literatorio
1431 1084 1491 1130 sta·

219 1187 287 1234 tuta
298 1187 328 1234 et
341 1187 415 1235 sunt
429 1186 543 1234 statute
555 1173 748 1254 possidende
759 1188 790 1234 et
804 1173 1113 1254 quomodocumque
1124 1174 1262 1235 voluerit
1276 1174 1490 1257 disponende.

310 1375 389 1446 Item
420 1376 561 1446 sabbato
596 1377 749 1464 proximo
779 1384 855 1462 post
892 1375 1014 1445 festum
1044 1373 1280 1446 conversionis
1310 1378 1401 1449 beati

716 1499 811 1570 Pauli
841 1499 997 1587 apostoli.

730 1655 797 1726 (26.
816 1652 983 1730 januaria).

329 1777 405 1838 ltem
432 1776 563 1838 domina
589 1776 767 1859 Elyzabeth
799 1777 908 1839 relicta
941 1776 1077 1837 condam
1104 1775 1268 1837 Valentini
1294 1775 1489 1851 stationarii,

224 1903 308 1944 nunc
333 1904 409 1944 vero
434 1903 565 1944 consors
589 1884 730 1964 magistri
765 1883 920 1944 lobannis
948 1882 1041 1962 jurati
1075 1882 1221 1943 moderni
1259 1881 1316 1943 filii
1343 1880 1487 1962 magistri

225 1989 308 2049 Petri
335 1990 374 2049 de
399 1990 510 2069 Praga,
536 1989 698 2070 quandam
721 1991 907 2070 porcionem
926 1989 1084 2049 vinealem
1111 1988 1203 2048 vinee
1228 1987 1409 2065 cuiusdam,
1426 2006 1487 2067 que

224 2095 361 2155 condam
389 2096 501 2155 Briccii
535 2094 691 2155 loffarrow
725 2094 895 2176 prefuerat,
930 2095 960 2154 in
986 2095 1146 2155 territorio
1179 2094 1316 2154 civitatis
1349 2093 1487 2173 predicte

222 2203 304 2262 inter
328 2202 437 2262 vineas
464 2221 520 2262 seu
545 2203 687 2262 vineales
710 2203 878 2283 porciones
897 2199 1008 2282 prelati
1035 2201 1148 2261 Briccii
1168 2198 1325 2261 Joffanow
1352 2213 1383 2260 et
1407 2199 1487 2260 Mar·

222 2308 279 2368 tini
304 2308 433 2368 sartoris
467 2307 591 2389 pridem
616 2307 708 2387 jurati
743 2306 799 2367 filii
830 2307 958 2367 Thome
993 2306 1145 2383 habitam,
1171 2325 1188 2366 a
1213 2305 1369 2386 porcione
1394 2305 1485 2365 vinee

221 2414 322 2495 ipsius
348 2415 460 2475 briccii
487 2414 545 2495 ipsi
571 2414 696 2475 Briccio
722 2413 878 2476 Joffanow
903 2413 1006 2474 adhuc
1027 2426 1212 2474 remanente
1237 2427 1417 2494 prenotata,
1441 2425 1485 2473 ta·

222 2521 293 2581 liter
310 2519 491 2580 distinctam
510 2533 540 2581 et
557 2533 746 2601 separatam,
765 2519 949 2600 incipiendo
967 2519 1114 2580 videlicet
1132 2519 1268 2600 desuper
1285 2539 1303 2578 a
1320 2519 1371 2579 via
1396 2537 1484 2579 com·

221 2626 311 2687 muni
337 2646 353 2686 a
379 2645 474 2707 parva
500 2626 613 2686 arbore
630 2625 719 2707 pomi
744 2624 897 2686 silvestris
921 2624 1007 2704 juxta
1024 2625 1120 2686 aliam
1138 2625 1285 2686 arborem
1310 2624 1400 2705 pomi
1418 2642 1481 2684 ma·

222 2731 321 2812 jorem
349 2731 380 2792 in
413 2733 565 2812 porcione
597 2732 739 2812 predicta
773 2732 872 2813 ipsius
905 2731 1017 2792 Briccii
1044 2730 1201 2792 loffanovv
1234 2745 1422 2792 remanente
1454 2730 1482 2790 in

223 2838 331 2919 spacio
356 2839 451 2898 unius
476 2838 551 2898 ulne
584 2836 696 2915 ferree,
727 2835 808 2897 infra
841 2837 960 2897 directe
994 2837 1157 2899 tendendo
1181 2856 1237 2919 per
1269 2837 1415 2898 medium
1447 2834 1484 2897 ad

224 2959 340 3005 terram
366 2946 424 3005 sub
449 2944 577 3021 vitibus,
610 2959 640 3005 et
672 2944 788 3005 abhinc
821 2943 941 3005 directe
969 2944 1071 3005 tendit
1096 2941 1176 3005 inlra
1209 2944 1248 3004 ad
1275 2963 1407 3026 parvam
1440 2962 1484 3004 ar·

223 3052 334 3111 borem
360 3051 476 3111 merusi
502 3071 594 3111 cruce
619 3051 787 3131 signatam,
813 3050 928 3110 deinde
961 3064 1044 3111 recte
1070 3069 1171 3131 usque
1196 3051 1368 3111 decursum
1393 3068 1484 3131 aque,

222 3176 294 3217 cum
322 3160 387 3217 suis
420 3156 610 3218 utilitatibus
636 3171 666 3217 et
690 3156 896 3238 pertinenciis
928 3156 1084 3217 universis
1118 3157 1204 3218 Luce
1229 3157 1345 3218 cultori
1371 3178 1408 3218 ac
1431 3174 1483 3238 per

222 3282 295 3323 eutn
321 3263 386 3322 suis
411 3261 583 3323 heredibus
607 3282 664 3344 pro
690 3263 860 3324 medietate
885 3262 1051 3324 cuiusdam
1069 3263 1195 3341 domus,
1220 3264 1376 3345 porcione
1400 3262 1483 3324 vide·

221 3368 293 3429 licet
316 3389 383 3447 sua,
416 3388 451 3428 ac
476 3389 533 3450 pro
566 3369 786 3430 additamento
810 3369 939 3450 triginta
971 3369 1039 3431 flor.
1073 3371 1141 3430 auri
1176 3390 1231 3451 per
1256 3370 1392 3432 modum
1417 3389 1483 3452 per·

225 3475 418 3536 mutacionis
443 3474 531 3534 dedit
555 3488 710 3556 perpetuo
735 3475 974 3556 possidendam.

330 3581 406 3641 ltem
433 3579 573 3662 prelatus
599 3581 752 3642 Nicolaus
781 3580 866 3643 filius
891 3581 1024 3642 Fabiani
1049 3581 1144 3662 judex
1170 3596 1277 3642 noster
1301 3582 1482 3656 modernus,

220 3688 383 3767 quendam
409 3685 563 3767 (h)ortum
596 3707 689 3747 suum
715 3688 810 3748 simul
844 3708 916 3748 cum
951 3688 1078 3748 vineola
1104 3688 1224 3748 ibidem
1257 3686 1378 3765 habita,
1402 3700 1482 3747 extra

222 3793 346 3853 Novam
373 3808 498 3875 portam
524 3793 661 3854 civitatis
686 3792 805 3874 prefate
832 3796 912 3854 inter
941 3793 1095 3874 (hlortum
1120 3793 1179 3854 viri
1204 3793 1331 3874 providi
1358 3792 1482 3872 Mathye

220 3899 349 3959 sartoris
382 3913 411 3959 et
443 3899 618 3959 liberorum
644 3919 699 3960 seu
733 3919 951 3960 successorum
984 3900 1120 3960 condam
1152 3898 1258 3961 Choni
1284 3898 1402 3979 judicis
1432 3899 1482 3960 ha·

221 4006 334 4084 bitum,
359 4026 456 4066 unam
482 4019 626 4086 quartam
653 4007 684 4066 in
707 4027 738 4066 se
757 4007 987 4084 continentem,
1012 4006 1146 4067 domino
1164 4005 1381 4068 Constantino
1406 4005 1482 4088 epis·

221 4131 303 4193 copo
329 4113 463 4173 Rosensi
490 4113 609 4173 vicario
627 4113 830 4194 episcopatus
854 4113 1070 4192 zagrabiensis
1089 4113 1119 4173 in
1134 4111 1376 4194 pontificalibus
1391 4131 1481 4195 gene·

221 4219 289 4298 rali,
314 4219 377 4300 jam
403 4239 488 4280 novo
513 4220 637 4280 concivi
656 4235 764 4280 nostro
794 4218 861 4280 lilio
880 4220 1056 4281 Clementis
1078 4219 1117 4279 de
1135 4219 1381 4282 Hrazthowicza
1399 4219 1483 4281 dedit

222 4340 252 4387 et
276 4325 473 4387 condonavit
496 4347 532 4387 ac
558 4326 759 4408 perpetuavit
791 4339 947 4406 perpetuo
980 4325 1223 4406 possidendum,
1248 4339 1279 4386 et
1303 4325 1482 4406 quomodo·

221 4452 359 4514 cumque
384 4433 523 4494 voluerit
548 4433 784 4514 disponendum
810 4431 895 4510 juxta
918 4433 1143 4494 condicionem
1169 4447 1199 4493 et
1223 4431 1481 4513 jurisdiccionem

221 4539 357 4601 civitatis
382 4554 559 4620 prenotate,
585 4540 626 4599 ita
651 4553 769 4614 tamen,
795 4539 880 4619 quod
900 4539 984 4600 idem
1011 4538 1130 4599 fundus
1153 4558 1209 4600 seu
1234 4539 1373 4619 (h)ortus
1390 4539 1483 4601 unius

221 4660 331 4728 quarte
365 4665 421 4707 nec
446 4665 502 4727 per
534 4644 711 4726 predictum
737 4645 906 4704 dominum
932 4644 1182 4706 Constantinum
1214 4645 1402 4728 episcopum
1428 4665 1483 4707 nec

221 4861 317 4922 avelli
339 4880 402 4921 non
428 4860 527 4941 possit
551 4878 609 4919 nec
634 4857 766 4918 alienari
792 4858 890 4919 modo
915 4858 1058 4938 aliquali.
