3142 5356
150 541 210 609 ¹94
393 518 396 523 ’
520 525 605 582 Anno
628 529 716 599 1510.
740 556 782 565 —
807 514 858 582 18.
873 514 1025 601 anuarir'.

146 740 178 801 in
202 737 298 800 simili
324 736 476 819 homagio
500 737 575 797 vivo
599 749 630 797 et
658 755 730 797 cum
764 733 912 815 expensis
937 733 1001 793 illis
1032 751 1112 812 quas
1136 731 1287 813 exposuit
1311 716 1447 791 dicad

147 844 282 908 Michael
307 845 338 905 in
364 844 466 905 causis
499 843 564 905 istis
593 842 775 903 ambulans.
810 839 935 901 Eodem
968 838 1020 899 die
1045 837 1149 898 dictus
1182 836 1324 898 Michael
1348 800 1459 896 nos

146 964 314 1014 contentus
338 951 377 1012 de
403 950 522 1031 judicio
547 949 724 1030 juratorum
749 947 788 1008 ad
823 947 966 1007 seniores
991 944 1114 1023 judices
1138 944 1326 1026 appellavit.

298 1187 394 1260 laria
423 1197 520 1259 sexta
549 1195 626 1277 post
653 1186 776 1258 festum
806 1187 895 1257 beati
925 1183 1085 1256 Anthonil
1117 1184 1264 1255 abbatis.

658 1338 721 1414 (18.
739 1343 907 1417 januaria).

255 1482 360 1545 Causa
392 1484 473 1544 inter
506 1483 765 1566 Myskowyczam
800 1497 830 1543 et
862 1482 1032 1543 Nicolaum
1066 1480 1168 1542 filium
1200 1480 1410 1542 Kwnteschslt

150 1589 277 1651 racione
303 1588 467 1651 cuiusdam
487 1588 618 1669 dampni
644 1608 700 1670 per
719 1590 822 1669 ipsum
841 1588 1011 1649 Nicolaum
1042 1588 1125 1648 dicte
1151 1587 1279 1648 mulieri
1297 1585 1413 1649 factum

151 1695 184 1756 in
208 1697 276 1759 flor.
302 1695 425 1772 decern,
449 1693 542 1773 jurati
568 1695 611 1755 sic
636 1693 913 1773 adjudicaverunt,
934 1694 1023 1775 quod
1049 1694 1133 1755 dicta
1158 1694 1277 1755 mulier
1302 1694 1416 1756 debeat

151 1802 313 1884 deponere
337 1800 552 1880 juramentum
579 1802 609 1861 in
629 1821 681 1861 ara
704 1815 811 1862 sancte
836 1800 950 1863 Crucis
966 1801 1131 1862 terciamet
1149 1801 1343 1863 mulieribus
1358 1801 1417 1863 sibi

151 1906 309 1966 similibus
334 1906 372 1967 ad
399 1907 714 1987 quintumdecimum
734 1908 821 1968 diem
846 1927 941 1988 super
958 1907 1136 1988 dampnum
1159 1906 1239 1968 illud
1265 1908 1356 1988 quod
1374 1920 1420 1969 est

153 2013 258 2075 eidem
284 2013 411 2074 mulieri
436 2033 493 2095 per
517 2013 638 2075 dictum
658 2014 827 2074 Nicolaum
853 2014 913 2074 sibi
933 2012 1069 2089 lactum3
1095 2033 1167 2074 cum
1192 2013 1275 2074 dicta
1303 2015 1421 2077 mulier

153 2119 293 2201 deponet
325 2119 552 2198 juramentum,
584 2134 699 2181 extunc
732 2120 836 2181 dictus
869 2120 1021 2180 Nicolaus
1053 2119 1191 2200 persolvi
1216 2119 1278 2179 sibi
1305 2120 1421 2182 debeat

152 2224 329 2306 dampnum
355 2225 436 2286 illud
462 2225 549 2306 quod
575 2246 630 2307 per
648 2226 752 2306 ipsum
771 2246 861 2308 passa
875 2240 931 2302 est,
956 2225 1054 2304 judici
1073 2226 1252 2286 incentum
1277 2225 1421 2287 denariis

153 2331 320 2392 convictus
346 2345 409 2407 est;
434 2333 547 2393 eodem
575 2332 627 2393 die
661 2333 746 2393 idem
772 2333 924 2393 Nicolaus
949 2352 1012 2392 non
1039 2345 1208 2393 contentus
1232 2332 1271 2391 de
1298 2331 1420 2411 judicio

153 2435 329 2516 juratorum
357 2438 396 2497 acl
421 2439 562 2498 seniores
587 2437 708 2518 judices
740 2439 923 2520 appellavit.
954 2475 988 2482 —
1017 2438 1169 2499 Seniores
1193 2437 1318 2517 iudices
1350 2458 1420 2520 pre·

154 2546 249 2603 latam
268 2563 397 2604 causam
415 2542 684 2605 confirmaverunt
703 2545 734 2604 in
752 2545 904 2604 omnibus
926 2545 979 2623 ita,
1004 2545 1091 2625 quod
1110 2544 1150 2605 ad
1167 2543 1280 2606 feriam
1298 2560 1420 2608 sextam

154 2649 333 2729 proximam
359 2648 463 2729 jurare
488 2649 629 2728 debebit,
654 2665 689 2712 ut
713 2650 861 2732 superius
884 2651 1076 2712 continetur.

260 2755 366 2817 Causa
391 2757 472 2817 inter
494 2756 673 2818 lohannem
694 2758 837 2839 Posegay
856 2771 887 2819 et
911 2758 1120 2819 Valentinum
1146 2757 1272 2820 fabrum
1291 2761 1421 2821 racione

156 2862 370 2943 quorumdam
396 2862 560 2944 pullorum
590 2878 620 2924 et
652 2863 826 2943 lignorum,
860 2864 947 2944 quod
980 2864 1084 2926 dictus
1109 2865 1301 2927 Valentinus
1325 2865 1423 2927 habet

155 2968 369 3049 suspicionem
395 2983 504 3029 contra
539 2969 704 3029 dominam
731 2969 885 3030 Johannis
911 2970 1055 3053 Posegay
1079 2970 1168 3052 quod
1192 2970 1259 3051 ipsa
1283 2972 1422 3032 misisset

156 3074 288 3134 ancillas
311 3094 383 3135 suas
415 3094 472 3155 pro
505 3074 601 3156 lignis
633 3075 777 3137 eiusdem
807 3076 970 3136 Valentini
1005 3075 1086 3138 labri
1111 3075 1232 3155 furtim,
1257 3076 1353 3157 jurati
1378 3078 1422 3139 sic

157 3178 430 3259 adjudicaverunt,
463 3181 551 3262 quod
584 3182 714 3242 domina
748 3181 904 3243 lohannis
930 3183 1075 3267 Posegay
1107 3183 1223 3245 debeat
1255 3183 1422 3266 deponere

158 3283 372 3364 juramentum
399 3288 429 3347 in
447 3307 500 3349 ara
517 3302 623 3348 sancte
641 3287 755 3350 Crucis
780 3310 797 3349 a
822 3289 874 3350 die
892 3289 1094 3370 presencium
1111 3303 1226 3352 octavo
1250 3290 1315 3370 die,
1333 3290 1423 3373 quod

158 3411 262 3473 neque
288 3412 360 3454 cum
385 3395 465 3455 scitu
488 3414 547 3455 suo
571 3415 676 3476 neque
711 3395 775 3476 ipsa
812 3396 948 3458 misisset
980 3398 1113 3459 ancillas
1144 3418 1217 3459 suas
1241 3418 1301 3480 pro
1327 3398 1424 3480 lignis

159 3498 232 3575 illis,
257 3519 360 3580 neque
385 3501 491 3581 pullos
516 3501 588 3562 illos
613 3516 821 3582 portaverunt
855 3503 1047 3565 intrinsecus
1072 3504 1189 3565 domus
1212 3524 1280 3581 sue,
1300 3518 1424 3567 extunc

159 3604 382 3682 eliberabitur;
407 3607 521 3667 eodem
547 3608 598 3668 die
624 3607 786 3669 lohannes
812 3609 956 3692 Posegay
990 3611 1020 3670 in
1046 3629 1183 3692 persona
1207 3610 1343 3673 domine
1368 3630 1426 3674 sue

160 3731 225 3773 non
250 3725 417 3773 contentus
441 3713 480 3773 de
504 3713 624 3794 judicio
654 3713 831 3793 juratorum
858 3716 896 3776 ad
923 3718 1065 3778 seniores
1089 3716 1211 3796 judices
1236 3719 1427 3800 appellavit.
