3142 5356
155 358 219 437 284
686 356 773 412 Anno
796 366 886 432 1435·

150 569 352 649 'lanterio
381 577 525 647 secunda
554 573 706 664 proxima
736 583 815 646 ante
843 574 966 645 festam
996 572 1255 647 Purificacioais
1278 574 1420 663 gloriose

563 718 694 788 semper
721 695 864 787 virginis
894 697 1008 769 llarie.

663 872 724 948 (ῃ.
741 871 909 946 saumae).

259 1029 337 1091 Item
371 1029 562 1092 Valentinus
593 1029 714 1111 juratus
745 1027 831 1090 filius
863 1028 938 1107 lwlt,
963 1028 1128 1111 quandam
1160 1028 1297 1091 domum
1331 1047 1419 1091 suam

153 1155 225 1197 cum
257 1134 359 1197 lundo
393 1150 424 1197 et
456 1135 612 1197 hedificiis
643 1135 675 1196 in
709 1135 793 1197 dicta
825 1135 953 1196 civitate
986 1136 1068 1196 inter
1099 1134 1215 1196 domos
1240 1147 1272 1196 et
1303 1133 1419 1196 fundos

154 1241 349 1323 Stephkonis
372 1257 403 1304 et
429 1240 583 1324 Stephani
613 1241 694 1303 labri
727 1241 881 1320 habitam,
914 1260 1012 1302 unam
1037 1254 1183 1322 quartam
1208 1241 1298 1303 curie
1331 1241 1364 1302 in
1387 1256 1418 1303 ee

152 1349 356 1428 retinentem,
370 1349 499 1410 Thome
511 1347 650 1409 carnifici
660 1346 728 1409 lilio
743 1348 829 1409 Luce
843 1346 989 1410 vendidit
1002 1361 1158 1430 perpetuo
1172 1346 1414 1430 possidendam.

259 1473 336 1535 item
363 1474 494 1535 domina
520 1471 641 1553 Agicha
666 1473 774 1534 relicta
791 1472 929 1534 condam
955 1472 1075 1535 Mathei
1101 1472 1226 1550 decani,
1251 1472 1414 1554 quendam

152 1577 306 1660 (h)ortum
331 1599 423 1640 suum
457 1580 488 1640 in
513 1579 668 1641 suburbio
701 1579 837 1640 civitatis
869 1579 951 1640 inter
982 1577 1119 1661 (b)ortos
1144 1577 1278 1659 Georgii
1304 1578 1417 1659 judicis

153 1699 183 1746 et
209 1685 322 1747 Briccii
348 1686 513 1769 piscatoris
546 1685 691 1747 habitunt
722 1700 752 1748 et
783 1687 984 1764 existentem,
1019 1685 1125 1747 eidem
1151 1684 1296 1766 Georgio
1321 1684 1416 1768 judici

152 1809 210 1872 pro
234 1806 355 1874 septem
382 1791 452 1855 flor.
477 1792 623 1853 vendidit
647 1806 803 1874 perpetuo
828 1792 1072 1874 possidendum.

257 1916 333 1977 ltern
352 1916 484 1977 domina
502 1916 675 1977 Katherina
698 1916 806 1979 relicta
832 1917 970 1978 condam
989 1916 1189 1997 sigismundi
1207 1915 1316 1996 jurati,
1334 1937 1417 1978 nunc

151 2039 282 2083 consors
308 2021 435 2104 Mathye
462 2021 590 2100 Farkas,
615 2022 778 2102 quandam
803 2037 919 2083 terram
949 2041 1039 2083 suam
1064 2021 1217 2083 arabilem
1244 2023 1277 2083 in
1302 2042 1416 2106 campo

151 2126 287 2188 civitatis
323 2128 404 2190 inter
436 2127 532 2188 fenile
565 2127 709 2189 eiusdem
743 2127 875 2189 domine
909 2127 1093 2207 Katherine,
1125 2148 1141 2189 a
1172 2129 1355 2191 meridione
1387 2144 1416 2190 et

151 2232 233 2292 inter
258 2231 353 2294 fenile
381 2234 493 2295 Briccii
518 2233 631 2313 judicis
654 2235 693 2294 ab
719 2233 896 2313 occidente,
929 2255 965 2296 ac
990 2235 1071 2296 inter
1111 2233 1208 2295 fenile
1234 2235 1412 2296 liberorum

151 2338 280 2401 Andree
304 2339 419 2419 judicis
443 2339 500 2401 filii
528 2341 609 2400 Petri
637 2339 759 2421 Saphar
783 2358 925 2401 necnon
954 2341 1035 2401 inter
1051 2355 1149 2402 terras
1173 2341 1314 2402 arabiles
1331 2342 1414 2402 simi·

150 2445 223 2506 liter
255 2446 431 2507 liberorum
465 2448 601 2507 condam
635 2446 791 2507 lobannis
822 2446 1004 2508 stacionarii
1036 2445 1189 2524 habitam,
1220 2447 1320 2508 simul
1344 2466 1414 2508 cum

151 2550 240 2612 lenili
274 2553 379 2614 eidem
415 2554 455 2614 ab
481 2554 550 2634 ipso
581 2553 808 2634 septemtrione
841 2552 998 2632 adjacenti
1037 2553 1142 2630 sitam,
1173 2566 1237 2613 tres
1262 2554 1314 2614 vel
1340 2553 1414 2616 citra

150 2658 250 2719 dietas
275 2659 306 2719 in
332 2679 364 2719 se
389 2660 618 2736 continentem,
642 2659 720 2742 Elye
738 2658 930 2719 stacionario
947 2657 1015 2720 filio
1033 2657 1162 2719 Thome
1180 2658 1330 2720 vendidit
1345 2678 1413 2742 per·

150 2778 247 2846 petuo
261 2765 487 2846 possidendam
506 2786 543 2826 ex
565 2784 722 2827 consensu
744 2765 849 2826 mariti
867 2765 915 2825 sui
933 2779 964 2826 et
984 2765 1164 2825 vicinorum
1183 2764 1413 2846 predictorum.

257 2890 333 2952 Item
366 2891 500 2951 domino
538 2890 667 2972 Mathye
699 2890 876 2972 presbitero
915 2887 982 2950 lilio
1015 2887 1181 2950 Michaelis
1211 2890 1354 2968 sartoris,
1383 2902 1412 2950 et

150 2995 281 3057 domine
308 2997 408 3058 Elene
434 2997 526 3059 matri
554 3016 590 3057 ac
622 2996 712 3057 alteri
746 2996 877 3057 domine
903 2996 1004 3057 Elene
1035 2996 1137 3057 sorori
1162 2995 1264 3077 ipsius
1288 2995 1411 3057 domini

151 3101 280 3184 Mathye
305 3103 444 3184 quedam
469 3102 585 3163 domus
618 3117 741 3163 murata
766 3118 796 3163 et
821 3101 940 3163 luridus
964 3122 1001 3163 ac
1017 3099 1164 3164 hedificia
1189 3101 1328 3184 predicti
1354 3103 1410 3163 Mi·

149 3207 266 3268 chaelis
290 3209 321 3269 in
347 3209 474 3271 civitate
498 3209 642 3290 predicta
668 3209 750 3269 inter
767 3207 886 3269 fundos
911 3223 941 3269 et
965 3208 1080 3269 domos
1104 3207 1275 3270 Michaelis
1298 3207 1411 3290 judicis

150 3329 180 3375 et
205 3314 357 3394 Stephani
382 3336 417 3376 ac
442 3314 613 3376 Laurencii
639 3328 823 3376 nostrorum
849 3315 1031 3376 concivium
1057 3312 1177 3393 habita,
1202 3329 1266 3376 tres
1282 3328 1409 3396 quartas

149 3421 235 3482 curie
261 3421 291 3482 in
317 3442 350 3482 se
383 3422 561 3500 continens,
586 3436 632 3483 est
664 3423 722 3482 sub
755 3421 909 3503 pendenti
933 3420 1040 3502 sigillo
1073 3420 1319 3503 privilegialiter
1342 3440 1408 3503 per·

148 3542 275 3609 petuata
300 3527 504 3610 perhenniter
527 3528 732 3611 possidenda.

256 3652 331 3714 Item
359 3653 498 3733 quedam
523 3667 605 3714 terra
630 3653 760 3714 arabilis
784 3653 817 3713 in
842 3654 957 3733 campo
982 3651 1119 3712 civitatis
1142 3651 1286 3733 predicte
1311 3652 1344 3713 in
1368 3651 1408 3712 lz·

149 3758 264 3836 dench,
290 3759 433 3840 undique
459 3760 540 3820 inter
563 3760 631 3819 vias
659 3778 857 3837 communes,
890 3758 986 3819 simul
1011 3777 1084 3819 curn
1109 3756 1200 3819 lenili
1225 3758 1334 3820 eidem
1358 3757 1408 3820 ad-

148 3865 274 3946 jacenti,
299 3880 422 3947 septem
455 3865 505 3926 vel
529 3865 606 3926 citra
639 3879 672 3927 ut
704 3866 819 3926 dicitur
852 3864 953 3926 dietas
984 3877 1067 3926 terre
1098 3864 1131 3925 in
1162 3883 1197 3925 se
1230 3864 1406 3940 continens,

148 3973 298 4054 predictis
322 3973 457 4033 domino
474 3970 604 4054 Mathye
630 3973 806 4054 presbitero
824 3987 854 4032 et
872 3972 972 4033 Elene
997 3971 1090 4033 matri
1115 3990 1151 4032 ac
1177 3971 1279 4033 Elene
1296 3971 1408 4048 sorori,

147 4081 222 4158 suis,
248 4096 294 4140 est
318 4081 375 4140 sub
401 4079 553 4161 pendenti
578 4079 685 4159 sigillo
717 4079 959 4162 privilegialiter
983 4090 1169 4160 perpetuata
1201 4077 1408 4160 perhenniter

147 4186 351 4268 possidenda.

255 4294 331 4354 item
357 4292 508 4353 dominus
526 4293 671 4373 Mathyas
696 4292 850 4372 presbiter
879 4304 1065 4372 prenotatur
1085 4289 1218 4351 totalem
1242 4309 1335 4352 suam
1352 4305 1407 4352 ter·

148 4401 230 4461 ciam
247 4415 370 4482 partem
388 4399 554 4459 cuiusdam
574 4398 690 4458 domus
713 4411 837 4459 murate
855 4411 884 4457 et
909 4396 1000 4458 lundi
1017 4417 1053 4459 ac
1073 4394 1299 4458 hedificiorum
1315 4398 1408 4459 trium

147 4523 333 4589 quartarum
359 4508 390 4568 in
415 4506 562 4589 proximo
586 4506 897 4587 prenominataruni,
921 4523 994 4567 cum
1010 4505 1106 4566 tercia
1131 4523 1187 4566 sua
1211 4505 1306 4567 totali
1323 4517 1408 4588 parte

146 4630 227 4677 terre
254 4630 284 4677 et
308 4614 416 4677 senilis
447 4614 677 4696 predictorum,
702 4613 878 4675 Benedicto
912 4611 1116 4674 Benchelroni
1149 4611 1248 4691 dicto,
1284 4611 1410 4674 sororio

147 4743 182 4784 ac
217 4722 317 4784 Elene
350 4720 462 4801 sorori,
496 4720 570 4799 suis,
603 4740 638 4781 ac
663 4741 700 4781 ex
734 4721 810 4802 ipsis
841 4718 1057 4800 superviventi
1091 4717 1223 4779 donavit
1254 4731 1409 4802 perpetuo

146 4830 385 4914 possidendam.
