<?xml version="1.0" encoding="UTF-8"?>
<!DOCTYPE html PUBLIC "-//W3C//DTD XHTML 1.0 Transitional//EN"
    "http://www.w3.org/TR/xhtml1/DTD/xhtml1-transitional.dtd">
<html xmlns="http://www.w3.org/1999/xhtml" xml:lang="en" lang="en">
 <head>
  <title>
</title>
<meta http-equiv="Content-Type" content="text/html;charset=utf-8" />
  <meta name='ocr-system' content='tesseract 3.04.00' />
  <meta name='ocr-capabilities' content='ocr_page ocr_carea ocr_par ocr_line ocrx_word'/>
</head>
<body>
  <div class='ocr_page' id='page_1' title='image "./monumentahistor17laszgoog_0189.png"; bbox 0 0 3142 5356; ppageno 0'>
   <div class='ocr_carea' id='block_1_1' title="bbox 150 484 1033 564">
    <p class='ocr_par' dir='ltr' id='par_1_1' title="bbox 150 484 1033 564">
     <span class='ocr_line' id='line_1_1' title="bbox 150 484 1033 564; baseline -0.003 -19"><span class='ocrx_word' id='word_1_1' title='bbox 150 502 207 564; x_wconf 86' lang='lat'><strong>142</strong></span> <span class='ocrx_word' id='word_1_2' title='bbox 528 485 726 559; x_wconf 72' lang='lat' dir='ltr'><em>Ann01503.</em></span> <span class='ocrx_word' id='word_1_3' title='bbox 750 517 794 527; x_wconf 91' lang='lat'><em>-</em></span> <span class='ocrx_word' id='word_1_4' title='bbox 811 496 865 560; x_wconf 77' lang='grc'><strong>31.</strong></span> <span class='ocrx_word' id='word_1_5' title='bbox 882 484 1033 559; x_wconf 68' lang='lat' dir='ltr'><strong>januarii.</strong></span> 
     </span>
    </p>
   </div>
   <div class='ocr_carea' id='block_1_2' title="bbox 145 696 1413 794">
    <p class='ocr_par' dir='ltr' id='par_1_2' title="bbox 145 696 1413 794">
     <span class='ocr_line' id='line_1_2' title="bbox 145 696 1413 794; baseline -0.001 -18"><span class='ocrx_word' id='word_1_6' title='bbox 145 696 241 776; x_wconf 77' lang='lat' dir='ltr'><strong>lesia</strong></span> <span class='ocrx_word' id='word_1_7' title='bbox 268 710 366 776; x_wconf 86' lang='lat' dir='ltr'><strong>sexta</strong></span> <span class='ocrx_word' id='word_1_8' title='bbox 394 701 548 794; x_wconf 85' lang='lat' dir='ltr'><strong>proxima</strong></span> <span class='ocrx_word' id='word_1_9' title='bbox 584 710 662 793; x_wconf 87' lang='lat' dir='ltr'><strong>post</strong></span> <span class='ocrx_word' id='word_1_10' title='bbox 689 702 812 775; x_wconf 79' lang='lat' dir='ltr'><strong>festum</strong></span> <span class='ocrx_word' id='word_1_11' title='bbox 843 703 935 775; x_wconf 83' lang='lat' dir='ltr'><strong>beati</strong></span> <span class='ocrx_word' id='word_1_12' title='bbox 964 702 1061 775; x_wconf 89' lang='lat' dir='ltr'><strong>Pauli</strong></span> <span class='ocrx_word' id='word_1_13' title='bbox 1098 705 1199 792; x_wconf 84' lang='lat' dir='ltr'><strong>primi</strong></span> <span class='ocrx_word' id='word_1_14' title='bbox 1228 700 1413 776; x_wconf 86' lang='lat' dir='ltr'><strong>Heremite.</strong></span> 
     </span>
    </p>
   </div>
   <div class='ocr_carea' id='block_1_3' title="bbox 548 858 1002 936">
    <p class='ocr_par' dir='ltr' id='par_1_3' title="bbox 548 858 1002 936">
     <span class='ocr_line' id='line_1_3' title="bbox 548 858 1002 936; baseline 0.004 -21"><span class='ocrx_word' id='word_1_15' title='bbox 548 858 610 936; x_wconf 79' lang='lat'><em>(13.</em></span> <span class='ocrx_word' id='word_1_16' title='bbox 626 859 779 934; x_wconf 63' lang='lat' dir='ltr'><strong>junuarii,</strong></span> <span class='ocrx_word' id='word_1_17' title='bbox 802 877 873 919; x_wconf 77' lang='lat' dir='ltr'><strong>ann.</strong></span> <span class='ocrx_word' id='word_1_18' title='bbox 898 858 1002 935; x_wconf 79' lang='lat'><em>1503).</em></span> 
     </span>
    </p>
   </div>
   <div class='ocr_carea' id='block_1_4' title="bbox 146 996 1414 1188">
    <p class='ocr_par' dir='ltr' id='par_1_4' title="bbox 146 996 1414 1188">
     <span class='ocr_line' id='line_1_4' title="bbox 253 996 1414 1081; baseline 0 -22"><span class='ocrx_word' id='word_1_19' title='bbox 253 997 400 1060; x_wconf 81' lang='lat' dir='ltr'><strong>Matlreus</strong></span> <span class='ocrx_word' id='word_1_20' title='bbox 413 996 594 1081; x_wconf 85' lang='lat' dir='ltr'><strong>Gozpodne</strong></span> <span class='ocrx_word' id='word_1_21' title='bbox 607 1012 696 1060; x_wconf 85' lang='lat' dir='ltr'><strong>autor</strong></span> <span class='ocrx_word' id='word_1_22' title='bbox 713 1011 823 1060; x_wconf 87' lang='lat' dir='ltr'><strong>contra</strong></span> <span class='ocrx_word' id='word_1_23' title='bbox 836 997 1046 1059; x_wconf 87' lang='lat' dir='ltr'><strong>Valentinum</strong></span> <span class='ocrx_word' id='word_1_24' title='bbox 1059 997 1288 1060; x_wconf 84' lang='lat' dir='ltr'><strong>Kontheschalr</strong></span> <span class='ocrx_word' id='word_1_25' title='bbox 1306 998 1414 1080; x_wconf 91' lang='lat' dir='ltr'><strong>primo</strong></span> 
     </span>
     <span class='ocr_line' id='line_1_5' title="bbox 146 1105 563 1188; baseline 0.002 -21"><span class='ocrx_word' id='word_1_26' title='bbox 146 1105 259 1167; x_wconf 88' lang='lat' dir='ltr'><strong>citatus</strong></span> <span class='ocrx_word' id='word_1_27' title='bbox 281 1124 346 1166; x_wconf 90' lang='lat' dir='ltr'><strong>non</strong></span> <span class='ocrx_word' id='word_1_28' title='bbox 371 1105 563 1188; x_wconf 83' lang='lat' dir='ltr'><strong>comparuit.</strong></span> 
     </span>
    </p>
   </div>
   <div class='ocr_carea' id='block_1_5' title="bbox 172 1341 1390 1719">
    <p class='ocr_par' dir='ltr' id='par_1_5' title="bbox 172 1341 1390 1719">
     <span class='ocr_line' id='line_1_6' title="bbox 172 1341 1390 1433; baseline 0 -18"><span class='ocrx_word' id='word_1_29' title='bbox 172 1341 267 1416; x_wconf 85' lang='lat' dir='ltr'><strong>Feria</strong></span> <span class='ocrx_word' id='word_1_30' title='bbox 294 1342 403 1415; x_wconf 87' lang='lat' dir='ltr'><strong>tercia</strong></span> <span class='ocrx_word' id='word_1_31' title='bbox 431 1342 584 1433; x_wconf 87' lang='lat' dir='ltr'><strong>proxima</strong></span> <span class='ocrx_word' id='word_1_32' title='bbox 613 1352 691 1415; x_wconf 89' lang='lat' dir='ltr'><strong>aute</strong></span> <span class='ocrx_word' id='word_1_33' title='bbox 723 1344 846 1417; x_wconf 82' lang='lat' dir='ltr'><strong>festum</strong></span> <span class='ocrx_word' id='word_1_34' title='bbox 874 1341 1129 1417; x_wconf 86' lang='lat' dir='ltr'><strong>Purificacionis</strong></span> <span class='ocrx_word' id='word_1_35' title='bbox 1157 1343 1253 1415; x_wconf 86' lang='lat' dir='ltr'><strong>beate</strong></span> <span class='ocrx_word' id='word_1_36' title='bbox 1281 1344 1390 1416; x_wconf 84' lang='lat' dir='ltr'><strong>llarie</strong></span> 
     </span>
     <span class='ocr_line' id='line_1_7' title="bbox 701 1467 855 1556; baseline 0.013 -18"><span class='ocrx_word' id='word_1_37' title='bbox 701 1467 855 1556; x_wconf 81' lang='lat' dir='ltr'><strong>virginis.</strong></span> 
     </span>
     <span class='ocr_line' id='line_1_8' title="bbox 651 1640 900 1719; baseline 0.012 -22"><span class='ocrx_word' id='word_1_38' title='bbox 651 1640 714 1717; x_wconf 68' lang='lat'><strong>(31.</strong></span> <span class='ocrx_word' id='word_1_39' title='bbox 732 1640 900 1719; x_wconf 73' lang='lat' dir='ltr'><strong>januaria).</strong></span> 
     </span>
    </p>
   </div>
   <div class='ocr_carea' id='block_1_6' title="bbox 147 1797 1415 2951">
    <p class='ocr_par' dir='ltr' id='par_1_6' title="bbox 147 1797 1415 2951">
     <span class='ocr_line' id='line_1_9' title="bbox 254 1797 1415 1881; baseline 0.002 -23"><span class='ocrx_word' id='word_1_40' title='bbox 254 1797 396 1871; x_wconf 84' lang='lat' dir='ltr'><strong>Quidam</strong></span> <span class='ocrx_word' id='word_1_41' title='bbox 415 1798 568 1860; x_wconf 87' lang='lat' dir='ltr'><strong>Clemens</strong></span> <span class='ocrx_word' id='word_1_42' title='bbox 585 1799 824 1860; x_wconf 89' lang='lat' dir='ltr'><strong>molendinator</strong></span> <span class='ocrx_word' id='word_1_43' title='bbox 841 1801 928 1881; x_wconf 86' lang='lat' dir='ltr'><strong>prius</strong></span> <span class='ocrx_word' id='word_1_44' title='bbox 945 1797 1005 1860; x_wconf 84' lang='lat' dir='ltr'><strong>fuit</strong></span> <span class='ocrx_word' id='word_1_45' title='bbox 1022 1798 1170 1859; x_wconf 85' lang='lat' dir='ltr'><strong>detentus</strong></span> <span class='ocrx_word' id='word_1_46' title='bbox 1188 1818 1246 1880; x_wconf 90' lang='lat' dir='ltr'><strong>pro</strong></span> <span class='ocrx_word' id='word_1_47' title='bbox 1269 1799 1415 1879; x_wconf 89' lang='lat' dir='ltr'><strong>quodam</strong></span> 
     </span>
     <span class='ocr_line' id='line_1_10' title="bbox 148 1903 1414 1986; baseline 0 -20"><span class='ocrx_word' id='word_1_48' title='bbox 148 1903 321 1982; x_wconf 87' lang='lat' dir='ltr'><strong>lurticinio,</strong></span> <span class='ocrx_word' id='word_1_49' title='bbox 339 1919 445 1967; x_wconf 86' lang='lat' dir='ltr'><strong>tamen</strong></span> <span class='ocrx_word' id='word_1_50' title='bbox 463 1906 568 1986; x_wconf 85' lang='lat' dir='ltr'><strong>gracia</strong></span> <span class='ocrx_word' id='word_1_51' title='bbox 586 1907 664 1967; x_wconf 86' lang='lat' dir='ltr'><strong>moti</strong></span> <span class='ocrx_word' id='word_1_52' title='bbox 690 1906 721 1966; x_wconf 89' lang='lat' dir='ltr'><strong>id</strong></span> <span class='ocrx_word' id='word_1_53' title='bbox 741 1906 940 1981; x_wconf 81' lang='lat' dir='ltr'><strong>relaxarunt3</strong></span> <span class='ocrx_word' id='word_1_54' title='bbox 965 1906 1095 1968; x_wconf 89' lang='lat' dir='ltr'><strong>tandem</strong></span> <span class='ocrx_word' id='word_1_55' title='bbox 1114 1906 1214 1967; x_wconf 89' lang='lat' dir='ltr'><strong>eciam</strong></span> <span class='ocrx_word' id='word_1_56' title='bbox 1234 1904 1319 1966; x_wconf 89' lang='lat' dir='ltr'><strong>idem</strong></span> <span class='ocrx_word' id='word_1_57' title='bbox 1339 1904 1414 1967; x_wconf 93' lang='lat' dir='ltr'><strong>Cle·</strong></span> 
     </span>
     <span class='ocr_line' id='line_1_11' title="bbox 147 2009 1415 2093; baseline 0.002 -22"><span class='ocrx_word' id='word_1_58' title='bbox 147 2031 237 2071; x_wconf 88' lang='lat' dir='ltr'><strong>mens</strong></span> <span class='ocrx_word' id='word_1_59' title='bbox 262 2009 321 2072; x_wconf 86' lang='lat' dir='ltr'><strong>fuit</strong></span> <span class='ocrx_word' id='word_1_60' title='bbox 346 2012 493 2074; x_wconf 83' lang='lat' dir='ltr'><strong>detentus</strong></span> <span class='ocrx_word' id='word_1_61' title='bbox 518 2013 618 2073; x_wconf 84' lang='lat' dir='ltr'><strong>eciam</strong></span> <span class='ocrx_word' id='word_1_62' title='bbox 645 2032 703 2093; x_wconf 88' lang='lat' dir='ltr'><strong>pro</strong></span> <span class='ocrx_word' id='word_1_63' title='bbox 728 2014 869 2093; x_wconf 84' lang='lat' dir='ltr'><strong>quodam</strong></span> <span class='ocrx_word' id='word_1_64' title='bbox 902 2013 1033 2089; x_wconf 86' lang='lat' dir='ltr'><strong>scelere,</strong></span> <span class='ocrx_word' id='word_1_65' title='bbox 1058 2013 1107 2074; x_wconf 88' lang='lat' dir='ltr'><strong>cui</strong></span> <span class='ocrx_word' id='word_1_66' title='bbox 1134 2013 1234 2073; x_wconf 84' lang='lat' dir='ltr'><strong>eciam</strong></span> <span class='ocrx_word' id='word_1_67' title='bbox 1261 2012 1415 2074; x_wconf 84' lang='lat' dir='ltr'><strong>dominus</strong></span> 
     </span>
     <span class='ocr_line' id='line_1_12' title="bbox 147 2115 1414 2198; baseline 0.002 -22"><span class='ocrx_word' id='word_1_68' title='bbox 147 2115 241 2197; x_wconf 86' lang='lat' dir='ltr'><strong>judex</strong></span> <span class='ocrx_word' id='word_1_69' title='bbox 267 2137 339 2178; x_wconf 88' lang='lat' dir='ltr'><strong>cum</strong></span> <span class='ocrx_word' id='word_1_70' title='bbox 364 2118 435 2179; x_wconf 90' lang='lat' dir='ltr'><strong>aliis</strong></span> <span class='ocrx_word' id='word_1_71' title='bbox 459 2119 582 2180; x_wconf 88' lang='lat' dir='ltr'><strong>civibus</strong></span> <span class='ocrx_word' id='word_1_72' title='bbox 606 2119 712 2198; x_wconf 81' lang='lat' dir='ltr'><strong>gracia</strong></span> <span class='ocrx_word' id='word_1_73' title='bbox 738 2120 815 2180; x_wconf 79' lang='lat' dir='ltr'><strong>ntoti</strong></span> <span class='ocrx_word' id='word_1_74' title='bbox 849 2119 1102 2180; x_wconf 88' lang='lat' dir='ltr'><strong>misericordiam</strong></span> <span class='ocrx_word' id='word_1_75' title='bbox 1128 2118 1233 2178; x_wconf 87' lang='lat' dir='ltr'><strong>eidem</strong></span> <span class='ocrx_word' id='word_1_76' title='bbox 1258 2121 1414 2194; x_wconf 86' lang='lat' dir='ltr'><strong>fecerunt,</strong></span> 
     </span>
     <span class='ocr_line' id='line_1_13' title="bbox 147 2223 1413 2306; baseline 0 -23"><span class='ocrx_word' id='word_1_77' title='bbox 147 2223 203 2304; x_wconf 91' lang='lat' dir='ltr'><strong>qui</strong></span> <span class='ocrx_word' id='word_1_78' title='bbox 229 2243 293 2284; x_wconf 93' lang='lat' dir='ltr'><strong>non</strong></span> <span class='ocrx_word' id='word_1_79' title='bbox 320 2224 469 2286; x_wconf 90' lang='lat' dir='ltr'><strong>inmerito</strong></span> <span class='ocrx_word' id='word_1_80' title='bbox 487 2239 572 2286; x_wconf 87' lang='lat' dir='ltr'><strong>tanta</strong></span> <span class='ocrx_word' id='word_1_81' title='bbox 599 2226 715 2306; x_wconf 87' lang='lat' dir='ltr'><strong>pietate</strong></span> <span class='ocrx_word' id='word_1_82' title='bbox 736 2226 892 2306; x_wconf 86' lang='lat' dir='ltr'><strong>obligavit</strong></span> <span class='ocrx_word' id='word_1_83' title='bbox 916 2246 949 2286; x_wconf 90' lang='lat' dir='ltr'><strong>se</strong></span> <span class='ocrx_word' id='word_1_84' title='bbox 968 2245 1068 2286; x_wconf 90' lang='lat' dir='ltr'><strong>unum</strong></span> <span class='ocrx_word' id='word_1_85' title='bbox 1085 2244 1205 2286; x_wconf 88' lang='lat' dir='ltr'><strong>annum</strong></span> <span class='ocrx_word' id='word_1_86' title='bbox 1232 2243 1300 2285; x_wconf 88' lang='lat' dir='ltr'><strong>esse</strong></span> <span class='ocrx_word' id='word_1_87' title='bbox 1317 2224 1413 2284; x_wconf 87' lang='lat' dir='ltr'><strong>servi-</strong></span> 
     </span>
     <span class='ocr_line' id='line_1_14' title="bbox 147 2328 1413 2412; baseline 0 -23"><span class='ocrx_word' id='word_1_88' title='bbox 147 2343 250 2389; x_wconf 89' lang='lat' dir='ltr'><strong>torem</strong></span> <span class='ocrx_word' id='word_1_89' title='bbox 275 2330 411 2391; x_wconf 92' lang='lat' dir='ltr'><strong>civitatis</strong></span> <span class='ocrx_word' id='word_1_90' title='bbox 436 2331 488 2408; x_wconf 90' lang='lat' dir='ltr'><strong>ita,</strong></span> <span class='ocrx_word' id='word_1_91' title='bbox 514 2332 601 2412; x_wconf 93' lang='lat' dir='ltr'><strong>quod</strong></span> <span class='ocrx_word' id='word_1_92' title='bbox 626 2332 651 2391; x_wconf 93' lang='lat' dir='ltr'><strong>si</strong></span> <span class='ocrx_word' id='word_1_93' title='bbox 677 2332 716 2392; x_wconf 86' lang='lat' dir='ltr'><strong>de</strong></span> <span class='ocrx_word' id='word_1_94' title='bbox 741 2345 848 2392; x_wconf 86' lang='lat' dir='ltr'><strong>cetero</strong></span> <span class='ocrx_word' id='word_1_95' title='bbox 880 2330 990 2392; x_wconf 81' lang='lat' dir='ltr'><strong>lecerit</strong></span> <span class='ocrx_word' id='word_1_96' title='bbox 1013 2331 1065 2391; x_wconf 85' lang='lat' dir='ltr'><strong>vel</strong></span> <span class='ocrx_word' id='word_1_97' title='bbox 1097 2347 1203 2391; x_wconf 88' lang='lat' dir='ltr'><strong>autem</strong></span> <span class='ocrx_word' id='word_1_98' title='bbox 1229 2330 1342 2390; x_wconf 88' lang='lat' dir='ltr'><strong>saltem</strong></span> <span class='ocrx_word' id='word_1_99' title='bbox 1370 2328 1413 2389; x_wconf 82' lang='lat' dir='ltr'><strong>f-</strong></span> 
     </span>
     <span class='ocr_line' id='line_1_15' title="bbox 148 2434 1413 2520; baseline 0.001 -26"><span class='ocrx_word' id='word_1_100' title='bbox 148 2434 388 2513; x_wconf 86' lang='lat' dir='ltr'><strong>cerit,eundem</strong></span> <span class='ocrx_word' id='word_1_101' title='bbox 412 2437 609 2517; x_wconf 90' lang='lat' dir='ltr'><strong>ubicumque</strong></span> <span class='ocrx_word' id='word_1_102' title='bbox 635 2437 907 2518; x_wconf 90' lang='lat' dir='ltr'><strong>comprehendere</strong></span> <span class='ocrx_word' id='word_1_103' title='bbox 925 2450 1086 2520; x_wconf 85' lang='lat' dir='ltr'><strong>poterunt,</strong></span> <span class='ocrx_word' id='word_1_104' title='bbox 1111 2439 1232 2517; x_wconf 89' lang='lat' dir='ltr'><strong>absque</strong></span> <span class='ocrx_word' id='word_1_105' title='bbox 1258 2436 1348 2496; x_wconf 91' lang='lat' dir='ltr'><strong>omni</strong></span> <span class='ocrx_word' id='word_1_106' title='bbox 1368 2435 1413 2514; x_wconf 85' lang='lat' dir='ltr'><strong>ju-</strong></span> 
     </span>
     <span class='ocr_line' id='line_1_16' title="bbox 148 2539 1414 2626; baseline 0.004 -26"><span class='ocrx_word' id='word_1_107' title='bbox 148 2539 233 2602; x_wconf 89' lang='lat' dir='ltr'><strong>dicio</strong></span> <span class='ocrx_word' id='word_1_108' title='bbox 251 2542 389 2602; x_wconf 85' lang='lat' dir='ltr'><strong>eundem</strong></span> <span class='ocrx_word' id='word_1_109' title='bbox 408 2543 514 2623; x_wconf 91' lang='lat' dir='ltr'><strong>puniri</strong></span> <span class='ocrx_word' id='word_1_110' title='bbox 533 2543 714 2619; x_wconf 90' lang='lat' dir='ltr'><strong>debebunt;</strong></span> <span class='ocrx_word' id='word_1_111' title='bbox 732 2544 841 2626; x_wconf 86' lang='lat' dir='ltr'><strong>elapso</strong></span> <span class='ocrx_word' id='word_1_112' title='bbox 859 2560 965 2605; x_wconf 86' lang='lat' dir='ltr'><strong>autem</strong></span> <span class='ocrx_word' id='word_1_113' title='bbox 983 2564 1069 2605; x_wconf 88' lang='lat' dir='ltr'><strong>anno</strong></span> <span class='ocrx_word' id='word_1_114' title='bbox 1086 2544 1257 2624; x_wconf 89' lang='lat' dir='ltr'><strong>assumpsit</strong></span> <span class='ocrx_word' id='word_1_115' title='bbox 1274 2544 1414 2605; x_wconf 84' lang='lat' dir='ltr'><strong>Romam</strong></span> 
     </span>
     <span class='ocr_line' id='line_1_17' title="bbox 149 2646 1415 2732; baseline 0.005 -25"><span class='ocrx_word' id='word_1_116' title='bbox 149 2646 277 2726; x_wconf 88' lang='lat' dir='ltr'><strong>intrare,</strong></span> <span class='ocrx_word' id='word_1_117' title='bbox 310 2648 360 2709; x_wconf 91' lang='lat' dir='ltr'><strong>cui</strong></span> <span class='ocrx_word' id='word_1_118' title='bbox 396 2647 579 2710; x_wconf 88' lang='lat' dir='ltr'><strong>facultatem</strong></span> <span class='ocrx_word' id='word_1_119' title='bbox 605 2650 715 2732; x_wconf 91' lang='lat' dir='ltr'><strong>elapso</strong></span> <span class='ocrx_word' id='word_1_120' title='bbox 748 2671 833 2711; x_wconf 93' lang='lat' dir='ltr'><strong>anno</strong></span> <span class='ocrx_word' id='word_1_121' title='bbox 869 2652 1037 2715; x_wconf 87' lang='lat' dir='ltr'><strong>dederunt.</strong></span> <span class='ocrx_word' id='word_1_122' title='bbox 1075 2651 1280 2713; x_wconf 85' lang='lat' dir='ltr'><strong>Presentibus</strong></span> <span class='ocrx_word' id='word_1_123' title='bbox 1314 2652 1415 2713; x_wconf 90' lang='lat' dir='ltr'><strong>Paulo</strong></span> 
     </span>
     <span class='ocr_line' id='line_1_18' title="bbox 149 2752 1415 2838; baseline 0.004 -24"><span class='ocrx_word' id='word_1_124' title='bbox 149 2752 304 2815; x_wconf 87' lang='lat' dir='ltr'><strong>Horwath</strong></span> <span class='ocrx_word' id='word_1_125' title='bbox 330 2755 442 2817; x_wconf 89' lang='lat' dir='ltr'><strong>curiali</strong></span> <span class='ocrx_word' id='word_1_126' title='bbox 467 2757 553 2817; x_wconf 90' lang='lat' dir='ltr'><strong>curie</strong></span> <span class='ocrx_word' id='word_1_127' title='bbox 577 2757 751 2838; x_wconf 87' lang='lat' dir='ltr'><strong>episcopali</strong></span> <span class='ocrx_word' id='word_1_128' title='bbox 770 2759 970 2838; x_wconf 84' lang='lat' dir='ltr'><strong>zagrabiensi</strong></span> <span class='ocrx_word' id='word_1_129' title='bbox 992 2772 1022 2820; x_wconf 95' lang='lat' dir='ltr'><strong>et</strong></span> <span class='ocrx_word' id='word_1_130' title='bbox 1046 2758 1118 2820; x_wconf 91' lang='lat' dir='ltr'><strong>aliis</strong></span> <span class='ocrx_word' id='word_1_131' title='bbox 1134 2758 1259 2819; x_wconf 89' lang='lat' dir='ltr'><strong>civibus</strong></span> <span class='ocrx_word' id='word_1_132' title='bbox 1284 2757 1325 2820; x_wconf 88' lang='lat' dir='ltr'><strong>de</strong></span> <span class='ocrx_word' id='word_1_133' title='bbox 1342 2758 1415 2821; x_wconf 88' lang='lat' dir='ltr'><strong>vico</strong></span> 
     </span>
     <span class='ocr_line' id='line_1_19' title="bbox 149 2861 1414 2951; baseline 0.007 -31"><span class='ocrx_word' id='word_1_134' title='bbox 149 2861 291 2921; x_wconf 85' lang='lat' dir='ltr'><strong>Abbacie</strong></span> <span class='ocrx_word' id='word_1_135' title='bbox 310 2882 345 2923; x_wconf 89' lang='lat' dir='ltr'><strong>ac</strong></span> <span class='ocrx_word' id='word_1_136' title='bbox 370 2863 430 2923; x_wconf 89' lang='lat' dir='ltr'><strong>vici</strong></span> <span class='ocrx_word' id='word_1_137' title='bbox 450 2863 639 2924; x_wconf 75' lang='lat' dir='ltr'><strong>latinorum</strong></span> <span class='ocrx_word' id='word_1_138' title='bbox 657 2884 692 2925; x_wconf 88' lang='lat' dir='ltr'><strong>ac</strong></span> <span class='ocrx_word' id='word_1_139' title='bbox 713 2865 814 2925; x_wconf 89' lang='lat' dir='ltr'><strong>eciam</strong></span> <span class='ocrx_word' id='word_1_140' title='bbox 833 2866 925 2926; x_wconf 87' lang='lat' dir='ltr'><strong>certis</strong></span> <span class='ocrx_word' id='word_1_141' title='bbox 942 2866 1035 2926; x_wconf 92' lang='lat' dir='ltr'><strong>bonis</strong></span> <span class='ocrx_word' id='word_1_142' title='bbox 1052 2866 1128 2925; x_wconf 85' lang='lat' dir='ltr'><strong>viris</strong></span> <span class='ocrx_word' id='word_1_143' title='bbox 1145 2865 1184 2925; x_wconf 86' lang='lat' dir='ltr'><strong>de</strong></span> <span class='ocrx_word' id='word_1_144' title='bbox 1202 2864 1414 2951; x_wconf 76' lang='lat' dir='ltr'><strong>Chwcherya,</strong></span> 
     </span>
    </p>
   </div>
   <div class='ocr_carea' id='block_1_7' title="bbox 0 0 1586 5356">
    <p class='ocr_par' dir='ltr' id='par_1_7' title="bbox 0 0 1586 5356">
     <span class='ocr_line' id='line_1_20' title="bbox 0 0 1586 5356; baseline 0 0"><span class='ocrx_word' id='word_1_145' title='bbox 0 0 1586 5356; x_wconf 95' lang='lat' dir='ltr'><strong> </strong></span> 
     </span>
    </p>
   </div>
  </div>
 </body>
</html>
