3142 5356
214 351 277 432 318
747 341 950 424 Anno1438.

214 565 337 626 nuatim
363 583 491 645 semper
508 561 735 645 persolvendo,
761 559 922 642 Gregorio
947 560 1060 622 sartori
1086 557 1154 621 filio
1179 559 1323 643 Philippi
1341 574 1373 622 et
1390 561 1486 622 Lucie

214 690 270 732 sue
295 669 436 730 consorti
462 668 607 729 vendidit
631 681 787 750 perpetuo
811 667 1041 749 possidendam
1067 680 1098 728 et
1121 666 1296 748 superinde
1322 681 1371 728 est
1395 667 1485 728 litera

216 775 427 858 privilegialis
451 774 510 834 sub
535 773 688 856 pendenti
713 773 821 855 sigillo
846 772 1087 835 communitatis
1111 787 1270 835 emanata.

322 880 401 943 ltem
436 880 624 942 Franciscus
655 881 780 964 Ztoylro
811 878 897 941 filius
926 878 1059 960 Georgii
1091 878 1132 941 de
1156 879 1339 962 Zawersya,
1365 878 1485 940 medie·

214 999 313 1048 tatem
338 1001 456 1048 rectam
475 1001 505 1048 et
530 985 680 1067 equalem
704 984 871 1047 cuiusdam
890 984 1018 1064 domus,
1036 983 1128 1046 tundi
1152 997 1184 1046 et
1208 983 1437 1047 hedificiorum
1455 985 1485 1045 in

216 1092 299 1154 dicta
324 1093 452 1154 civitate
477 1092 559 1153 inter
584 1092 699 1153 domos
722 1104 754 1153 et
778 1089 896 1152 londos
921 1091 1046 1152 domini
1071 1089 1205 1173 Georgii
1229 1091 1403 1173 presbiteri
1429 1089 1485 1152 filii

217 1198 379 1261 Valentini
414 1197 541 1281 Malych
573 1211 604 1258 et
638 1197 705 1258 vias
735 1216 926 1259 communes
953 1196 1082 1276 habite,
1113 1197 1303 1280 porcionem
1340 1197 1488 1258 videlicet

216 1324 318 1382 suam,
344 1323 439 1365 unam
466 1318 614 1385 quartam
632 1303 719 1365 curie
744 1303 776 1364 in
793 1323 826 1365 se
852 1304 1084 1381 continentem,
1101 1322 1175 1364 cum
1192 1304 1259 1364 suis
1282 1303 1488 1386 pertinenciis

219 1411 303 1472 Luce
329 1411 444 1472 cultori
469 1409 538 1472 filio
563 1411 689 1472 Nicolai
715 1410 863 1472 vendidit
889 1424 1045 1492 perpetuo
1070 1409 1299 1492 possidendam
1324 1424 1357 1471 et
1380 1430 1486 1492 super·

217 1516 292 1577 inde
319 1532 366 1578 est
390 1517 480 1578 litera
504 1517 563 1578 sub
589 1517 742 1598 pendenti
767 1515 876 1598 sigillo
900 1515 1143 1576 communitatis
1167 1529 1328 1577 emanata.

325 1621 401 1683 ltem
427 1622 488 1683 due
514 1622 684 1704 porciones
705 1619 847 1684 vineales
873 1623 905 1682 in
922 1621 1084 1682 territorio
1109 1620 1247 1683 civitatis
1271 1620 1356 1682 inter
1380 1620 1487 1682 vineas

217 1748 254 1789 ex
288 1743 423 1810 utraque
457 1741 545 1810 parte
578 1728 707 1790 Thome
740 1727 897 1791 carnificis
931 1727 1051 1805 habite,
1083 1727 1146 1810 jam
1178 1729 1210 1789 in
1235 1747 1335 1789 unam
1360 1728 1485 1790 vineam

217 1835 411 1912 combinate,
436 1854 533 1915 quam
560 1854 656 1895 unam
683 1855 699 1895 a
725 1834 845 1897 Cosma
869 1835 992 1896 cultore
1020 1831 1089 1895 filio
1114 1834 1242 1896 Andree
1268 1847 1299 1896 et
1324 1835 1422 1896 aliam
1448 1835 1484 1894 ab

219 1939 396 2022 Elyzabeth
422 1939 674 2023 Ztanchewycza
699 1961 757 2022 pro
776 1955 860 2001 certa
887 1941 1098 2022 pecuniarum
1123 1941 1301 2021 quantitate
1320 1961 1484 2022 compara·

218 2061 315 2122 verat,
340 2061 413 2106 sunt
438 2030 529 2108 litera
554 2047 747 2128 privilegiali
771 2049 830 2108 sub
854 2047 1008 2128 pendenti
1026 2047 1132 2128 sigillo
1158 2047 1401 2109 communitatis
1418 2066 1484 2128 pre·

218 2151 305 2214 dicto
331 2153 417 2214 Luce
442 2153 557 2215 cultori
583 2151 650 2214 filio
675 2153 774 2234 ipsius
798 2153 924 2214 Nicolai
944 2166 1130 2235 perpetuata
1148 2167 1179 2214 et
1203 2151 1392 2214 confirmate
1418 2172 1484 2235 per-

219 2271 317 2338 petuo
351 2259 544 2340 possidenda
576 2272 606 2321 et
644 2259 955 2341 quomodocumque
992 2259 1132 2320 voluerit
1165 2259 1369 2341 disponende
1401 2261 1484 2341 juxta

221 2365 445 2426 condicionem
469 2367 604 2427 civitatis
628 2380 806 2448 prenotate.

274 2585 355 2656 ltem
385 2589 528 2658 sabbato
557 2589 589 2657 in
618 2584 734 2674 vigilia
773 2587 852 2658 festi
888 2585 1141 2659 Purificacionis
1179 2586 1275 2656 beate
1302 2606 1435 2674 semper

704 2709 844 2798 virginis
874 2704 989 2783 Marie.

730 2877 771 2939 (1.
788 2863 965 2942 februaris).

326 3002 403 3063 ltem
439 3003 555 3063 domus
585 3016 709 3064 murata
740 3023 797 3065 seu
829 3005 1001 3086 pallacium
1036 3023 1107 3065 cum
1133 3001 1241 3064 fundis
1267 3016 1298 3065 et
1329 3002 1484 3065 hedificiis

220 3107 357 3168 condam
384 3108 512 3168 Thome
540 3109 655 3170 literati
681 3108 756 3170 dicti
792 3109 871 3188 lsan,
904 3110 935 3171 in
961 3110 1044 3171 dicta
1076 3109 1215 3187 civitate,
1240 3129 1339 3170 unam
1365 3110 1482 3171 curiam

222 3214 253 3273 in
278 3235 311 3275 se
337 3215 515 3292 continens,
540 3234 576 3275 ac
594 3215 686 3276 vinea
711 3230 742 3276 et
758 3229 840 3276 terra
865 3216 995 3277 arabilis
1011 3217 1157 3298 quinque
1174 3215 1346 3295 dietatum,
1371 3236 1408 3277 ac
1425 3216 1483 3278 alie

222 3321 370 3380 universe
403 3321 620 3401 possessiones
652 3321 750 3403 ipsius
783 3322 925 3402 magistri
951 3322 1081 3383 Thome
1116 3321 1232 3383 literati
1258 3321 1290 3382 in
1323 3323 1483 3384 territorio

221 3425 356 3485 civitatis
374 3424 493 3500 habite,
518 3446 590 3486 curn
616 3427 774 3488 universis
790 3428 855 3488 suis
872 3427 1064 3489 utilitatibus
1085 3440 1116 3488 et
1132 3426 1339 3509 pertinenciis
1366 3429 1483 3509 quibus

221 3551 276 3612 per
300 3532 500 3612 legacionem
526 3532 668 3594 eiusdem
703 3534 845 3615 magistri
871 3533 1001 3596 Thome
1034 3534 1149 3596 literati
1183 3532 1347 3594 verbalem
1374 3533 1407 3595 in
1432 3536 1482 3595 ka·

219 3652 311 3698 terno
336 3653 446 3698 nostro
471 3640 634 3699 communi
668 3639 821 3718 judiciali,
855 3661 891 3702 ex
920 3639 1089 3702 sufficienti
1122 3639 1394 3723 comprobacione
1419 3661 1482 3703 ma·

219 3743 307 3824 gistri
333 3744 488 3805 Anthonii
513 3743 669 3807 carnificis
702 3746 777 3807 dicti
811 3747 1031 3829 Kerzowaych
1061 3747 1118 3810 filii
1145 3749 1310 3827 lobannis,
1343 3748 1484 3811 concivis

221 3850 330 3927 nostri,
356 3871 500 3933 expresse
519 3852 749 3932 consignatam,
774 3853 878 3913 eidem
906 3853 1058 3933 magistro
1084 3855 1248 3917 Anthonio
1280 3854 1426 3917 carnifici
1450 3875 1484 3916 ac

220 3975 276 4036 per
300 3976 372 4016 eum
399 3957 464 4018 suis
487 3957 659 4018 heredibus
683 3973 756 4019 sunt
780 3959 870 4019 litera
896 3959 1089 4040 privilegiali
1114 3962 1173 4021 sub
1197 3960 1352 4042 pendenti
1377 3960 1483 4042 sigillo

221 4063 462 4125 communitatis
487 4078 672 4146 perpetuate
697 4078 727 4126 et
755 4063 953 4127 confirmata.

325 4168 402 4230 ltem
429 4169 583 4230 medietas
607 4170 772 4231 cuiusdam
792 4169 898 4231 senilis
916 4171 947 4231 in
958 4190 1072 4254 campo
1097 4172 1232 4234 civitatis
1256 4172 1369 4250 habiti,
1396 4173 1483 4256 quod

221 4273 317 4334 fenile
342 4288 407 4335 erat
439 4274 575 4336 condam
601 4275 710 4335 Jacobi
736 4275 892 4337 carnificis
917 4277 991 4338 dicti
1018 4278 1145 4355 Pulecz,
1169 4297 1226 4359 per
1253 4278 1482 4342 vendicionem

221 4379 385 4439 Benedicti
410 4379 466 4440 filii
504 4381 602 4462 ipsius
626 4382 737 4443 lacobi
762 4383 878 4444 Pulecz
903 4398 950 4444 cst
973 4384 1063 4444 litera
1097 4384 1288 4466 privilegiali
1320 4387 1381 4447 sub
1407 4406 1484 4469 pen·

221 4483 307 4545 denti
325 4485 432 4567 sigillo
457 4488 697 4549 communitatis
721 4504 907 4571 perpetuata
932 4490 1068 4550 Nicolao
1086 4489 1185 4570 judici
1203 4490 1269 4553 filio
1294 4491 1431 4553 Fabiani
1456 4506 1486 4553 et

222 4589 417 4654 confirmata.

328 4697 404 4758 ltem
431 4699 576 4761 Thomas
593 4715 681 4759 sutor
698 4699 801 4760 dictus
826 4700 974 4762 Oczwirk
993 4702 1198 4765 medietatem
1218 4702 1385 4764 cuiusdam
1403 4717 1484 4765 terre

220 4822 276 4864 sue
301 4805 430 4866 arabilis
455 4807 486 4866 in
512 4805 674 4866 vicinitate
691 4819 773 4868 terre
798 4807 923 4869 Nicolai
941 4808 1056 4891 judicis
1086 4807 1142 4870 filii
1161 4808 1295 4870 Fabiani
1321 4824 1353 4871 et
1376 4812 1485 4874 colen-
