3156 5364
442 1354 570 1454 (Anno
597 1353 754 1442 Domini
780 1352 1125 1454 nooooXXVIHt

732 1570 834 1577 .—

151 1709 360 1787 innomine
390 1709 546 1785 Domini.
578 1709 702 1784 Amen.
733 1709 838 1784 Auno
871 1707 1083 1786 Natiuitatis
1113 1711 1275 1786 eiusdem
1305 1712 1409 1787 mille·

152 1835 243 1909 simo
272 1833 627 1933 quadringentesimo
656 1834 833 1932 vigesimo
867 1841 1012 1926 octav0,
1042 1840 1209 1933 tempore
1234 1834 1411 1932 judicatus

151 1958 215 2034 viri
252 1958 391 2057 providi
425 1965 463 2032 et
500 1957 748 2056 circumspecti
786 1957 919 2033 domini
961 1956 1090 2032 briccii
1132 1956 1264 2055 judicis
1300 1958 1411 2034 nostri

152 2083 324 2172 moderni,
353 2081 412 2156 filii
433 2081 631 2172 Benedicti,
652 2105 802 2181 presens
822 2081 1011 2157 katemum
1035 2091 1198 2157 nostrum
1228 2105 1411 2158 commune

152 2215 210 2282 est
238 2206 482 2305 conscriptum
511 2228 619 2304 super
656 2205 939 2304 consignacione
968 2214 1007 2280 et
1045 2206 1309 2304 registracioue
1338 2206 1409 2281 lite·

152 2353 269 2406 rarum
307 2337 512 2404 nostrarum
548 2328 821 2428 privilegialium
860 2352 969 2428 super
1006 2329 1304 2428 possessionibus
1333 2330 1409 2405 civi·

151 2454 239 2529 tatis
278 2451 602 2551 Montisgrecensis
650 2451 920 2551 privilegialiter
957 2475 1021 2551 pro
1066 2461 1171 2552 parte
1216 2454 1342 2529 civium
1377 2462 1411 2528 et

151 2577 353 2653 habitorum
381 2576 541 2651 eiusdem
571 2575 748 2651 confectis
784 2582 822 2650 et
850 2568 1027 2651 emanatis
1056 2600 1122 2675 pro
1152 2577 1280 2652 maiori
1310 2577 1408 2652 certi-

476 2699 599 2774 tudine
628 2706 667 2774 et
694 2698 837 2798 refugio
867 2699 1086 2774 eorumdem.

204 2955 289 3027 ltem
317 2956 402 3026 feria
431 2957 539 3026 tercia
568 2953 725 3043 proxima
754 2961 832 3043 post
860 2955 983 3026 festum
1012 2953 1245 3027 conversionis
1275 2954 1360 3028 beati

642 3075 738 3149 Pauli
767 3078 923 3166 apostoli.

659 3261 720 3327 (27.
737 3251 904 3327 januarii).

258 3409 336 3471 Item
366 3410 483 3470 Paulus
515 3409 640 3490 pridem
674 3409 804 3489 juratus,
837 3410 1043 3491 concivisque
1075 3425 1193 3489 noster,
1218 3409 1305 3473 filius
1330 3411 1408 3495 Dyo·

152 3517 224 3576 nisii
261 3517 364 3577 dictus
388 3515 545 3590 Thothar‚
571 3516 733 3597 quandam
759 3515 893 3576 domum
921 3536 1010 3576 suam
1037 3517 1133 3577 simul
1158 3536 1231 3578 cum
1258 3515 1359 3578 fundo
1382 3529 1410 3576 et

152 3621 269 3682 celario
293 3640 352 3682 suo
376 3623 595 3700 subterraneo,
621 3623 701 3682 inter
730 3621 845 3682 domos
870 3636 900 3683 et
925 3621 1042 3683 fundos
1073 3622 1250 3684 liberorum
1277 3623 1409 3684 condam

153 3727 285 3809 Georgii
310 3727 523 3788 Pechathnich
549 3743 580 3788 et
604 3728 671 3789 luri
706 3729 745 3788 ab
771 3748 843 3806 unu,
869 3742 899 3788 et
923 3741 1011 3810 parte
1037 3729 1076 3788 ab
1101 3728 1200 3789 altera
1226 3728 1358 3810 Georgii
1382 3741 1410 3788 et

152 3834 250 3895 Marci
275 3834 398 3915 Zupani
432 3834 584 3911 habitam,
618 3834 756 3894 mediam
790 3834 908 3894 curiam
945 3834 976 3894 in
1008 3853 1041 3894 se
1074 3834 1307 3914 continentem,
1342 3853 1409 3896 cum

151 3940 216 3999 suis
232 3939 438 4021 pertinenciis
462 3940 600 4000 discreto
624 3940 693 4000 viro
711 3939 845 4000 domino
873 3939 1021 4000 Ladislao
1046 3939 1184 4021 plebano
1202 3940 1242 4000 de
1268 3941 1411 4001 Zanabor

151 4061 217 4107 tum
250 4066 308 4128 pro
342 4047 453 4127 viginti
487 4047 632 4127 quinque
657 4045 725 4107 flor.
759 4047 837 4123 auri,
873 4059 941 4107 turn
974 4031 1074 4108 eciam
1109 4064 1167 4126 pro
1193 4047 1410 4108 celebracione

151 4153 279 4233 triginta
305 4152 440 4212 duarum
467 4153 652 4227 missarum,
677 4150 738 4232 jam
765 4153 860 4232 plene
892 4172 947 4232 per
984 4151 1124 4212 eundern
1157 4151 1329 4214 dominum
1355 4153 1410 4213 la·

151 4258 289 4319 dislaum
317 4259 411 4340 plene
437 4258 607 4339 persolutis
640 4271 669 4316 ct
694 4255 841 4338 perfectis
872 4257 962 4319 dedit
986 4271 1141 4338 perpetuo
1173 4258 1409 4338 possidendam.

255 4364 333 4425 ltem
358 4364 574 4424 communitas
599 4362 743 4423 vendidit
776 4364 937 4443 quandam
963 4363 1097 4424 domum
1122 4363 1154 4423 in
1180 4364 1309 4426 civitate
1333 4365 1410 4425 inter

150 4468 265 4530 domos
289 4470 432 4531 virorum
458 4468 667 4549 providorum
694 4469 783 4528 Pauli
810 4470 937 4528 sartoris
962 4484 992 4530 et
1016 4469 1131 4529 rasoris
1155 4489 1350 4551 pannorum,
1372 4471 1409 4530 ab

150 4595 224 4653 una,
249 4596 280 4637 et
304 4589 392 4657 parte
417 4577 456 4636 ab
481 4576 580 4636 altera
604 4575 781 4635 liberorum
807 4574 945 4635 condam
970 4575 1096 4636 Nicolai
1119 4594 1155 4635 ac
1180 4595 1280 4657 penes
1296 4577 1410 4638 domus

151 4682 273 4742 Cozmo
298 4682 431 4762 aucupis
457 4683 486 4740 in
513 4681 696 4762 posteritate
722 4681 866 4742 eiusdem
892 4679 982 4741 fundi
1007 4681 1111 4760 sitam,
1136 4700 1234 4742 unam
1264 4695 1408 4764 quartam

152 4787 181 4847 in
208 4807 240 4849 se
265 4787 495 4865 continentem,
520 4806 591 4847 curn
617 4786 682 4847 suis
706 4786 912 4868 pertinenciis
935 4806 993 4868 pro
1018 4806 1083 4848 non
1108 4786 1276 4849 solucione
1304 4788 1409 4850 dacio·
