3142 5356
146 598 259 640 rorum
290 579 499 660 providorum
533 578 688 641 iohannis
712 578 769 641 filii
802 579 935 641 Peronis
968 594 997 642 et
1031 578 1199 641 Michaelis
1230 592 1415 642 nostrorum

148 687 333 748 concivium
358 685 511 764 habitam,
537 706 633 747 unam
660 687 816 767 integram
834 687 956 748 curiam
981 686 1012 746 in
1037 705 1070 747 se
1095 686 1135 747 ad
1160 705 1253 747 usum
1280 686 1416 747 civitatis

147 791 293 874 predicte
326 793 529 871 retinentem,
561 792 728 854 Mathkoni
760 791 827 854 filio
859 793 1017 855 Johannis
1049 793 1089 854 de
1115 792 1263 854 Machow
1299 811 1336 853 ac
1359 811 1415 873 per

147 917 224 959 eum
256 898 321 958 suis
352 897 525 959 heredibus
556 919 614 980 pro
647 899 821 980 nonaginta
854 899 981 959 duobus
1012 896 1082 960 flor.
1106 899 1175 959 auri
1209 896 1354 959 vendidit
1378 916 1415 957 ex

146 1024 307 1066 consensu
332 1005 513 1066 vicinorum
538 1019 694 1087 perpetuo
719 1005 957 1086 possidendam.

163 1225 246 1295 ltem
275 1222 359 1295 leria
388 1232 487 1295 sexta
516 1227 671 1312 proxima
699 1224 778 1312 post
805 1225 928 1296 festum
961 1225 1059 1295 beate
1088 1221 1228 1313 Agnetis
1256 1217 1396 1313 virginis

679 1359 713 1418 et
741 1351 897 1420 martiris

555 1505 620 1574 (22.
637 1502 791 1579 junuarii,
815 1523 886 1565 ann.
910 1503 1016 1582 1434).

256 1645 333 1706 ltem
360 1645 444 1704 lwan
470 1643 555 1706 lilius
579 1645 705 1706 Nicolai
731 1645 872 1706 concivis
895 1659 1011 1719 noster,
1037 1644 1199 1725 quandam
1225 1645 1359 1707 domurn
1384 1660 1415 1706 et

148 1749 287 1812 fundum
313 1770 407 1812 suum
432 1751 526 1811 unius
551 1764 662 1832 quarte
688 1751 769 1812 inter
803 1751 918 1812 domos
942 1765 972 1812 et
997 1749 1115 1812 fundos
1141 1749 1273 1831 Georgii
1299 1749 1414 1813 Croaci

149 1873 182 1921 et
207 1859 363 1921 Anthonii
397 1858 454 1920 filii
487 1858 619 1939 Georgii
653 1880 688 1920 ac
720 1858 850 1920 Thome
882 1858 1023 1936 cultoris,
1056 1858 1222 1920 Demetrio
1254 1857 1321 1919 filio
1355 1858 1413 1920 Mi·

150 1965 282 2045 chaelis,
299 1986 385 2027 novo
402 1966 527 2027 concivi
553 1981 673 2045 nostr0,
690 1986 726 2027 ac
745 1986 801 2048 per
825 1985 897 2028 eum
916 1966 982 2026 suis
999 1964 1171 2027 heredibus
1187 1984 1244 2047 pro
1269 1965 1414 2046 quinque

147 2070 219 2133 flor.
244 2072 389 2134 vendidit
423 2086 579 2154 perpetuo
611 2071 840 2154 possidendam
869 2091 908 2134 ex
940 2091 1099 2132 consensu
1129 2071 1311 2132 vicinorum
1344 2090 1415 2153 pre·

149 2179 322 2244 dictorum.

256 2286 334 2347 ltem
370 2301 436 2347 tota
473 2285 689 2347 communitas
723 2305 780 2367 per
815 2286 987 2346 instantem
1023 2285 1218 2367 peticionem
1254 2296 1414 2345 certorum

151 2393 446 2454 commissariorum
471 2407 502 2454 et
527 2406 732 2454 executorum
765 2407 829 2453 tam
855 2391 1010 2453 lohannis
1033 2392 1143 2473 generi
1168 2391 1306 2453 condam
1332 2391 1414 2452 Mar·

148 2499 209 2560 tini
235 2499 353 2578 Terba,
378 2519 475 2580 quam
501 2499 603 2560 eciam
629 2497 798 2560 Marchech
823 2499 924 2579 parvi,
941 2512 1009 2559 tum
1034 2517 1092 2579 pro
1117 2498 1341 2579 persolucione
1359 2496 1413 2558 da·

149 2606 274 2666 ciorum
289 2605 458 2686 regalium,
479 2621 689 2685 tartarumque
710 2620 890 2667 nostrarum
909 2605 1143 2682 communium,
1165 2624 1200 2666 ac
1217 2623 1276 2686 pro
1293 2603 1413 2665 exhibi-

149 2710 243 2771 cione
268 2711 406 2772 aliorum
431 2711 615 2772 debitorum
640 2724 672 2772 et
705 2725 963 2793 opportunorum
988 2710 1198 2771 servitiorum
1230 2721 1414 2771 nostrorum

150 2818 386 2895 communium,
412 2831 480 2878 tum
506 2818 607 2879 eciam
633 2837 690 2899 pro
723 2817 944 2878 celebracione
977 2817 1144 2877 missarum
1169 2830 1200 2876 et
1223 2834 1282 2897 pro
1305 2834 1413 2897 perac-

150 2923 244 2983 cione
269 2924 457 2985 oracionum
484 2923 672 2984 devotarum
691 2943 747 3005 per
771 2923 941 2984 discretum
960 2924 1064 2984 virum
1089 2922 1258 2983 dominum
1277 2921 1412 2982 Paulum

149 3030 362 3111 presbiterum
388 3030 563 3111 plebanum
582 3030 716 3090 ecclesie
741 3043 848 3090 nostre
872 3028 1063 3110 parochialis
1080 3028 1164 3090 beati
1189 3027 1288 3088 Marci
1307 3048 1413 3090 ewan-

149 3136 273 3217 geliste,
298 3136 476 3197 secundum
502 3136 737 3198 continenciam
763 3135 926 3197 literarum
960 3150 1138 3197 nostrarum
1162 3133 1413 3216 privilegialium

150 3263 211 3326 pro
236 3258 324 3325 parte
348 3243 446 3324 ipsius
470 3243 594 3304 domini
619 3243 709 3304 Pauli
735 3243 900 3324 presbiteri
926 3240 1144 3303 confectarum
1161 3240 1285 3319 fiendis,
1310 3260 1412 3322 quen·

151 3348 226 3410 dam
260 3349 396 3411 lundnm
430 3369 566 3410 vacuum
601 3350 706 3410 medie
747 3350 833 3410 curie
864 3349 1001 3409 condam
1038 3348 1136 3430 ipsius
1173 3346 1302 3408 Martini
1335 3347 1412 3409 dicti

150 3455 260 3517 Terba
296 3456 399 3516 eidem
433 3456 568 3516 domino
601 3456 712 3533 Paulo,
746 3469 781 3517 ut
812 3474 898 3516 novo
927 3455 1051 3516 concivi
1084 3468 1205 3531 nostr0,
1238 3453 1412 3515 literatorie

149 3560 352 3622 confirmavit
375 3577 532 3643 perpetuo
557 3561 798 3642 possidendum.

257 3668 334 3729 ltem
367 3668 507 3749 quedam
540 3668 631 3728 vinea
658 3668 847 3750 l'relrrisnyk
879 3682 989 3729 vocata
1022 3668 1053 3727 in
1082 3667 1244 3729 territorio
1277 3667 1414 3729 civitatis

151 3776 233 3837 inter
258 3776 385 3837 vineam
412 3775 537 3836 Nicolai
564 3775 731 3836 Petrenich
764 3791 794 3836 et
822 3776 904 3836 inter
935 3775 1169 3856 possessionem
1195 3788 1302 3836 nostre
1327 3794 1413 3836 com·

150 3883 315 3944 munitatis
351 3882 513 3943 mediante
539 3882 680 3963 quodam
707 3881 835 3959 fossato,
864 3882 951 3963 qnod
977 3880 1131 3942 fossatum
1158 3881 1216 3963 ipsi
1241 3882 1334 3942 vinee
1359 3881 1413 3943 de-

149 3990 257 4068 servit,
281 3989 452 4070 desupera
476 3990 527 4050 via
550 3991 716 4051 communi
741 4005 771 4050 et
789 3988 868 4050 infra
894 4009 995 4071 usque
1021 3987 1118 4050 fenile
1143 3989 1319 4050 liberorum
1337 4008 1414 4050 con-

150 4097 225 4157 dam
251 4096 404 4178 Stephani
438 4096 577 4156 salivene
611 4117 643 4157 se
671 4097 855 4171 extendens,
888 4095 974 4158 llene
998 4096 1062 4159 filie
1097 4098 1233 4160 condam
1261 4096 1413 4179 Stephani

150 4203 347 4285 Mykethich,
376 4223 461 4263 nunc
487 4204 625 4264 consorti
652 4203 780 4264 Martini
805 4203 928 4282 lwsich,
953 4224 990 4264 ex
1015 4203 1184 4266 sufficienti
1212 4205 1310 4286 ipsius
1327 4223 1413 4265 com·

149 4310 347 4392 probacione
372 4323 417 4369 est
434 4309 609 4370 literatorie
634 4324 833 4390 perpetuata,
858 4325 888 4371 et
912 4312 1041 4372 tandem
1059 4331 1115 4393 per
1138 4312 1275 4373 eandem
1293 4310 1413 4372 llenam

149 4417 209 4498 ipsi
236 4416 374 4476 Martino
407 4431 436 4476 et
469 4436 505 4475 ex
538 4416 613 4497 ipsis
645 4417 861 4497 superviventi
895 4437 951 4478 scu
980 4419 1122 4498 ipsorum
1155 4417 1326 4479 heredibus
1358 4436 1414 4498 per

150 4521 282 4584 eosdem
308 4536 354 4583 est
378 4523 551 4583 literatorie
577 4522 693 4582 donata
719 4538 874 4604 perpetuo
900 4524 1105 4603 possidenda.

257 4628 333 4689 Item
359 4629 522 4709 quandam
547 4643 663 4689 terram
690 4630 842 4689 arabilem
869 4630 899 4689 in
918 4650 1032 4710 campo
1058 4631 1194 4691 civitatis
1210 4631 1293 4690 inter
1317 4643 1416 4690 terras

108 4808 111 4814 Ι
149 4736 325 4796 liberorum
359 4735 496 4795 condam
532 4735 668 4819 Gywani
701 4736 814 4812 judicis
846 4756 881 4796 ac
919 4737 999 4797 inter
1040 4735 1174 4797 fluvium
1208 4734 1416 4796 Kuhinschak

149 4856 302 4903 vocatum
331 4861 367 4902 ac
391 4842 475 4904 viam
501 4861 707 4903 communem
741 4842 894 4919 habitam,
919 4843 999 4904 duas
1023 4843 1124 4903 dietas
1149 4843 1198 4902 vel
1224 4842 1301 4903 citra
1327 4841 1358 4901 in
1383 4860 1416 4901 se

1289 4928 1305 4966 ια
