3142 5356
513 503 716 584 Ann01484.
742 542 783 550 -
808 522 834 568 1.
862 510 1033 583 septembris.
1353 529 1393 593 29

237 716 308 777 ltem
341 736 470 778 causam
504 719 586 779 inter
618 718 821 779 Demetrium
854 720 969 801 Siczky
1010 740 1083 781 curn
1118 722 1265 783 Emerico
1302 721 1392 784 fabro

147 835 258 901 propter
288 823 451 903 quandam
486 823 717 886 conducturum
758 825 898 902 eutium,
931 825 1113 887 Demetrius
1148 826 1266 906 jurabit
1298 847 1393 909 super

140 923 303 1008 dampnum
329 943 486 1010 quantum
512 950 623 1012 passus
647 944 739 1008 esset,
761 945 792 992 et
810 932 975 993 Emericus
1000 930 1089 994 faber
1105 934 1311 995 medietatem
1330 935 1390 996 sibi

153 1034 297 1109 persolvet.

239 1141 309 1203 Item
336 1162 430 1204 causa
448 1144 531 1205 inter
548 1145 692 1205 relictam
711 1143 831 1205 Mathie
857 1144 1035 1228 Thurchyn
1053 1159 1083 1206 et
1101 1146 1265 1208 dominam
1286 1152 1393 1228 Agnes

157 1244 269 1308 relictam
295 1249 386 1310 Pauli
412 1249 632 1332 Fudricheycz
666 1250 760 1331 jurati
793 1250 1059 1330 adjudicaverunt
1090 1251 1175 1332 juxta
1201 1254 1391 1334 productio·

160 1369 224 1429 nem,
244 1357 324 1437 quod
352 1357 418 1437 ipsa
436 1357 569 1418 domina
586 1361 695 1438 Agnes
719 1372 846 1418 maneat
864 1358 895 1418 in
924 1357 1056 1440 pacifico
1081 1359 1228 1421 dominio
1245 1362 1390 1422 omnium

161 1456 290 1524 bonorum
315 1484 379 1545 que
404 1465 464 1524 sibi
490 1465 606 1525 mansit
629 1463 770 1547 prelatus
788 1465 905 1526 Paulus
929 1467 1017 1547 prior
1032 1466 1164 1527 maritus
1187 1487 1280 1543 suus3
1306 1468 1389 1528 idem

161 1581 230 1626 causa
256 1584 299 1630 est
330 1570 489 1652 appellata
514 1591 570 1651 per
602 1571 704 1652 ipsam
736 1571 879 1632 relictam
913 1571 1089 1655 Thurchyn
1124 1573 1155 1633 in
1190 1576 1387 1655 presenciam

150 1672 288 1736 >seniorum
314 1675 468 1757 judicum.

239 1781 306 1844 ltem
333 1803 427 1844 cause
452 1783 535 1846 inter
560 1783 736 1866 Symonem
760 1783 898 1864 juratum
924 1803 1070 1845 necnon
1097 1785 1238 1846 lwanum
1262 1800 1292 1846 et
1317 1786 1390 1848 Cle-

160 1898 266 1949 mentem
284 1890 462 1951 institorem
479 1890 635 1972 (propter)
652 1890 826 1972 quamdam
846 1891 980 1951 domum
998 1905 1167 1969 muratam,
1181 1892 1248 1972 ipse
1267 1892 1388 1975 Symon

161 1993 289 2056 convictus
313 2011 359 2057 est
391 2010 501 2058 contra
533 1997 684 2078 judicem,
717 1996 836 2076 juratos
869 1997 899 2057 in
933 1997 1072 2078 birsagio
1105 1997 1217 2079 duplo,
1248 1999 1304 2059 sed
1330 2000 1388 2081 ipsi

161 2092 262 2169 quilibet
284 2102 427 2183 ipsorum
452 2101 669 2182 juramentum
695 2102 858 2184 deponere
876 2103 1006 2164 habebit
1031 2102 1108 2164 feria
1133 2118 1218 2166 sexta
1244 2106 1389 2186 proxime

161 2215 275 2284 ventum
299 2209 385 2270 idem
411 2210 535 2291 Symon
561 2210 662 2290 ipsam
688 2229 816 2271 causam
841 2210 1016 2290 appellavit
1039 2210 1079 2270 ad
1104 2211 1256 2274 seniores.

238 2312 306 2376 ltem
331 2335 427 2376 causa
451 2315 573 2377 Mathis
591 2316 712 2397 Dragin
731 2330 860 2397 propter
877 2317 1101 2398 receptionem
1127 2318 1294 2378 cuiusdam
1313 2319 1388 2398 equi

162 2417 285 2481 castellani
305 2422 344 2482 de
361 2423 531 2483 Lultauecz
548 2436 677 2504 propter
693 2442 789 2503 quem
804 2422 929 2501 juravit,
945 2423 1004 2482 sibi
1023 2423 1089 2504 ipse
1108 2423 1244 2484 Mathias
1270 2424 1387 2503 Dragin

162 2532 247 2594 equum
270 2528 390 2591 reddet.

237 2632 313 2706 Quia
339 2636 430 2697 litere
455 2655 552 2718 super
576 2637 709 2697 domum
744 2635 951 2717 providarum
985 2636 1190 2696 dominarum
1225 2636 1387 2697 Dorothea

161 2731 278 2800 ciltena
303 2756 491 2802 vocatarum
515 2741 653 2803 filiarum
686 2742 823 2802 condam
858 2741 1038 2803 Clementis
1064 2742 1258 2824 Symunycz,
1292 2762 1388 2823 super

161 2841 262 2911 quadam
280 2848 378 2908 domo
397 2863 521 2910 murata
539 2849 570 2909 in
589 2849 698 2910 medio
721 2850 819 2909 nostri
838 2850 1002 2926 existente,
1028 2850 1201 2930 perierunt,
1226 2863 1256 2910 et
1274 2850 1386 2910 eedem

161 2935 224 3006 litere
243 2954 275 3012 ad
300 2953 547 3016 trinalorensem
567 2955 795 3036 publicamque
814 2956 1106 3036 proclamacionem
1133 2957 1248 3016 nullibi
1275 2976 1386 3037 reppe-

160 3043 197 3106 riti
220 3073 389 3140 potuerunt,
421 3062 496 3122 ideo
528 3062 743 3122 commonitas
775 3062 916 3122 decrevit
947 3062 1024 3142 ipsis
1055 3063 1250 3122 dominabus
1276 3063 1383 3122 literas

160 3159 268 3236 autjura
291 3168 329 3227 de
362 3187 448 3228 novo
473 3168 549 3228 dare
582 3187 653 3228 cum
688 3168 806 3248 quibus
838 3183 946 3227 tenere
972 3180 1002 3228 et
1027 3169 1190 3248 possidere
1225 3183 1279 3229 aut
1305 3189 1382 3249 quo-

160 3267 361 3358 m<ducumque
387 3277 463 3358 ipsis
487 3277 643 3358 placuerit
667 3275 915 3357 disponendum.

182 3497 249 3581 letis
276 3525 401 3604 quarta
430 3514 583 3604 proxima
614 3525 689 3603 post
718 3516 840 3585 lestum
874 3513 963 3585 beati
991 3513 1170 3601 Augustini
1201 3514 1359 3586 doctoris.

630 3684 674 3747 (1.
697 3668 886 3745 septembris).

234 3806 301 3871 ltem
328 3811 360 3871 in
387 3829 480 3871 causa
513 3809 595 3870 inter
628 3808 759 3870 Gallum
794 3808 971 3891 Kudelycz,
1004 3808 1209 3868 Valentinum
1244 3822 1384 3868 sutorem

157 3913 180 3959 Εῑ
198 3907 332 3978 lacobum
357 3915 512 3996 juratum,
529 3916 672 3977 seniores
689 3915 965 3994 adjudicaverunt,
981 3914 1068 3996 quod
1088 3913 1201 3975 Galtus
1221 3914 1385 3995 Kudelycz

159 4003 243 4080 iurabit
263 4043 319 4103 pro
345 4023 540 4104 quibusdam
559 4022 776 4099 straminibus,
794 4021 882 4102 quod
902 4041 1002 4102 usque
1024 4021 1115 4081 illum
1142 4021 1227 4082 diem
1253 4020 1383 4101 quando

157 4109 320 4210 indampno
346 4129 544 4210 reperierant
568 4148 700 4210 peccora
735 4129 888 4210 ipsorum,
922 4128 1011 4208 quod
1043 4148 1133 4208 sepes
1159 4147 1222 4187 non
1257 4126 1386 4188 fuerunt

156 4217 279 4296 destructe
303 4256 362 4296 nec
389 4235 566 4316 dampnum
592 4235 709 4316 aliquis
734 4255 770 4295 ex
789 4235 959 4294 clientibus
984 4235 1014 4294 in
1041 4235 1116 4314 ipsis
1141 4254 1204 4294 non
1231 4232 1304 4294 lecit
1328 4253 1385 4293 nec

155 4321 268 4402 honines
292 4343 393 4424 ipsius
418 4341 504 4403 Galli
524 4342 690 4423 Kudelycz
715 4361 779 4402 non
798 4342 990 4423 recepissent
1019 4341 1084 4421 ipsa
1103 4341 1255 4400 stramina
1281 4360 1384 4421 neque

155 4448 255 4508 peccora
280 4449 380 4530 ipsius
406 4447 492 4510 Galli
518 4467 583 4508 non
612 4447 759 4510 fecissent
791 4448 968 4529 dampnum
994 4448 1025 4506 in
1060 4448 1135 4528 ipsis
1160 4447 1383 4522 straminibus3

154 4552 176 4597 et
192 4547 252 4614 dum
276 4555 321 4616 sic
346 4555 564 4636 juramentum
582 4555 732 4636 deponet,
757 4555 883 4615 solvent
900 4554 959 4614 sibi
977 4554 1129 4614 stramina
1147 4553 1232 4632 juxta
1258 4553 1383 4613 estima-

152 4643 246 4720 ciolem
270 4661 399 4722 illorum
426 4661 482 4742 qui
508 4661 737 4722 estimaverunt
763 4661 831 4742 ipsa
859 4661 1021 4721 stramina.

231 4766 302 4829 ltem
328 4769 359 4829 in
383 4788 477 4830 causa
503 4768 584 4828 inter
601 4768 810 4830 Valentinum
835 4783 976 4828 sutorem
994 4779 1025 4826 et
1050 4765 1180 4827 Gallum
1201 4764 1383 4847 Kudelych,

151 4867 262 4935 seniores
283 4875 560 4955 adjudicaverunt,
585 4875 672 4957 quod
695 4874 834 4958 prelatus
853 4874 966 4936 Gallus
993 4873 1158 4954 Kudelycz
1177 4887 1222 4933 est
1248 4872 1382 4933 infacto

150 4980 267 5048 potencie
290 4995 400 5044 contra
424 4981 565 5062 judicem
590 4981 665 5044 anni
689 4982 830 5064 preteriti
847 5001 907 5065 pro
940 5000 989 5060 eo,
1015 4979 1103 5066 quod
1136 4979 1272 5046 vadium
1299 4978 1390 5068 quod
