3142 5356
153 528 188 588 52
531 513 617 568 Anno
640 506 736 588 [5188.
762 544 803 552 —
831 524 876 585 14.
902 511 1011 567 martii.

1189 615 1414 622 --———

149 741 269 802 Jacobo
294 741 436 801 dicebat:
462 741 545 800 bone
570 739 684 815 amice,
710 758 808 799 nosco
833 738 963 819 quidem
982 753 1023 816 te,
1049 739 1146 820 vulgo
1172 759 1223 801 me
1247 739 1314 801 salo
1336 739 1417 818 bilo,

149 849 270 910 dictum
296 848 414 925 luisset,
440 847 478 907 de
504 866 570 926 quo
596 865 656 926 ego
686 846 782 905 doleo
807 847 894 926 quod
921 846 1001 905 inter
1030 865 1088 906 nos
1114 845 1231 907 factum
1255 861 1340 922 erat;
1358 846 1410 907 Ja-

148 957 247 1016 cobus
268 970 367 1016 sartor
385 954 442 1036 ipsi
460 952 633 1013 Valentino
651 951 729 1012 dixit
747 972 810 1012 non
835 953 874 1012 sit
895 953 952 1013 tibi
972 953 1044 1033 plus
1061 953 1200 1027 malum3
1221 952 1313 1029 iurati
1335 972 1412 1014 vero

148 1063 202 1123 tali
218 1061 316 1122 modo
333 1060 607 1140 adjudicaverunt,
620 1059 708 1138 quod
727 1057 867 1138 prefatus
881 1058 1070 1120 Valentinus
1083 1059 1189 1123 senior
1201 1058 1297 1139 judex
1315 1058 1413 1120 debet

149 1168 363 1249 juramentum
386 1166 546 1247 deponere
573 1165 603 1224 in
629 1185 681 1224 ara
710 1180 817 1225 sancte
843 1165 956 1225 Crucis
987 1166 1017 1225 in
1043 1165 1175 1227 ecclesia
1202 1165 1286 1227 beati
1311 1165 1412 1226 Marci

150 1275 354 1355 ewangeliste
380 1274 410 1333 in
437 1273 519 1332 dicta
552 1272 679 1332 civitate
713 1269 854 1347 lundata,
887 1272 975 1352 quod
1010 1272 1049 1333 de
1083 1271 1287 1354 percussione
1313 1271 1416 1353 ipsius

149 1381 311 1441 Valentini
344 1399 408 1440 non
434 1392 480 1439 est
505 1391 661 1455 mortuos,
694 1377 849 1457 vigesimo
883 1378 996 1458 quinto
1028 1398 1059 1438 se
1086 1378 1209 1439 civibus
1241 1377 1301 1439 sibi
1326 1376 1417 1439 simi·

149 1487 233 1547 libus
251 1485 327 1546 feria
345 1500 430 1545 sexta
448 1486 592 1567 proxima
607 1498 677 1564 post
694 1484 890 1546 dominicam
909 1485 1009 1557 Quasi
1029 1487 1128 1547 modo
1145 1486 1263 1566 geniti;
1282 1485 1418 1567 quando

150 1593 235 1653 idem
260 1592 449 1652 Valentinus
466 1590 561 1670 judex
587 1590 746 1672 prefatum
764 1591 978 1670 juramentum
997 1592 1183 1674 deposuerit
1200 1612 1238 1652 ex
1261 1604 1337 1652 tunc
1355 1611 1417 1653 nec

149 1718 229 1760 uxor
260 1698 360 1779 ipsius
384 1699 493 1758 lacobi
526 1699 654 1758 sartoris
687 1718 746 1758 nec
776 1698 946 1777 generacio
981 1699 1100 1779 ubique
1132 1699 1269 1758 existens
1303 1711 1417 1759 contra

150 1805 254 1886 ipsum
280 1804 384 1865 dicere
410 1823 474 1864 non
493 1804 627 1885 poterit;
652 1805 690 1863 de
713 1805 909 1884 quoquidem
928 1805 1171 1883 adjudicatione
1196 1801 1336 1885 prefatus
1354 1804 1417 1866 Va-

150 1911 290 1971 lentinus
316 1910 422 1971 senior
447 1909 541 1990 judex
568 1929 631 1970 non
657 1924 825 1970 contentus
850 1911 888 1970 ad
918 1912 1059 1972 seniores
1083 1910 1205 1990 judices
1228 1910 1415 1993 appellavit.

256 2017 360 2079 Causa
387 2017 468 2078 inter
485 2016 663 2076 Johanncm
683 2017 860 2077 institorem
883 2031 913 2078 et
932 2018 1085 2078 Mathiam
1103 2033 1258 2079 sartorem
1283 2017 1414 2079 racione

148 2124 309 2205 vituperii,
334 2123 389 2184 ubi
414 2123 576 2183 lohannes
608 2123 727 2197 iuratus
752 2138 860 2184 contra
894 2123 1050 2204 prelatum
1078 2125 1231 2185 Mathiam
1256 2138 1414 2186 sartorem

149 2230 319 2311 allegabat,
344 2229 431 2310 quod
459 2229 563 2310 ipsum
590 2228 689 2289 lilium
716 2230 916 2290 meretricem
942 2231 1134 2312 appellasset
1158 2245 1189 2292 et
1213 2230 1301 2312 quod
1327 2229 1416 2291 idem

150 2335 312 2397 lohannes
343 2355 399 2416 per
429 2335 584 2395 invidiam
611 2334 650 2394 de
682 2335 808 2396 civitate
841 2337 1043 2417 expullisset;
1075 2351 1246 2398 annotatus
1278 2334 1418 2398 Mathias

150 2458 250 2502 sartor
274 2441 549 2523 vituperacionem
576 2443 712 2521 negabat
736 2442 792 2503 sed
825 2443 1046 2523 expulsionem
1073 2463 1138 2505 non
1163 2443 1302 2524 negavit,
1328 2442 1416 2503 idem

149 2548 311 2609 lohannes
335 2548 519 2608 testimonio
541 2548 762 2628 comprobavit
779 2548 1066 2629 vituperacionem.
1092 2549 1217 2609 Primus
1241 2548 1329 2609 testis
1347 2547 1413 2610 Do·

149 2654 287 2715 minicus
312 2653 443 2736 Sychlty
468 2654 522 2714 tali
547 2654 646 2714 modo
672 2655 759 2730 dixit,
786 2669 820 2714 ut
839 2655 975 2716 Mathias
1000 2655 1134 2716 kurchar
1159 2655 1335 2736 appellavit
1359 2655 1414 2717 Jo-

149 2760 289 2820 hanncm
314 2759 491 2820 institorem
517 2760 615 2840 vulgo
640 2759 798 2821 Ocztheni
823 2760 918 2823 lwan.
945 2762 1112 2823 Secundus
1135 2762 1224 2823 testis
1248 2762 1412 2824 Fabianus

149 2865 288 2927 carnifex
314 2866 353 2926 de
378 2865 519 2926 Abbacia
544 2868 603 2926 sub
628 2865 807 2945 juramento
840 2868 927 2947 quod
953 2867 1058 2949 ipsum
1083 2867 1184 2928 filium
1208 2869 1412 2930 meretricem

149 2972 340 3054 appellasset
366 2987 396 3032 et
420 2991 493 3032 eum
520 2992 575 3052 per
599 2972 752 3033 invidiam
786 2974 824 3033 de
850 2974 975 3035 civitate
1008 2975 1211 3055 expullisset;
1237 2973 1329 3053 jurati
1355 2973 1413 3035 ad-

148 3077 371 3158 judicaverunt
395 3091 525 3159 propter
542 3079 697 3159 vituperia
720 3094 750 3139 et
767 3079 1025 3141 diffamacionem
1051 3081 1136 3142 idem
1155 3080 1291 3142 Mathias
1312 3094 1416 3141 sartor

148 3200 194 3246 est
218 3185 383 3246 convictus
408 3199 517 3245 contra
543 3186 680 3245 eundem
699 3185 877 3247 Johanncm
911 3188 1102 3266 institorem,
1128 3201 1294 3270 propterea
1320 3188 1409 3268 quod

148 3311 207 3373 pro
231 3306 307 3353 tunc
331 3305 475 3371 tempore
501 3306 567 3351 erat
593 3292 676 3352 idem
700 3293 862 3353 lohannes
879 3293 1011 3374 juratus,
1036 3294 1067 3354 in
1093 3294 1213 3375 duppla
1238 3294 1301 3353 vivi
1328 3293 1415 3375 (h)o·

148 3398 266 3478 magii3
284 3398 368 3458 idem
388 3397 523 3458 Mathias
544 3412 643 3458 sartor
662 3413 770 3459 contra
788 3400 928 3460 eundem
946 3399 1125 3460 Johannem
1144 3400 1303 3480 allegabat
1323 3400 1415 3480 quod

148 3504 209 3567 fuit
232 3520 342 3586 captus
367 3525 422 3586 per
446 3504 585 3584 judicem
610 3504 694 3565 idem
721 3506 883 3566 lohannes
907 3506 1045 3567 eundem
1072 3506 1226 3568 Mathiam
1252 3525 1309 3587 per
1334 3505 1415 3567 invi·

149 3613 235 3674 diam
262 3613 293 3672 in
319 3612 496 3673 carceribus
514 3631 569 3692 per
593 3612 699 3672 colum
719 3613 929 3674 incatenasset
954 3627 984 3674 et
1001 3615 1063 3674 alte
1082 3633 1155 3674 eum
1173 3613 1313 3694 ligasset,
1328 3613 1415 3674 idem

149 3718 311 3780 lohannes
336 3718 462 3777 institor
479 3717 647 3796 allegavit;
664 3716 756 3794 jurati
775 3718 830 3777 tali
856 3717 955 3779 modo
973 3718 1248 3798 adjudicaverunt,
1273 3732 1307 3778 ut
1327 3717 1414 3779 idem

149 3826 313 3887 lohannes
338 3824 463 3884 institor
488 3823 583 3884 debet
608 3822 821 3901 iuramentum
844 3824 1005 3906 deponere
1029 3825 1129 3886 tercio
1154 3844 1186 3886 se
1211 3824 1335 3885 civibus
1352 3825 1414 3886 sibi

147 3932 308 3995 similibus
332 3930 363 3991 in
389 3950 441 3990 ara
467 3943 575 3990 sancte
599 3929 712 3990 Crucis
744 3930 775 3990 in
801 3930 933 3991 ecclesia
958 3931 1056 3991 sancti
1084 3931 1181 3991 Marci
1207 3931 1413 4011 exrangeliste

146 4039 296 4101 videlicet
320 4036 397 4098 feria
422 4050 508 4096 sexta
541 4037 685 4117 proxima
711 4050 782 4117 post
813 4037 1010 4098 dominicam
1043 4037 1142 4109 Quasi
1177 4038 1275 4098 modo
1299 4038 1413 4118 geniti,

148 4145 235 4227 quod
260 4145 325 4225 ipse
348 4140 508 4218 lohannes
533 4141 686 4219 majorem
713 4139 956 4203 inferracionem
975 4163 1070 4224 super
1094 4143 1198 4224 ipsum
1224 4164 1291 4206 non
1317 4144 1410 4225 inpo-

147 4252 260 4314 suisset
284 4249 344 4309 nisi
368 4247 545 4308 secundum
569 4248 830 4309 commissionem
848 4249 963 4330 judicis
987 4269 1045 4311 nec
1069 4270 1126 4311 sua
1143 4251 1271 4331 propria
1296 4250 1410 4312 volun·

147 4372 228 4434 tate;
268 4356 307 4417 de
339 4353 537 4436 quaquidem
571 4354 814 4436 adjudicacione
854 4355 995 4437 prefatus
1028 4356 1164 4418 Mathias
1202 4371 1303 4418 sartor
1346 4377 1411 4419 non

147 4477 315 4527 contentus
338 4462 379 4523 ad
403 4461 545 4523 seniores
569 4461 690 4543 judices
714 4463 898 4545 appellavit.

331 4630 426 4704 leria
455 4640 553 4703 sexta
582 4631 734 4721 proxima
763 4644 840 4704 ante
869 4630 1068 4704 dominicam
1098 4633 1228 4704 letare.

669 4765 734 4845 (14.
758 4771 882 4841 martir).

253 4892 356 4955 Causa
383 4891 463 4953 iuter
488 4890 624 4953 Paulum
643 4888 840 4954 aurifabrum
867 4905 897 4954 et
915 4893 1056 4955 blasium
1083 4891 1270 4971 Almanam,
1295 4889 1411 4953 citacio

147 4999 299 5066 secunda.
