3142 5356
689 323 775 382 Anno
797 336 889 435 1423·
1358 340 1419 403 2⁵3

148 539 230 601 silva
255 539 394 620 quadam
421 538 452 599 in
485 557 547 620 qus
573 533 645 596 fons
676 535 809 616 quidam
842 533 1059 596 Thuslranech
1091 533 1194 596 dictus
1218 531 1287 596 lore
1313 532 1419 616 perhi-

150 647 246 706 betur
270 646 311 706 ad
335 643 472 707 eandem
496 642 657 704 vineolam
683 640 794 719 fluere,
810 641 843 701 in
868 640 1031 702 vicinitate
1063 640 1154 702 vinee
1179 640 1312 721 Agnetis
1337 639 1420 701 Hor-

152 751 345 813 wathinicza
371 751 454 810 dicte
479 764 509 812 et
533 749 600 809 vias
621 766 809 809 communes
833 744 986 824 habitam,
1018 746 1077 806 sibi
1102 765 1159 828 per
1184 745 1418 826 Margarctham

151 871 290 919 matrem
317 876 408 918 suam
434 856 609 932 venditam,
634 854 763 915 Andree
783 855 882 915 sutori
902 854 1027 914 sororio
1052 872 1111 914 suo
1135 872 1194 935 pro
1211 869 1331 935 septem
1351 851 1420 914 flor.

148 963 220 1025 auri
248 962 394 1024 vendidit
418 975 574 1044 perpetuo
599 959 839 1042 possidendam.

260 1070 338 1133 Item
365 1071 465 1152 proba
490 1081 521 1132 et
545 1069 678 1129 honesta
708 1066 839 1128 domina
868 1065 966 1128 Eleus
999 1078 1111 1127 vocata
1147 1064 1257 1127 relicta
1281 1065 1420 1126 condam

151 1174 287 1258 Georgii
313 1175 467 1237 Wolkow
490 1173 548 1236 filii
574 1173 671 1251 lwsn,
696 1172 859 1254 quandam
889 1172 1017 1233 vineam
1040 1190 1130 1232 susm
1156 1170 1420 1254 Hermanschyalr

149 1295 300 1344 vocatam
319 1282 350 1342 in
368 1280 530 1343 territorio
547 1293 657 1341 nostro
675 1278 757 1340 inter
774 1279 883 1339 vineas
903 1278 1045 1339 virorum
1063 1277 1272 1359 providorum
1291 1277 1420 1340 Thome

149 1388 297 1465 cultoris,
321 1388 361 1448 ab
392 1406 456 1448 una
489 1400 587 1468 parte,
611 1387 651 1446 ab
684 1384 782 1446 altera
806 1403 883 1446 vero
914 1383 1053 1445 Ladislai
1077 1381 1229 1445 aurifabri
1264 1383 1417 1462 habitam,

152 1515 169 1557 a
196 1495 246 1555 via
272 1493 437 1556 communi
462 1512 535 1555 cum
560 1491 777 1554 circumstanti
811 1491 962 1572 virgulto,
988 1487 1068 1552 infra
1093 1510 1194 1572 usque
1220 1490 1358 1552 rivulum
1384 1511 1417 1552 se

155 1600 395 1678 extendentem,
423 1617 495 1660 cum
521 1599 586 1660 suis
602 1597 807 1680 pertinenciis
828 1596 958 1659 Thome
974 1600 1087 1658 sartori
1111 1616 1231 1677 genero
1248 1610 1279 1657 et
1306 1596 1418 1681 Elyza·

156 1705 233 1770 beth
257 1705 334 1784 filie,
358 1706 434 1784 suis,
459 1705 591 1767 donavit
615 1717 771 1786 perpetuo
795 1703 1033 1786 possidendam.

262 1812 339 1874 ltem
358 1813 504 1874 universe
530 1811 747 1893 possessiones
764 1823 794 1872 et
818 1809 988 1892 porciones
1005 1809 1253 1892 possessionarie
1278 1809 1417 1871 condam

156 1918 321 1980 Dominici
347 1917 547 2000 Marsethych
576 1917 653 1979 olim
679 1916 771 1997 jurati
796 1931 827 1978 et
851 1916 991 1978 concivis
1016 1916 1114 1977 nostri
1140 1914 1196 1977 filii
1223 1916 1330 1993 Blasii,
1354 1934 1417 1997 que

155 2045 214 2108 per
240 2025 380 2087 eundem
404 2026 437 2086 in
474 2023 622 2085 extremis
653 2023 716 2084 vite
744 2043 800 2084 sue
831 2023 1032 2084 laborantem
1058 2023 1173 2104 Agneti
1207 2023 1335 2085 mulieri
1360 2042 1418 2105 pro

152 2148 230 2194 tunc
253 2152 309 2194 sue
334 2131 473 2193 consorti
499 2145 573 2192 sunt
588 2129 852 2192 testamentaliter
872 2129 988 2210 legate,
1012 2149 1068 2211 per
1084 2148 1143 2190 nos
1168 2129 1273 2191 eidem
1299 2129 1416 2211 Agneti

153 2253 185 2301 et
210 2259 265 2321 per
290 2257 360 2301 eam
394 2238 459 2299 suis
491 2236 663 2299 heredibus
696 2235 868 2297 literatorie
897 2249 972 2298 sunt
1003 2249 1189 2317 perpetuate
1213 2235 1419 2317 perhenniter

153 2343 350 2426 possidende
374 2357 406 2404 et
430 2341 739 2423 quomodocumque
765 2341 904 2403 voluerit
927 2341 1139 2423 disponende.

261 2450 338 2512 ltem
371 2449 430 2510 viri
463 2448 590 2530 providi
624 2447 804 2530 Stephanus
835 2446 956 2528 juratus
988 2462 1096 2510 noster
1128 2448 1302 2510 modernus
1333 2446 1419 2510 filius

156 2555 324 2618 Michaelis
348 2554 424 2615 dicti
451 2553 675 2636 Orthophlych
704 2567 735 2614 et
760 2554 870 2615 Petrus
899 2553 1003 2615 dictus
1028 2554 1183 2617 Penthera
1220 2554 1345 2636 pridem
1369 2553 1417 2633 ju·

154 2675 241 2724 tatus
264 2660 349 2722 filius
375 2659 472 2737 Galli,
496 2662 536 2721 ab
562 2679 625 2721 una
642 2672 741 2740 parte,
765 2660 805 2720 ab
821 2659 920 2721 altera
938 2679 1014 2720 vero
1032 2659 1168 2722 Michael
1186 2658 1271 2721 filius
1288 2659 1417 2723 Andree

152 2766 250 2847 judex
274 2768 315 2828 de
341 2766 590 2849 Bozyaltowina,
615 2765 776 2848 quandam
810 2766 944 2826 domum
971 2779 1127 2826 muratam
1153 2779 1183 2828 et
1208 2766 1416 2844 mediocrem,

152 2871 406 2955 inferioremque
438 2885 559 2952 partem
593 2871 687 2932 turris
718 2871 814 2931 simul
846 2891 918 2932 cum
951 2869 1053 2932 tundo
1077 2886 1108 2932 et
1139 2870 1306 2949 hedificiis,
1337 2871 1416 2933 inci·

153 2979 273 3061 piendo
297 2979 338 3040 ab
355 2977 466 3040 eadem
492 2978 570 3039 turri
597 2996 697 3058 usque
714 2977 870 3058 capellam
894 2979 984 3039 beate
1002 2976 1115 3039 Vrsule
1140 2977 1272 3059 virginis
1296 2992 1416 3039 etcum

151 3084 272 3162 (hlorto
297 3098 381 3146 retro
405 3084 541 3146 eandem
560 3083 679 3161 habito,
704 3098 733 3144 et
751 3084 823 3144 aliis
840 3084 961 3145 cunctis
978 3084 1043 3146 suis
1062 3085 1251 3147 utilitatibus
1275 3099 1306 3147 et
1321 3087 1417 3168 perti·

151 3191 273 3252 nenciis
290 3191 446 3252 universis
470 3191 513 3251 sic
538 3203 568 3251 et
585 3209 623 3250 eo
642 3190 740 3251 modo
765 3191 947 3252 divisissent
971 3191 1052 3252 inter
1068 3211 1100 3252 se
1126 3190 1297 3252 literatorie
1315 3192 1417 3274 possi·

153 3296 271 3375 denda,
295 3296 384 3379 quod
416 3296 588 3358 mediocris
620 3316 692 3377 pars
723 3297 817 3358 turris
849 3316 921 3357 cum
947 3297 1132 3378 pavimento
1164 3298 1254 3358 totali
1280 3311 1311 3359 et
1342 3318 1415 3359 cum

152 3404 262 3486 spacio
288 3404 370 3466 inter
394 3403 528 3464 eandem
555 3403 752 3464 mediocrem
777 3417 899 3484 partem
927 3403 1023 3464 turris
1046 3423 1082 3465 ac
1107 3403 1188 3464 inter
1212 3405 1338 3465 stubam
1363 3403 1417 3465 ha·

153 3509 232 3587 bito,
257 3528 329 3570 cum
362 3509 475 3570 eadem
507 3511 598 3569 stuba
623 3522 653 3570 et
685 3527 757 3570 cum
790 3509 929 3590 coquina
961 3528 1054 3590 supra
1090 3508 1225 3570 domum
1259 3522 1417 3572 muratam

152 3614 328 3698 predictam
347 3613 474 3692 habitis,
499 3635 535 3675 ac
552 3634 623 3676 cum
650 3614 760 3697 spacio
777 3615 867 3676 totali
887 3616 969 3676 inter
986 3615 1121 3676 eandem
1145 3616 1271 3676 stubam
1289 3631 1320 3676 et
1337 3616 1418 3678 inter

150 3735 271 3783 statuas
295 3722 452 3782 ambitum
477 3740 534 3782 seu
558 3721 726 3783 circuitum
761 3721 844 3782 dicte
873 3721 995 3803 capelle
1027 3734 1251 3799 sustentantes,
1276 3741 1311 3782 ac
1337 3722 1418 3783 inter

151 3846 278 3888 murum
304 3827 440 3889 civitatis
457 3827 597 3908 predicte
623 3826 744 3904 habito,
761 3847 834 3888 cum
855 3827 1025 3888 medietate
1043 3827 1151 3905 (hlorti
1179 3848 1194 3886 s
1221 3840 1308 3908 parte
1327 3825 1417 3888 fundi

151 3931 295 4012 magistri
321 3930 450 3992 Thome
474 3931 590 3993 literati
616 3932 692 3994 dieti
718 3932 787 3993 lsan
812 3933 932 4009 habita,
957 3947 987 3992 et
1011 3932 1081 3992 aliis
1098 3932 1219 3993 cunctis
1243 3933 1309 3994 suis
1332 3933 1417 3994 utili-

152 4038 272 4099 tatibus
297 4053 330 4099 ut
355 4038 387 4099 in
413 4037 503 4100 litera
529 4039 719 4115 continetur,
745 4039 837 4100 cessit
861 4038 1006 4121 predicto
1031 4038 1180 4100 Michasli
1207 4059 1262 4120 per
1286 4039 1416 4100 divisio·

152 4162 227 4205 nem
252 4143 352 4225 ipsius
376 4144 408 4204 in
434 4144 661 4225 proprietatem
694 4157 725 4206 et
754 4145 941 4225 porcionem
974 4163 1063 4206 suam
1089 4143 1292 4225 perhenniter
1316 4145 1416 4227 possi·

153 4250 312 4328 dendam;
336 4271 409 4333 pars
434 4271 509 4313 vero
535 4249 667 4312 inlerior
691 4252 785 4312 turris
813 4271 884 4311 cum
911 4251 1052 4332 predicta
1077 4264 1144 4313 tota
1168 4251 1267 4312 domo
1292 4266 1414 4313 murata

152 4377 188 4418 ac
212 4376 285 4418 cum
309 4358 418 4438 spacio
443 4357 586 4438 quodam
611 4376 713 4418 vacuo
745 4377 762 4417 a
793 4372 880 4439 parte
904 4355 995 4419 fundi
1029 4357 1184 4419 Anthonii
1209 4356 1333 4438 judicis,
1358 4359 1417 4419 sub

151 4464 355 4526 dimensione
379 4480 538 4526 certorum
558 4465 760 4525 brachiorum
780 4463 955 4527 ferreorum
974 4478 1004 4526 et
1028 4485 1100 4526 cum
1120 4465 1288 4527 medietate
1307 4463 1416 4544 (hlorti

150 4583 234 4632 retro
259 4585 290 4630 et
312 4589 410 4653 penes
433 4569 589 4652 cupellam
616 4570 791 4652 predictam
823 4570 922 4633 habiti
948 4585 979 4633 et
1012 4590 1084 4632 cum
1107 4571 1178 4632 aliis
1203 4571 1325 4633 cunctis
1349 4571 1416 4632 suis

151 4675 343 4738 utilitatibus
368 4692 399 4738 et
423 4676 628 4758 pertinenciis
656 4677 822 4755 universis,
848 4690 882 4738 ut
915 4678 946 4737 in
971 4678 1062 4738 litera
1095 4677 1289 4759 privilegiali
1315 4676 1414 4739 conti·

149 4795 254 4861 netur,
286 4783 437 4865 predictis
471 4783 635 4864 Stephano
668 4798 697 4843 et
722 4784 816 4845 Petro
848 4783 959 4864 juratis
991 4804 1046 4866 per
1078 4784 1273 4847 eleccionem
1302 4803 1414 4847 eorum
