3142 5356
148 564 333 625 vicinorum
371 563 612 646 predictorum;
644 563 736 624 ‹uius
766 564 862 625 sliam
894 563 1110 643 medietatem,
1141 584 1237 625 unam
1269 565 1416 627 similiter

149 685 352 753 quartam,a
385 684 474 753 parte
498 669 573 731 dicti
606 669 714 751 (h)orti
747 669 847 753 ipsius
877 671 992 731 Vrsule
1017 670 1159 732 habitam
1191 685 1222 732 et
1255 671 1415 747 situatam,

148 762 239 839 idem
264 776 425 837 Fabianus
448 775 644 858 (reservavit)
669 796 725 857 pro
749 797 781 837 se
806 776 979 838 literatorie
1004 777 1242 860 possidendam.

258 883 336 945 ltem
355 882 545 945 Valentinus
566 879 652 944 lilius
670 882 794 944 Nicolsi
816 883 919 944 dictus
937 882 1092 962 Fratrich,
1116 883 1279 966 quandam
1297 898 1414 946 terram

148 1010 241 1052 suam
266 990 421 1051 arabilem
446 989 478 1050 in
504 1008 620 1072 campo
653 1002 763 1051 nostro
788 989 870 1050 inter
900 1003 999 1050 terras
1025 987 1202 1052 Clementis
1225 990 1358 1052 cultoris
1382 1005 1413 1053 et

148 1095 318 1158 Benedicti
342 1095 472 1157 sartoris
496 1093 637 1156 filiorum
662 1094 801 1168 Andree,
834 1109 864 1157 et
888 1095 1065 1157 liberorum
1091 1094 1220 1160 Tharne
1246 1097 1354 1158 vicarii
1379 1097 1411 1158 in

147 1203 384 1286 temporalibus
415 1202 575 1285 generalis
600 1202 811 1285 episcopatus
843 1203 1069 1285 zagrabiensis,
1100 1205 1140 1265 ab
1173 1223 1247 1281 una,
1272 1217 1302 1265 et
1327 1218 1415 1285 parte

148 1312 190 1372 ab
215 1309 315 1372 altera
340 1309 422 1370 inter
445 1323 563 1370 terram
588 1308 723 1371 ecclesie
746 1322 852 1372 nostre
876 1308 1069 1391 parochialis
1086 1311 1168 1372 beati
1195 1311 1293 1373 Marci
1310 1330 1401 1373 ewan

147 1415 276 1498 geliste,
301 1435 336 1477 ac
361 1415 499 1497 desuper
519 1415 600 1476 inter
618 1415 702 1476 viam
720 1435 926 1477 communem
944 1431 974 1477 et
998 1418 1038 1479 ab
1055 1415 1198 1478 inferiori
1223 1431 1313 1498 parte
1330 1416 1416 1497 juxta

148 1535 267 1584 terram
293 1541 350 1585 seu
375 1520 473 1583 fenile
499 1521 674 1583 liberorum
697 1522 835 1583 condam
861 1522 1027 1584 Michaelis
1044 1522 1159 1603 judicis
1182 1521 1239 1584 filii
1265 1523 1417 1604 Symonis

149 1627 306 1707 habitam,
331 1641 405 1690 octo
430 1643 464 1690 ut
488 1628 605 1689 dicitur
637 1627 738 1690 dietas
770 1643 852 1690 terre
878 1629 967 1691 inse
999 1630 1229 1707 continentem,
1254 1649 1326 1691 cum
1351 1630 1432 1691 suis.

153 1735 363 1818 pertinenciis
388 1735 554 1797 Anthonio
581 1735 707 1818 pridem
731 1734 835 1815 jurato
852 1733 920 1797 filio
945 1734 1078 1819 Georgii
1104 1750 1135 1797 et
1159 1735 1335 1821 Elyzabeth
1359 1755 1416 1797 sue

148 1842 293 1903 consorti
317 1862 376 1924 pro
402 1841 513 1924 viginti
539 1855 612 1903 octo
638 1839 707 1903 flor.
732 1842 801 1903 auri
838 1842 984 1905 vendidit
1007 1857 1163 1926 perpetuo
1187 1842 1415 1925 possidendam

147 1968 187 2010 ex
212 1967 373 2010 consensu
398 1948 580 2009 vicinorum
605 1947 834 2030 predictorum.

259 2054 337 2117 ltem
363 2055 465 2115 Kassa
491 2054 607 2115 mulier
624 2053 732 2115 relicta
750 2053 889 2115 condam
908 2053 1037 2116 Thome
1061 2052 1142 2117 labri
1168 2055 1299 2116 totalem
1324 2073 1415 2116 suam

149 2161 341 2244 porcionem
366 2162 397 2222 in
423 2160 563 2242 quadam
588 2160 698 2238 domn,
722 2159 824 2224 fundo
849 2174 879 2222 et
901 2159 1057 2222 hedificiis
1081 2161 1113 2223 in
1135 2161 1207 2223 vico
1232 2161 1314 2223 dicte
1339 2161 1415 2222 civi·

148 2267 224 2329 tatis
248 2268 396 2329 exteriori
421 2287 478 2328 seu
503 2267 607 2350 platea
633 2266 885 2329 Theuthonicali
911 2268 993 2329 inter
1010 2267 1124 2330 domos
1148 2282 1179 2329 et
1203 2266 1321 2329 fundos
1337 2268 1414 2330 libe-

149 2393 262 2436 rorum
286 2374 364 2436 olim
390 2374 474 2435 lwan
501 2374 650 2435 Huzaren
669 2387 700 2435 et
724 2373 890 2435 Michaelis
907 2371 987 2436 fabri
1012 2374 1088 2436 dicti
1113 2375 1227 2460 Zyrow
1252 2375 1359 2437 habita
1384 2388 1415 2438 et

149 2481 317 2559 existente,
340 2480 474 2542 totalem
498 2480 648 2541 videlicet
678 2480 865 2561 porcionem
890 2499 992 2558 suam,
1026 2500 1123 2542 unam
1149 2496 1296 2562 quartam
1330 2481 1416 2543 curie

150 2588 183 2649 in
208 2607 241 2649 se
266 2587 467 2665 retinentem,
492 2606 564 2648 cum
589 2587 655 2647 suis
671 2586 878 2669 pertinenciis
899 2587 1027 2649 Andree
1057 2586 1147 2649 fabro
1172 2584 1240 2649 filio
1266 2586 1414 2668 Gregorii

149 2713 271 2775 genero
295 2713 354 2755 suo
382 2694 497 2755 marito
515 2694 673 2774 legittimo
696 2694 835 2756 Barbare
859 2691 924 2756 filie
944 2694 1042 2775 ipsius
1060 2695 1161 2755 Kusse
1179 2693 1268 2756 dedit
1293 2707 1324 2755 et
1339 2712 1415 2754 con·

151 2801 286 2863 donavit
310 2815 466 2884 perpetuo
489 2800 739 2883 possidendam;
763 2800 905 2884 predicta
933 2820 1010 2862 vero
1036 2801 1174 2863 barbara
1198 2801 1345 2863 similiter
1368 2814 1415 2861 to·

148 2908 248 2970 talem
272 2927 362 2969 suam
381 2908 569 2989 porcionem
587 2907 618 2968 in
644 2907 755 2969 eadem
782 2907 892 2986 domo,
916 2906 1017 2970 fundo
1035 2922 1066 2970 et
1082 2906 1239 2970 hedificiis
1263 2907 1415 2983 habitam,

152 3034 248 3076 unam
273 3015 420 3076 similiter
452 3028 598 3096 quartam
631 3015 662 3075 in
696 3034 729 3076 se
753 3014 936 3091 habentem,
969 3012 1090 3095 prefate
1125 3015 1211 3075 Kuse
1242 3014 1336 3076 matri
1360 3031 1415 3075 sue

150 3120 299 3182 similiter
323 3121 518 3182 condonavit
542 3135 697 3202 perpetuo
722 3121 970 3202 possidendam
1002 3140 1099 3202 quam
1124 3120 1255 3183 tandem
1280 3120 1414 3182 domum

152 3241 184 3289 et
209 3225 345 3287 fundum
380 3246 416 3288 ac
448 3225 594 3289 hedificia
628 3228 743 3305 iidem,
774 3227 925 3288 videlicet
957 3228 1059 3288 Kussa
1092 3241 1123 3288 et
1155 3227 1301 3288 Andreas
1325 3225 1414 3287 faber

153 3352 252 3415 gener
274 3353 350 3395 suus
373 3335 455 3395 inter
478 3353 511 3395 se
536 3334 727 3411 divisissent,
751 3334 839 3415 quod
857 3354 919 3394 una
945 3349 1029 3395 recta
1054 3349 1085 3396 et
1108 3334 1234 3415 equalis
1259 3333 1415 3395 medietas

151 3437 244 3500 fundi
269 3439 439 3519 prenotati,
456 3459 473 3500 a
499 3454 586 3520 parte
604 3438 694 3500 fundi
716 3440 859 3521 ipsorum
878 3440 1053 3501 liberorum
1072 3440 1155 3501 lwan
1176 3439 1327 3501 Huznren
1344 3440 1416 3519 sita,

151 3562 225 3606 cum
251 3543 408 3606 hedificiis
435 3546 549 3626 ligneis
582 3546 726 3628 predicto
757 3547 885 3608 Andree
923 3544 1013 3608 fabro
1046 3547 1188 3607 cessisset
1214 3547 1245 3607 in
1271 3547 1414 3628 proprie·

149 3664 248 3714 tatem
281 3665 312 3713 et
346 3653 533 3733 porcionem
570 3672 658 3713 suam
693 3652 1000 3730 condivisionalem,
1032 3653 1094 3713 alia
1127 3668 1235 3714 autem
1267 3665 1352 3715 recta
1384 3665 1416 3713 et

150 3758 277 3840 equalis
300 3759 456 3821 medietas
481 3758 572 3820 fundi
598 3757 721 3841 prelati,
747 3779 844 3820 unam
876 3759 1023 3820 similiter
1057 3774 1202 3841 quartam
1229 3760 1260 3820 in
1285 3779 1318 3820 se
1342 3760 1415 3821 reti·

151 3884 243 3944 nens,
268 3866 409 3947 predicte
436 3867 537 3927 Kusse
562 3866 708 3927 similiter
740 3866 884 3927 cessisset
913 3867 944 3926 in
976 3866 1164 3947 porcionem
1189 3885 1279 3928 suam
1305 3865 1414 3928 condi·

149 3971 343 4033 visionalem
368 3971 597 4054 possidendam
622 3972 828 4054 perhenniter
852 3986 882 4033 et
907 3973 1098 4037 habendam.

197 4191 279 4263 ltem
307 4192 394 4264 teria
422 4202 545 4282 quarta
575 4192 728 4281 proxima
757 4202 832 4282 post
861 4193 981 4264 festum
1011 4190 1243 4264 Conversionis
1272 4194 1361 4264 beati

646 4317 740 4387 Pauli
770 4318 925 4405 apostoli.

659 4467 723 4547 (28.
739 4471 902 4546 junuarii).

260 4610 338 4672 ltem
363 4610 495 4672 honesta
515 4611 629 4672 mulier
655 4611 750 4673 Clara
767 4627 878 4672 vocata
897 4610 960 4673 lilia
979 4612 1166 4673 Peterkonis
1182 4612 1239 4673 filii
1265 4611 1413 4693 Gregorii

151 4715 210 4780 filii
243 4718 370 4819 Angeli,
403 4738 486 4781 nunc
520 4738 650 4781 consors
682 4720 811 4805 Mathye
843 4721 910 4782 coci
947 4719 1004 4782 filii
1038 4721 1218 4799 Laurencii,
1251 4720 1412 4802 quendam

154 4823 310 4910 (hlortum
335 4844 428 4886 suum
453 4826 486 4887 in
509 4827 664 4888 suburbio
696 4827 831 4889 civitatis
862 4827 1002 4909 predicte
1035 4829 1117 4889 inter
1141 4828 1275 4910 th)ortos
1299 4828 1413 4891 Briccii
