3142 5356
686 321 772 376 Anno
794 332 886 396 1429.
1384 320 1418 379 lh

259 531 337 592 lrem
363 530 476 592 Vrsula
503 530 618 591 mulier
634 529 697 591 filia
725 529 880 590 Johannis
897 529 1005 590 relicta
1023 527 1160 589 condam
1179 528 1264 590 Luce
1289 529 1416 607 sutoris,

148 637 298 699 vendidit
323 638 527 698 medietatem
552 636 720 698 cuiusdam
754 637 881 714 domus,
914 634 1005 696 fundi
1031 648 1062 697 et
1085 634 1194 696 celarii
1218 635 1415 697 subterranei

148 744 184 804 in
209 743 281 805 vico
307 742 558 805 Theuthonicali
577 743 658 803 inter
683 742 809 820 domos,
826 739 944 803 fundos
969 754 1000 802 et
1017 738 1164 802 hedificia
1190 740 1273 801 Petri
1298 740 1416 802 sutoris

150 847 210 910 filii
236 848 403 926 Anthonli,
437 849 476 909 ab
502 868 576 926 una,
601 863 632 909 et
663 861 751 929 parte
784 849 823 908 ab
855 847 952 908 altera
979 845 1098 908 Mathei
1130 846 1247 907 sutoria
1270 844 1326 907 filii
1352 847 1411 908 Mi-

149 953 280 1032 chaelis,
298 974 315 1014 a
333 967 421 1036 parte
439 951 550 1035 prelati
578 953 695 1014 Mathai
714 953 831 1015 autoris
847 953 951 1029 sitam,
970 972 1066 1013 unam
1085 966 1242 1031 octavam,
1267 950 1410 1033 Georgio

151 1059 240 1121 fratri
265 1078 323 1120 suo
348 1078 406 1141 pro
423 1060 533 1120 decem
559 1059 628 1123 flor.
646 1060 713 1121 auri
731 1059 876 1120 vendidit
894 1073 1048 1141 perpetuo
1066 1058 1304 1140 possidendam,
1321 1058 1411 1120 cuius

149 1166 247 1226 aliam
274 1165 478 1226 medietatem
506 1166 616 1226 Petrus
647 1166 860 1242 barbitonsor,
886 1165 1035 1226 videlicet
1066 1184 1162 1225 unam
1189 1178 1346 1245 quartam,
1370 1166 1410 1225 ab

149 1270 212 1332 alia
237 1286 326 1353 parte
350 1271 454 1348 sitam,
476 1271 650 1332 literatorie
676 1271 852 1332 dinoscitur
877 1270 1050 1352 possidere.

258 1377 335 1438 ltem
362 1378 473 1438 Petrus
499 1377 673 1457 Hungarus
696 1375 781 1438 filius
807 1377 908 1455 Pauli,
940 1376 1064 1458 pridem
1091 1375 1221 1456 juratus,
1246 1391 1277 1437 et
1302 1377 1413 1437 Domi·

155 1483 246 1543 nicus
269 1481 355 1543 lilius
379 1482 543 1564 Stephani,
568 1482 743 1544 modernus
764 1482 895 1561 juratus,
912 1482 1122 1544 commissarii
1145 1483 1325 1544 testamenti
1342 1502 1414 1564 pro·

150 1589 217 1650 vidi
243 1589 379 1650 condam
398 1590 456 1649 viri
483 1588 636 1650 Demetrii
655 1589 730 1649 dicti
757 1591 835 1649 lless
864 1588 921 1650 filii
940 1589 1079 1668 Andree,
1097 1589 1259 1670 quandam
1278 1589 1411 1650 domum

150 1695 252 1777 ipsius
270 1695 424 1756 Demetrii
442 1695 535 1776 jurati
554 1696 585 1755 in
605 1696 733 1756 civitate
751 1695 832 1756 inter
852 1696 968 1756 domos
986 1696 1070 1756 lwan
1088 1695 1226 1757 Owchar
1243 1710 1274 1756 et
1288 1696 1414 1774 Briccii,

149 1803 190 1862 ab
209 1820 283 1878 una,
308 1814 396 1882 parte
420 1802 460 1861 ab
485 1801 581 1862 altera
600 1821 675 1861 vero
701 1801 898 1862 Nedelltonis
916 1800 1067 1879 habitam,
1091 1802 1187 1862 trium
1213 1815 1410 1882 quartarum,

149 1926 188 1967 ex
212 1907 450 1968 testamentaria
464 1907 608 1968 eiusdem
626 1907 779 1969 Demetrii
807 1908 972 1989 legacione
990 1928 1026 1969 ac
1051 1928 1089 1970 ex
1113 1906 1283 1970 sufficienti
1302 1927 1414 1969 eorum

150 2014 435 2095 comprobatione,
448 2012 590 2094 Georgio
603 2012 671 2074 filio
685 2014 774 2074 Pauli
789 2013 1004 2075 vendiderunt
1013 2013 1415 2096 perpetuopossidendam.

258 2119 334 2180 ltem
350 2119 485 2200 Egidius
498 2118 637 2180 carnifex
664 2120 803 2180 decanus
821 2118 1003 2180 carnificum
1023 2118 1107 2180 filius
1125 2119 1295 2198 Janchecb,
1313 2140 1414 2202 quan-

149 2224 225 2286 dam
251 2225 377 2286 vineam
404 2245 494 2286 suam
519 2226 551 2286 in
576 2226 737 2287 territorio
761 2226 907 2304 civitatis,
925 2227 1006 2287 inter
1031 2226 1140 2287 vineas
1157 2226 1332 2287 liberorum
1349 2246 1414 2287 ma·

147 2331 239 2412 gistri
265 2332 398 2392 Fabiani
423 2346 454 2393 et
478 2332 652 2393 liberorum
672 2332 820 2393 similiter
842 2333 980 2393 condam
1000 2333 1096 2394 Blasii
1113 2333 1254 2410 textoris,
1278 2332 1415 2414 desuper

148 2457 166 2498 a
192 2437 245 2497 via
270 2438 435 2498 communi
462 2457 590 2518 magna,
617 2436 699 2498 infra
725 2458 826 2519 usque
845 2439 984 2500 rivulum
1009 2459 1041 2498 se
1066 2439 1303 2517 extendentem,
1319 2439 1414 2499 simul

148 2563 224 2605 cum
249 2542 375 2604 duabus
397 2543 500 2624 glebis
524 2543 623 2622 vulgo
647 2544 745 2623 grede
771 2545 874 2623 dictis,
899 2564 1035 2626 quarum
1062 2564 1123 2605 una
1148 2559 1230 2606 esset
1254 2545 1285 2605 in
1310 2544 1413 2626 longi-

148 2649 262 2710 tudine
287 2670 304 2709 a
329 2664 416 2731 parte
437 2651 529 2709 vinee
555 2650 713 2710 dictorum
739 2651 914 2712 liberorum
935 2651 1029 2712 Blasii
1056 2664 1087 2713 et
1103 2651 1164 2712 alia
1190 2652 1220 2711 in
1247 2651 1412 2712 latitudine

147 2755 1412 2840 subvitibus,GeorgiolilioPaulilutifigulovendiditperpetuopossidendam.

204 2975 284 3047 ltem
314 2975 399 3048 seria
427 2983 526 3048 sexta
560 2979 714 3064 proxima
744 2982 819 3064 post
856 2976 979 3047 festum
1008 2975 1241 3048 conversionis
1270 2978 1359 3049 beati

644 3099 738 3170 Pauli
768 3100 924 3188 apostoli.

660 3248 727 3326 (28.
744 3253 912 3330 fossataria).

259 3397 336 3458 ltem
362 3399 462 3478 proba
487 3411 517 3457 et
534 3395 667 3457 honesta
693 3396 824 3456 domina
843 3395 944 3456 Elena
970 3410 1081 3457 vocata
1106 3394 1169 3457 filia
1195 3395 1332 3457 condam
1360 3396 1411 3456 lo·

148 3503 266 3564 hannis
301 3503 504 3580 stacionarii,
537 3503 645 3563 relicta
679 3522 754 3562 vero
787 3502 925 3563 Emerici
958 3503 1087 3563 sartoris
1117 3501 1173 3562 lilii
1207 3502 1305 3563 Marci
1337 3501 1412 3561 dicti

150 3608 366 3671 Chernowich
392 3610 431 3670 de
451 3609 625 3687 Kralewcz,
656 3629 740 3669 nunc
765 3629 896 3669 consors
915 3609 1068 3670 Demetrii
1093 3608 1151 3669 filii
1177 3608 1260 3669 lwan
1286 3608 1326 3669 de
1354 3609 1412 3668 sub

150 3730 254 3777 castro
279 3717 366 3794 Zrin,
392 3716 596 3777 medietatem
623 3716 789 3776 cuiusdam
815 3715 941 3794 domus,
966 3712 1069 3793 fundi,
1093 3715 1267 3796 celariique
1291 3716 1412 3775 subter·

150 3822 237 3882 ranei
264 3836 295 3882 et
319 3820 540 3882 hedificiorum
578 3822 609 3882 in
643 3822 725 3883 dicta
761 3822 899 3899 civitate,
931 3822 1012 3883 inter
1037 3822 1151 3883 domos
1183 3836 1213 3883 et
1237 3820 1354 3882 lundos
1377 3840 1413 3881 ac

150 3927 267 3989 celaria
301 3929 443 3989 virorum
477 3928 686 4010 providorum
719 3927 868 3989 videlicet
899 3929 1074 3989 liberorum
1107 3949 1163 3990 seu
1194 3946 1410 3989 successorum

151 4034 288 4095 condam
314 4033 469 4096 Johannis
494 4034 657 4111 institoris,
682 4036 722 4094 ab
748 4054 810 4094 una
835 4049 934 4115 parte,
967 4049 996 4095 et
1022 4050 1109 4116 parte
1134 4037 1173 4095 ab
1198 4035 1295 4095 altera
1321 4033 1412 4093 Pauli

151 4138 206 4200 filii
233 4140 309 4201 dicti
336 4141 434 4200 Marci
463 4139 581 4217 habite,
606 4159 702 4200 unani
721 4140 871 4202 videlicet
891 4157 1036 4221 quartam
1054 4154 1085 4202 et
1102 4160 1197 4201 unam
1216 4159 1288 4201 cum
1307 4140 1412 4200 media

152 4260 299 4307 octavam
325 4247 356 4306 in
382 4267 414 4307 se
440 4247 669 4323 continentem,
695 4266 766 4306 cum
799 4247 864 4306 suis
888 4247 1103 4328 pertinenciis,
1128 4247 1271 4327 predicto
1297 4247 1411 4307 Deme-

150 4353 213 4414 trio
238 4352 300 4433 jam
326 4367 435 4413 nostro
453 4354 589 4431 concivi,
615 4367 645 4414 et
671 4373 815 4434 pereum
834 4354 899 4412 suis
924 4352 1095 4414 heredibus
1119 4353 1259 4413 dedisset
1282 4367 1313 4413 et
1336 4371 1411 4412 con·

151 4457 301 4519 donasset
325 4473 481 4540 perpetuo
516 4459 762 4540 possidendam;
795 4458 1017 4539 cuiusquidem
1051 4459 1177 4535 domus,
1202 4456 1291 4518 fundi
1316 4470 1411 4537 atque

150 4564 269 4642 celarii,
294 4585 352 4626 nec
378 4584 443 4626 non
461 4565 684 4626 hedificiorum
710 4565 806 4625 aliam
824 4565 1040 4642 medietatem,
1060 4579 1175 4626 rectam
1203 4562 1412 4624 consimiliter

152 4685 182 4732 et
207 4671 366 4751 equalem,
392 4692 487 4732 unam
513 4672 659 4732 similiter
684 4686 828 4751 quartam
854 4685 884 4731 et
905 4690 1001 4731 unam
1026 4691 1098 4733 cum
1125 4671 1229 4732 media
1254 4684 1410 4746 octavam,

152 4775 292 4860 prelatus
318 4778 435 4839 Paulus
459 4778 632 4839 literatorie
658 4777 833 4838 dinoscitur
857 4777 1030 4860 possidere.
