3142 5356
148 465 205 510 102
541 448 742 527 Ann01495.
768 482 809 491 -
832 460 881 524 27.
907 449 1016 509 martti.

608 661 745 724 Mathias
770 662 898 744 Sporar.

612 770 687 832 Bias
712 771 840 853 Sporar.

613 877 750 939 Michael
775 875 915 960 pellifex.

611 984 801 1045 Ambrosius
824 996 936 1046 sartor.

610 1091 728 1152 Paulus
754 1089 894 1151 Thislar.

611 1196 723 1259 Gurko
748 1196 944 1278 mechytreb.

614 1302 765 1365 Nicolaus
788 1301 886 1365 faber.

613 1411 715 1472 Lucas
738 1423 838 1471 sutor.

610 1517 786 1599 Gregorius
808 1517 963 1578 literatus.

613 1625 769 1686 Martinus
792 1624 943 1704 agricola.

613 1731 801 1792 Franciscus
824 1730 964 1812 sellipar.

613 1837 738 1918 Gregur
762 1850 861 1899 sutor.

616 1945 777 2005 Fabianus
805 1957 902 2006 sutor.

614 2051 760 2112 Thomas
783 2066 882 2112 sutor.

616 2156 753 2217 Michael
779 2156 875 2218 faber.

615 2263 791 2345 Gregorius
816 2264 999 2344 Hungarus.

256 2494 362 2555 Causa
387 2494 469 2554 inter
494 2494 649 2554 Jacobum
669 2492 850 2574 Bekethych
870 2507 899 2553 et
917 2492 1126 2553 Valentinum
1152 2491 1419 2554 Konthowschak

151 2601 183 2660 in
209 2599 313 2680 primo
337 2598 460 2679 judicio
491 2599 712 2660 testimonium
741 2613 876 2679 utraque
910 2619 981 2680 pars
1013 2598 1190 2679 producere
1223 2597 1356 2661 habebit
1388 2600 1419 2660 in

151 2704 235 2767 iacto
265 2704 465 2766 eorumdem.

258 2829 363 2891 Causa
388 2830 470 2890 inter
496 2830 709 2890 Laurencium
736 2829 853 2911 Sporar
886 2843 916 2891 et
940 2828 1120 2891 Johannem
1146 2827 1345 2890 aurifabrum
1371 2849 1419 2892 ra·

152 2936 244 2996 cione
277 2935 443 2996 cuiusdam
475 2936 602 3016 terragii
639 2937 782 3017 quinque
815 2936 986 3013 dictarum,
1009 2935 1102 3015 jurati
1142 2935 1420 3014 adjudicaverunt,

153 3042 241 3124 quod
266 3043 332 3123 ipse
357 3043 519 3104 Johannes
543 3043 582 3103 ad
607 3058 754 3103 octavum
782 3043 868 3103 diem
894 3062 965 3103 curn
985 3043 1081 3103 blado
1107 3042 1211 3103 eidem
1236 3042 1420 3107 Laurencio

153 3147 333 3211 satisfacere
358 3150 507 3225 debebit;
532 3149 673 3231 prefatus
705 3149 867 3210 Johannes
891 3170 956 3210 non
989 3162 1157 3210 contentus
1179 3150 1357 3231 appellavit
1380 3151 1419 3212 ad

154 3275 305 3317 seniores.

428 3492 523 3565 Feria
553 3504 649 3565 sexta
679 3504 757 3565 aute
785 3494 984 3565 dominicam
1014 3494 1144 3565 Latara.

681 3678 742 3741 (27.
769 3669 895 3738 armni).

262 3828 367 3889 Causa
382 3828 464 3889 inter
479 3828 692 3888 Laurencium
706 3828 865 3887 seniorem
879 3827 1016 3901 judicem
1031 3840 1065 3886 ut
1077 3840 1218 3887 actorem
1232 3840 1264 3888 et
1278 3827 1420 3889 iwanum

157 3935 335 3996 institorem
362 3954 398 3995 ac
423 3934 565 3994 relictam
592 3933 755 4009 Jeliczam‚
781 3934 894 3994 citacio
918 3934 1031 4014 prima.

263 4059 367 4120 Causa
386 4059 467 4119 inter
484 4059 653 4118 dominum
672 4057 869 4137 Stephanum
887 4058 1060 4118 altaristam
1079 4071 1109 4118 et
1127 4056 1280 4119 Mathiam
1300 4058 1420 4141 Dragin

157 4165 285 4226 racione
311 4165 387 4225 certi
413 4164 513 4225 debiti
538 4164 689 4224 videlicet
713 4178 851 4244 quatuor
882 4163 950 4226 flor.
976 4178 1007 4225 et
1031 4164 1144 4244 viginti
1177 4164 1322 4245 quinque
1346 4166 1422 4227 soli·

157 4272 286 4347 dorum,
312 4271 403 4349 jurati
429 4270 703 4351 adjudicaverunt,
736 4290 771 4330 ex
798 4290 862 4350 quo
895 4271 961 4350 ipse
987 4270 1124 4331 Mathias
1156 4270 1301 4331 debiturn
1324 4272 1422 4333 trium

157 4377 227 4440 flor.
252 4392 282 4437 et
306 4377 418 4456 viginti
441 4377 584 4456 quinque
602 4375 779 4436 solidorum
806 4378 944 4456 negavit,
963 4391 1112 4457 quartum
1137 4395 1213 4436 vero
1239 4396 1316 4453 non,
1333 4377 1424 4457 quod

157 4483 306 4544 videlicet
332 4482 409 4544 feria
432 4484 528 4544 tercia
550 4496 621 4564 post
645 4483 840 4543 dominicam
860 4483 958 4555 Quasi
985 4483 1083 4543 modo
1109 4481 1211 4561 jurare
1236 4482 1368 4544 habebit
1384 4483 1425 4544 de

159 4590 233 4672 ipsis
257 4592 358 4651 tribus
382 4590 450 4653 flor.
476 4604 506 4650 et
530 4591 642 4670 viginti
669 4591 811 4670 quinque
837 4591 949 4651 solidis
981 4590 1068 4671 quod
1094 4590 1225 4650 eosdem
1249 4608 1314 4649 non
1339 4589 1424 4651 obli·

158 4711 260 4776 gutur,
293 4710 440 4777 quartum
467 4717 543 4756 vero
576 4694 752 4772 florenum,
786 4716 881 4777 quem
915 4716 979 4756 non
1013 4696 1160 4776 negavit,
1192 4694 1232 4756 ad
1258 4693 1426 4775 quintum·

160 4802 321 4863 decimum
354 4802 440 4862 diem
472 4802 594 4863 solvere
629 4802 742 4875 debet3
775 4804 799 4861 si
834 4802 960 4880 iurabit,
993 4801 1167 4880 liberarit,
1192 4801 1319 4862 sivero
1344 4821 1427 4884 non,

160 4908 291 4971 eosdem
315 4908 438 4970 solvere
462 4908 567 4971 debet.
