3142 5356
683 312 883 390 Anno1430.
1357 332 1416 395 ¹97

258 521 333 582 Item
361 522 487 583 Marcus
512 519 654 582 carnifex
685 520 770 582 iilius
795 522 931 600 Nicolai,
964 521 1123 582 habitator
1148 521 1293 599 civitatis,
1319 541 1412 604 quas·

151 629 226 688 dam
252 629 363 688 vineas
387 647 460 689 suas
484 627 625 690 desertas
648 642 678 688 et
709 629 847 709 virgulta
876 629 908 689 in
933 628 1094 690 territorio
1119 628 1255 690 civitatis
1279 629 1360 690 inter
1384 644 1416 690 et

150 755 250 816 penes
280 735 407 796 vineam
440 734 565 797 Nicolai
600 735 717 796 sutoris
740 732 797 796 filii
831 734 986 796 iohannis
1017 754 1035 796 a
1068 733 1273 796 meridionali
1305 733 1418 818 (parte)

152 841 307 917 habitam,
331 861 388 923 per
412 855 530 902 metam
556 841 587 901 in
605 840 697 902 litera
723 860 868 922 expressa
886 854 1045 923 separatas
1065 853 1096 902 et
1113 840 1286 919 distinctas,
1311 860 1417 923 asep-

149 947 348 1009 temtrionali
373 966 449 1009 vero
466 961 555 1030 parte
579 946 665 1027 juxta
690 960 721 1008 et
753 966 851 1029 penes
882 947 1008 1008 vineam
1033 946 1168 1008 omnino
1200 947 1357 1009 desertam
1382 968 1417 1010 ac

151 1054 183 1114 in
217 1053 331 1114 silvam
363 1053 504 1114 totaliter
536 1053 698 1115 redactam
730 1053 906 1115 liberorum
939 1073 995 1114 seu
1027 1072 1246 1114 successorum
1279 1053 1416 1115 condam

153 1160 231 1244 Elye
264 1158 321 1220 filii
354 1159 439 1221 lwan
472 1160 599 1241 nepotis
634 1160 772 1221 condam
805 1159 919 1220 Paulas
943 1158 1154 1241 adjacentem,
1185 1160 1260 1221 sitas
1291 1174 1322 1222 et
1353 1162 1417 1223 exi·

150 1265 281 1343 stencia,
304 1265 441 1347 desuper
457 1286 475 1326 a
499 1265 549 1326 via
568 1266 732 1326 communi
750 1279 780 1328 et
796 1265 876 1327 inira
895 1285 996 1348 usque
1013 1265 1153 1327 rivulum
1170 1285 1243 1327 cum
1266 1267 1418 1347 predictis

150 1372 297 1453 virgultis
321 1372 442 1434 eisdem
475 1372 577 1432 vineis
610 1372 742 1434 desertis
767 1373 825 1434 sub
851 1386 881 1434 et
909 1391 1007 1454 penes
1038 1371 1216 1453 jacentibus
1239 1392 1272 1435 se
1305 1387 1412 1435 exten·

151 1480 273 1556 dentes,
298 1477 464 1540 Anthonio
481 1476 621 1539 carnifici
640 1476 706 1538 filio
724 1479 879 1539 lobannis
903 1499 940 1540 ex
958 1497 1115 1540 consensu
1132 1479 1312 1541 vicinorum
1336 1500 1412 1541 ven·

154 1585 236 1646 didit
260 1598 415 1667 perpetuo
438 1584 658 1666 possidendas.

151 1806 233 1877 item
262 1803 344 1875 feria
373 1804 518 1876 secunda
547 1807 703 1893 proxima
731 1814 809 1875 ante
837 1805 959 1875 festam
995 1803 1247 1876 Purificacionis
1274 1798 1416 1894 virginis

639 1929 784 2016 gloriose
813 1928 928 2000 llario.

665 2082 728 2157 (30.
745 2082 910 2157 januarii).

260 2222 336 2283 ltern
364 2221 523 2304 Georgius
548 2222 636 2284 faber
664 2220 750 2283 lilius
774 2220 934 2282 Francisci
949 2233 997 2312 ‘et
1022 2222 1184 2282 Barnabas
1216 2221 1305 2283 taber
1329 2221 1415 2283 filius

151 2328 314 2410 Symonis,
340 2328 490 2388 concives
513 2328 624 2405 nostri,
650 2327 859 2387 commissarii
878 2340 909 2388 et
931 2339 1116 2407 executores
1139 2327 1319 2388 testamenti
1344 2347 1413 2389 ver·

151 2435 233 2495 baiis
251 2434 378 2495 Nicolai
395 2432 452 2494 filii
478 2434 643 2512 iohannis,
662 2434 824 2514 quendam
849 2432 1003 2513 (h)ortum
1024 2433 1125 2514 ipsius
1142 2433 1267 2494 Nicolai
1292 2434 1324 2495 in
1341 2436 1414 2496 sub·

151 2540 245 2600 urbio
269 2539 406 2601 civitatis
429 2539 572 2622 predicte
606 2541 636 2601 in
670 2540 820 2622 opposito
854 2539 986 2600 ecclesie
1011 2539 1110 2599 sancti
1136 2539 1265 2600 Martini
1298 2541 1414 2602 consti·

151 2661 267 2724 tutum,
293 2647 375 2707 inter
408 2647 492 2707 bivia
527 2646 710 2707 communia
744 2666 780 2707 ac
805 2646 886 2707 inter
911 2645 1045 2727 (h)ortos
1075 2645 1251 2707 liberorum
1277 2647 1414 2709 condam
1450 2660 1452 2664 ⁴

153 2753 283 2815 Thome
308 2768 339 2814 et
355 2753 531 2814 liberorum
549 2752 685 2814 condam
703 2751 816 2834 prefati
842 2752 968 2813 Nicolai
984 2752 1143 2814 testatoris
1159 2753 1316 2833 habiturn,
1340 2774 1414 2816 cum

150 2860 216 2920 suis
240 2860 454 2941 pertinenciis,
481 2859 581 2921 Elene
607 2859 715 2920 relicte
740 2858 877 2920 condam
903 2858 1081 2920 Clementis
1104 2856 1185 2920 labri
1210 2879 1268 2941 pro
1302 2859 1413 2922 decem

152 2965 221 3027 flor.
240 2967 308 3027 auri
332 2966 519 3027 auctoritate
536 2966 754 3026 commissaria
773 2965 988 3027 vendiderunt
1004 2981 1159 3047 perpetuo
1175 2966 1415 3047 possidendum.

258 3073 335 3135 ltem
368 3072 522 3154 providus
546 3072 594 3131 vir
628 3071 774 3154 Mathyas
805 3072 949 3132 literatus
980 3070 1065 3132 filius
1097 3072 1207 3134 iacobi
1241 3072 1415 3152 castellani,

152 3197 262 3258 gener,
287 3192 318 3240 et
342 3179 474 3239 domina
501 3178 598 3238 Lucia
626 3176 691 3239 filia
718 3177 867 3262 Symonis
898 3176 956 3238 filii
982 3177 1184 3260 Chepernya,
1206 3178 1360 3240 directam
1385 3192 1416 3241 et

152 3285 300 3365 equalem
326 3285 532 3346 medietatem
557 3283 723 3345 cuiusdam
749 3284 865 3345 domus
888 3298 919 3345 et
943 3283 1069 3366 pallacii
1096 3285 1211 3345 murati
1236 3304 1292 3346 seu
1309 3285 1415 3364 turris,

152 3411 209 3452 nec
243 3411 305 3452 non
339 3389 430 3451 fundi
464 3405 494 3451 et
527 3389 634 3451 celarii
667 3389 883 3468 subterranei,
916 3403 1160 3471 ceterorumque
1193 3389 1415 3453 hedificiorum

151 3497 296 3559 eiusdem
321 3497 544 3558 universorum
569 3497 600 3557 in
624 3497 751 3557 civitate
776 3497 857 3557 inter
874 3496 989 3556 domos
1015 3497 1129 3557 Briccii
1154 3497 1278 3578 pridem
1301 3497 1416 3579 judicis

150 3602 207 3665 filii
233 3604 398 3665 Benedicti
424 3618 453 3664 et
486 3604 606 3686 plateas
639 3604 737 3684 ipsius
765 3603 901 3664 civitatis
934 3622 1123 3663 communes
1154 3602 1262 3665 habite
1287 3616 1318 3665 et
1348 3604 1413 3666 exi·

151 3710 272 3788 stentis,
297 3729 394 3770 unam
419 3710 569 3770 videlicet
597 3723 755 3790 quartam,
780 3710 866 3790 ipsos
897 3709 1032 3789 juridice
1058 3723 1316 3788 concernentem,
1340 3728 1412 3771 cum

152 3817 218 3878 suis
242 3817 446 3897 pertinenciis
472 3816 599 3900 Mathye
624 3816 710 3877 dicto
735 3815 853 3876 Farlras
884 3813 1100 3876 vendiderunt
1123 3828 1279 3897 perpetuo
1312 3816 1412 3899 possi·

150 3923 316 3999 dendam;
350 3922 436 3983 salva
469 3923 530 3983 alia
555 3923 672 3983 directa
705 3936 736 3983 et
768 3921 874 4003 equali
907 3920 1077 3982 medietate
1110 3920 1253 3981 eiusdem
1286 3921 1412 3999 domus,

152 4146 348 4195 remanente.

255 4240 333 4300 ltem
359 4239 512 4300 Nicolaus
536 4239 619 4300 lilius
644 4240 734 4300 Pauli
760 4239 863 4300 dictus
881 4239 1002 4299 Bacusa
1026 4252 1056 4299 et
1074 4238 1174 4299 Elena
1199 4258 1330 4300 consors
1346 4259 1412 4301 ma-

147 4345 238 4426 gistri
271 4344 400 4406 Thome
433 4345 548 4406 literati
574 4343 630 4406 filii
664 4345 737 4426 lsipi
772 4358 802 4406 et
837 4344 931 4406 Clara
963 4344 1072 4405 relicta
1103 4345 1240 4406 condam
1275 4345 1411 4406 Emerici

149 4451 314 4527 Radissel,
348 4451 509 4531 quendam
543 4451 697 4532 (h)ortum
730 4471 842 4513 eorum
882 4452 913 4511 in
947 4451 1102 4512 suburbio
1134 4451 1271 4514 civitatis
1301 4453 1412 4513 subtus

149 4577 276 4619 murum
303 4557 447 4619 eiusdem
474 4558 621 4636 civitatis,
646 4558 728 4619 inter
753 4557 885 4637 (h)ortos
919 4558 1093 4618 liberorum
1119 4556 1253 4619 Gmarni
1278 4571 1309 4619 et
1331 4558 1410 4619 libe·

148 4685 256 4725 rorum
282 4664 370 4744 longi
398 4665 480 4725 Petri
506 4665 662 4741 habitum,
687 4684 759 4725 cum
785 4665 849 4724 suis
881 4665 1086 4745 pertinenciis
1111 4662 1234 4746 prefato
1259 4665 1410 4749 magistro

149 4769 279 4833 Thome
303 4770 430 4833 literato
456 4771 670 4834 vendiderunt
693 4785 848 4855 perpetuo
870 4770 1111 4854 possidendum.
