3142 5356
544 589 747 665 Ann01490.
775 623 814 631 —
839 585 889 648 16.
905 589 1057 664 januarii.

203 795 306 875 ablatis3
327 801 410 862 idem
437 801 621 862 Demetrius
656 799 781 882 Syczky
812 813 883 880 post
915 799 1156 881 deposicionem
1189 801 1433 882 quintodecimo

204 898 240 958 die
259 904 291 966 de
309 907 458 968 omnibus
487 904 670 980 satisfaciat,
703 906 834 987 insuper
866 905 952 966 idern
977 905 1160 966 Demetrius
1184 919 1293 968 contra
1321 906 1432 968 Fabia-

204 1023 260 1069 num
280 1013 441 1093 pellificetn
467 1013 634 1075 convictus
665 1012 801 1074 habetur
825 1013 857 1073 in
882 1032 944 1073 una
977 1012 1144 1094 potencia3
1169 1013 1208 1074 de
1233 1013 1431 1095 quaquidem

203 1111 409 1192 adjudicacione
436 1117 578 1202 prelatus
603 1119 785 1181 Demetrius
818 1118 943 1200 Syczlry
976 1137 1040 1179 non
1064 1132 1234 1180 contentus
1259 1118 1435 1201 appellavit

204 1216 233 1277 td
251 1227 421 1308 magistrum
445 1225 728 1288 thawernicorum.

334 1448 414 1520 ltem
443 1448 596 1533 sabbato,
625 1448 678 1518 dle
706 1454 784 1519 ante
812 1447 935 1518 festum
963 1446 1054 1519 beati
1084 1444 1252 1519 Anthonii.

667 1615 730 1696 (16.
747 1620 913 1695 januarii).

281 1775 350 1838 Item
382 1796 477 1838 causa
510 1777 593 1838 inter
624 1775 832 1837 Valentinum
864 1775 943 1837 alias
967 1774 1107 1857 judicem
1132 1789 1163 1837 et
1194 1774 1299 1836 Eliam
1333 1773 1428 1835 freni-

203 1891 283 1952 parem
302 1883 426 1945 racione
450 1882 619 1944 cuiusdam
644 1881 776 1943 lesionis
800 1901 873 1943 cum
898 1881 980 1963 pede
1004 1882 1044 1943 ad
1069 1881 1196 1964 pedem,
1221 1881 1363 1944 seniores
1379 1881 1426 1961 ju·

204 1977 267 2045 dices
285 1988 319 2050 ita
343 1989 619 2070 adjudicaverunt,
644 1989 731 2069 quod
764 1988 955 2049 Valentinus
987 1987 1082 2068 judex
1107 1970 1157 2049 ad¹
1172 1985 1284 2048 leriam
1309 1970 1430 2049 sextans

204 2092 344 2164 proximam
370 2097 402 2158 in
427 2116 480 2157 ara
505 2109 611 2158 sancte
637 2094 751 2157 Crucis
774 2094 1003 2156 seeundusmet
1026 2094 1243 2176 juramentum
1268 2094 1431 2176 deponere

219 2195 308 2280 abebit,
331 2203 418 2284 quod
436 2202 525 2263 Elias
550 2201 691 2283 frenipar
708 2201 849 2262 eundem
866 2201 1046 2262 voluntarie
1063 2220 1136 2262 curn
1159 2200 1241 2282 pede
1259 2199 1298 2261 ad
1316 2201 1430 2282 pedem

219 2307 336 2383 etcussit3
358 2309 384 2369 si
409 2308 526 2390 jurabit
543 2308 629 2368 idem
653 2307 855 2385 Valentinus,
879 2322 995 2368 extunc
1020 2305 1161 2388 prefatus
1185 2305 1273 2367 Elias
1290 2305 1431 2387 primum

204 2407 297 2473 medico
317 2414 497 2493 satisfaciat,
521 2428 634 2496 expost
658 2414 760 2476 eciam
785 2415 825 2475 sit
849 2415 1015 2476 convictus
1038 2410 1162 2495 prefato
1186 2413 1359 2475 Valentino
1384 2412 1431 2491 ju·

204 2503 249 2570 dici
268 2515 293 2578 in
312 2541 371 2583 una
396 2541 514 2600 marca,
539 2541 576 2582 ex
594 2540 659 2603 quo
684 2533 791 2582 autem
810 2519 870 2582 luit
893 2519 999 2601 judex,
1025 2519 1191 2581 convictus
1214 2520 1254 2580 sit
1270 2519 1301 2580 in
1320 2519 1431 2601 duplo

203 2188 217 2249 h

203 2313 217 2374 Ρ
