3142 5356
521 524 609 583 Anno
631 521 726 601 1489.
752 560 793 569 —
819 521 1064 588 renovemus.
1391 528 1428 590 6ι

275 734 346 798 ltem
369 756 499 799 causam
525 737 608 800 inter
632 737 840 800 Valentinum
870 736 1063 821 freniparem
1096 739 1176 800 alias
1199 740 1359 802 seniorem
1384 739 1430 821 ju·

193 834 271 902 dicero
295 858 323 905 et
347 843 454 905 Elium
479 842 686 926 freniparem‚
711 844 824 906 citacio
850 845 965 926 prima.

276 948 347 1012 ltem
372 969 500 1012 causam
533 950 616 1011 inter
648 948 827 1032 Georgium
859 970 1046 1033 arcuparem
1079 965 1110 1013 et
1135 950 1335 1034 Stephanum
1360 953 1432 1015 lite·

192 1064 270 1116 rrtutn
284 1057 320 1118 ad
332 1056 513 1140 proximem
531 1055 645 1118 feriam
664 1072 712 1119 est
736 1071 943 1139 prorogatum
964 1059 1017 1136 ita,
1034 1073 1069 1120 ut
1086 1057 1268 1140 Stephanus
1285 1059 1430 1121 literatus

191 1160 315 1234 producat
338 1177 435 1226 testes
459 1162 548 1246 quod
573 1166 667 1226 ambe
692 1177 797 1246 partes
824 1183 858 1226 se
875 1165 1032 1226 miserunt
1054 1163 1175 1244 judicio
1192 1164 1318 1227 domini
1343 1165 1430 1229 bani.

274 1268 344 1332 ltem
370 1289 499 1332 causam
524 1269 607 1331 inter
631 1269 822 1333 Gurkonem
840 1269 1033 1352 freniparem
1063 1283 1094 1332 et
1118 1271 1326 1333 Valentinum
1352 1271 1430 1334 alias

190 1370 319 1438 seniorem
344 1375 485 1456 judicem
511 1377 641 1439 racione
666 1390 697 1438 et
721 1390 867 1459 pretextu
892 1377 1009 1439 domus
1034 1377 1201 1439 cuiusdam
1227 1392 1258 1440 et
1281 1377 1430 1441 clenodia

191 1471 316 1563 eiusdem,
340 1483 435 1563 jurati
467 1483 744 1565 adjudicaverunt,
777 1483 866 1565 quod
897 1483 1089 1546 Valentinus
1119 1483 1260 1567 frenipar
1284 1485 1424 1547 mediam

192 1575 296 1650 domum
318 1609 409 1652 suam
435 1589 541 1652 eidem
567 1589 715 1652 Gurkoni
736 1588 889 1673 frenipari
913 1591 1074 1653 remittere
1092 1590 1207 1653 debeat
1231 1606 1262 1653 et
1285 1611 1351 1674 quo
1367 1612 1424 1655 sue

193 1684 272 1763 placet
285 1695 439 1758 voluntati
456 1696 496 1758 sit
520 1695 601 1758 liber
618 1695 739 1773 iacere3
764 1695 804 1759 de
829 1696 987 1759 clenodiis
1002 1710 1111 1759 autem
1135 1696 1252 1759 domus
1270 1697 1421 1780 quitquid

191 1801 304 1878 tempore
327 1803 437 1864 matris
461 1802 607 1865 eiusdem
622 1801 755 1883 Georgii
780 1800 920 1881 fuerunt,
941 1822 1041 1885 usque
1065 1803 1311 1886 quindecimum
1335 1804 1422 1866 diem

193 1894 221 1958 de
234 1909 368 1970 omnibus
384 1909 526 1971 mediam
544 1923 667 1991 partem
684 1909 790 1971 eidem
806 1907 949 1990 Georgio
967 1909 1054 1970 idem
1078 1909 1269 1972 Valentinus
1293 1909 1367 1972 dare
1393 1925 1424 1973 et

193 2007 320 2090 assignare
339 2014 461 2078 'debeat
484 2015 663 2077 secundum
685 2015 918 2078 conscienciam
944 2029 975 2077 et
992 2015 1225 2079 humanitatem
1250 2036 1361 2094 suam;
1385 2016 1424 2078 de

194 2121 304 2188 pecuniis
334 2136 441 2184 autem
474 2135 506 2183 et
537 2122 747 2203 manutergiis
779 2121 865 2184 idem
897 2122 1089 2185 Valentinus
1119 2121 1244 2206 prelato
1278 2122 1426 2186 Gurkoni

193 2215 264 2286 nichil
284 2240 429 2290 teneatur
453 2227 529 2290 dare
554 2248 591 2290 ex
609 2246 675 2309 quo
700 2226 788 2289 idem
814 2225 927 2290 Gurko
952 2247 1009 2310 per
1033 2249 1066 2292 se
1090 2227 1203 2291 hahuit
1226 2228 1426 2310 legacionem

193 2337 206 2378 ί
222 2343 308 2395 matre.

211 2557 283 2642 lena
308 2559 416 2647 tercia
445 2576 600 2664 proxima
630 2582 708 2646 ante
745 2573 868 2645 festum
896 2570 987 2645 beati
1016 2571 1155 2645 Martini
1185 2573 1398 2646 confessoris.

653 2723 720 2806 (10.
744 2724 933 2805 novembres).

269 2862 337 2929 ltem
354 2885 485 2929 causam
510 2867 592 2928 inter
609 2865 818 2929 Valentinum
835 2867 915 2928 alias
931 2866 1092 2928 seniorem
1109 2865 1250 2948 judicem
1269 2879 1300 2928 ct
1316 2865 1422 2928 Ellam

193 2952 358 3053 lteniparem‚
383 2973 498 3035 citacio
522 2973 673 3036 secunda.

269 3075 337 3142 ltem
370 3099 500 3142 causam
533 3079 614 3141 inter
647 3098 778 3141 uxorem
813 3078 994 3141 Klementis
1026 3078 1166 3161 agricole
1203 3090 1234 3141 et
1266 3077 1421 3141 Mathiam

192 3165 359 3266 ireniparem,
384 3186 471 3248 idern
496 3187 611 3249 citatus
634 3205 700 3248 non
725 3185 915 3268 comparuit.

267 3289 337 3355 ltem
362 3313 491 3355 causam
516 3293 599 3355 inter
624 3290 813 3354 Gurkonem
832 3290 1025 3374 freniparem
1054 3304 1085 3353 et
1109 3290 1317 3353 Valentinum
1342 3290 1421 3353 alias

190 3376 293 3460 ludicen
318 3399 448 3461 racione
473 3412 503 3460 et
527 3411 673 3482 pretextu
698 3397 904 3481 promisionis
928 3397 1095 3459 cuiusdam
1121 3397 1220 3460 medii
1244 3416 1318 3458 vase
1342 3396 1421 3476 vini,

190 3483 256 3563 jurati
281 3505 554 3586 adjudicaverunt,
579 3505 669 3588 quod
700 3503 843 3586 prelatus
873 3504 1065 3566 Valentinus
1096 3504 1192 3584 debet
1223 3503 1337 3566 rescire
1362 3523 1421 3566 nu·

189 3611 279 3671 mtrum
302 3612 512 3695 pecuniarum
545 3631 604 3695 pto
639 3624 759 3693 quanta
784 3610 930 3672 vendidit
963 3610 1043 3672 illud
1077 3630 1132 3671 vas
1156 3609 1233 3688 vini,
1259 3610 1300 3670 ita
1332 3609 1420 3690 quod

189 3718 262 3790 ulque
281 3733 429 3782 octavum
456 3719 541 3781 diem
575 3718 662 3781 idem
687 3717 879 3780 Valentinus
911 3715 1037 3799 prefato
1062 3715 1209 3779 Gurkoni
1234 3715 1331 3777 debet
1354 3734 1417 3776 me·

187 3808 303 3888 dietatem
327 3826 415 3889 illius
438 3826 574 3909 pecunie
600 3825 767 3887 restituere
791 3823 969 3886 secundum
1000 3842 1108 3884 veram
1134 3821 1419 3904 computacioncm

183 3923 268 4000 prelati
290 3953 363 3996 vase
388 3933 467 3995 vini.

298 4169 393 4244 Faria
422 4179 549 4262 quarta
577 4175 611 4242 in
639 4171 789 4261 profesto
817 4172 914 4243 beate
943 4167 1126 4259 elyzabeth
1154 4167 1261 4240 vidue.

653 4320 718 4399 (18.
742 4325 923 4398 novembris).

259 4466 408 4529 Seniores
431 4464 555 4547 judices
586 4465 671 4528 dicte
696 4465 833 4527 civitatis
864 4483 993 4526 causam
1027 4464 1108 4526 inter
1132 4461 1341 4525 Valentinum
1365 4481 1417 4524 su·

162 4584 255 4635 torem
279 4586 309 4635 et
331 4572 480 4635 similiter
496 4571 705 4634 Valentinum
722 4571 802 4633 alias
825 4571 986 4633 seniorem
1003 4569 1144 4650 judicem
1165 4570 1294 4631 racione
1312 4568 1416 4632 cuius·

156 4679 227 4744 dam
250 4680 382 4764 dampni
407 4679 507 4742 modo
531 4679 687 4762 premisso
712 4677 905 4761 perjuratus
922 4676 1137 4759 adjudicatam
1164 4675 1249 4738 idem
1274 4675 1416 4738 seniores

151 4786 273 4871 judices
299 4785 407 4850 taliter
430 4787 622 4849 invenerunt
636 4784 718 4847 sicut
734 4783 828 4866 jurati
846 4797 877 4846 et
892 4782 1175 4861 confirmaverunt,
1192 4781 1253 4844 hoc
1270 4795 1416 4864 excepto,

148 4895 238 4982 quod
263 4893 349 4959 idem
366 4892 558 4956 Valentinus
573 4905 662 4955 sutor
678 4890 856 4974 dampnum
878 4911 935 4974 per
951 4909 1066 4974 pecora
1091 4909 1147 4951 sua
1165 4889 1291 4952 illatum
1308 4888 1414 4950 eidem

146 5000 325 5073 Valentino
350 4999 552 5067 Naduleoicb
576 5013 722 5065 teneatur
746 4998 882 5081 solvere,
907 4997 1056 5064 videlicet
1078 4996 1222 5064 duorurn
1246 4993 1425 5089 pecudum.
