3142 5356
688 347 776 407 Anno
799 361 890 425 143²·
1359 365 1420 428 223

150 577 375 620 successorum
402 558 540 620 condam
566 557 698 639 Georgii
734 558 939 642 Pechathnyk
971 573 1001 621 et
1026 560 1188 622 Valentini
1213 560 1355 638 cultoris,
1379 562 1419 621 ab

149 685 218 727 una
244 679 344 746 parte,
369 667 409 726 ab
427 665 525 727 altera
549 685 626 726 vero
644 678 732 746 parte
756 666 904 728 similiter
921 666 1096 728 liberorum
1120 687 1177 727 seu
1201 687 1419 728 successorum

150 772 294 834 condam
320 772 428 835 Choni
452 772 568 854 judicis
592 785 623 834 et
647 772 803 834 Johannis
819 771 876 834 filii
902 773 1013 835 Jacobi
1042 773 1118 835 dicti
1143 773 1242 857 Bolye
1268 774 1420 853 habitam,

149 893 217 941 tres
241 893 370 960 quartas
395 879 481 941 curie
507 878 537 939 in
563 898 596 940 se
621 879 824 958 retinentem,
848 879 943 942 Petro
975 879 1078 962 jurato
1103 879 1189 942 dicto
1214 880 1334 964 Zablya
1360 900 1419 963 pro

150 986 295 1068 quadam
322 987 421 1048 domo
446 1006 503 1047 sua
535 1000 565 1047 et
598 984 698 1047 fundo
731 1007 766 1048 ac
799 985 955 1048 hedificiis
980 987 1011 1048 in
1044 987 1155 1048 eadem
1181 986 1308 1049 civitate
1341 988 1422 1049 inter

150 1093 272 1154 domos
296 1106 326 1152 et
349 1089 469 1154 fundos
494 1091 660 1153 Benedicti
676 1092 853 1154 Wenthich
877 1112 913 1154 ac
937 1092 1033 1171 Petri,
1058 1095 1098 1155 ab
1122 1113 1196 1172 una,
1222 1105 1253 1154 et
1277 1107 1363 1175 parte
1380 1094 1420 1154 ab

151 1198 253 1259 altera
280 1198 410 1260 Martini
436 1213 467 1259 et
491 1198 617 1260 Lucasii
648 1199 767 1278 habita,
801 1199 942 1260 mediam
968 1200 1089 1261 curiam
1121 1199 1153 1261 in
1178 1219 1211 1260 se
1236 1200 1420 1262 continente

151 1319 186 1366 et
209 1325 269 1387 pro
293 1305 514 1366 additamento
547 1305 715 1368 decernet
746 1319 868 1388 septem
898 1305 966 1369 flor.
999 1306 1067 1368 auri
1103 1325 1159 1388 per
1183 1305 1316 1367 modum
1350 1326 1420 1388 per·

150 1412 349 1473 mutationis
373 1411 464 1474 dedit
488 1426 644 1495 perpetuo
668 1413 909 1494 possidendam.

261 1519 337 1579 Item
363 1518 519 1580 medietas
543 1518 709 1580 cuiusdam
734 1517 841 1581 lenilis
873 1520 904 1580 in
930 1539 1045 1601 campo
1071 1533 1101 1580 et
1126 1519 1288 1581 territorio
1311 1533 1420 1581 nostro

150 1624 236 1686 inter
261 1637 291 1685 et
315 1644 413 1705 penes
432 1623 530 1686 fenile
546 1645 602 1686 seu
626 1638 725 1687 terras
750 1626 990 1688 communitatis
1005 1627 1045 1687 ab
1063 1625 1197 1704 oriente,
1222 1626 1418 1707 quequidem

152 1730 218 1791 lwe
243 1731 304 1791 viri
329 1731 373 1793 sic
398 1731 474 1792 dicti
499 1728 693 1813 prefuerant,
718 1746 748 1793 et
772 1734 812 1794 ab
841 1733 1007 1794 occidente
1040 1733 1121 1793 inter
1146 1745 1177 1792 et
1201 1752 1299 1815 penes
1323 1730 1420 1793 fenile

149 1857 209 1898 seu
234 1850 333 1899 terras
358 1838 532 1899 liberorum
559 1859 615 1900 seu
646 1859 867 1901 successorum
900 1839 1037 1901 condam
1064 1837 1190 1899 Lucasii
1216 1836 1341 1899 Odolas
1365 1836 1421 1898 ha·

152 1943 219 2005 bita
245 1957 275 2003 et
301 1943 449 2020 existens,
475 1963 547 2004 cum
564 1945 629 2006 suis
658 1945 849 2006 utilitatibus
874 1946 988 2006 larino
1005 1944 1108 2023 jurato
1133 1957 1164 2005 et
1188 1942 1326 2005 Johanni
1344 1942 1419 2004 filiis

150 2048 289 2110 condam
316 2049 472 2111 lobannis
497 2050 597 2134 Bolye
626 2070 682 2130 per
713 2050 955 2131 juramentalem
982 2050 1224 2132 deposicionem
1252 2049 1352 2130 ipsius
1369 2049 1419 2110 Ja-

151 2155 226 2216 cobi
252 2154 358 2234 jurati,
384 2175 440 2237 per
463 2155 741 2234 adjudicacionem
768 2156 944 2237 juratorum
977 2155 1149 2238 superinde
1173 2156 1213 2217 de
1237 2175 1327 2216 more
1340 2155 1418 2216 alias

151 2275 305 2324 consveto
334 2261 461 2340 iactam,
486 2277 531 2323 est
555 2263 729 2325 literatorie
754 2277 869 2326 statuta
894 2278 1049 2346 perpetuo
1073 2263 1277 2346 possidenda.

260 2368 337 2429 Item
363 2368 502 2450 quedam
528 2368 644 2430 domus
668 2370 764 2430 simul
790 2390 862 2431 cum
884 2370 985 2431 fundo
1010 2383 1041 2430 et
1064 2369 1181 2430 celario
1205 2371 1413 2430 subterraneo

150 2494 187 2536 ac
205 2473 361 2536 hedificiis
379 2475 410 2534 in
430 2474 513 2536 dicta
538 2475 676 2553 civitate,
695 2476 776 2537 inter
802 2476 917 2537 domos
941 2489 972 2537 et
989 2474 1107 2537 fundos
1123 2473 1330 2557 providarum
1355 2474 1412 2536 do·

151 2582 312 2643 minarum
331 2581 492 2658 Chernlra,
517 2582 556 2642 ab
575 2601 638 2643 una
662 2596 760 2664 parte,
777 2583 817 2644 ab
842 2583 940 2644 altera
957 2603 1034 2645 vero
1053 2581 1226 2644 Scolastice
1243 2595 1274 2642 et
1291 2581 1418 2662 Marga-

152 2688 240 2750 rethe
266 2687 384 2766 habita,
410 2688 551 2749 mediam
568 2689 690 2750 curiam
715 2690 746 2750 in
768 2709 800 2750 se
818 2690 997 2768 continens,
1022 2708 1095 2750 cum
1124 2688 1189 2749 suis
1213 2687 1418 2769 pertinenciis

150 2813 208 2875 per
230 2795 504 2881 testamentariam
537 2794 737 2874 legacionem
770 2796 862 2856 Pauli
888 2793 1158 2857 Charanthowich
1183 2807 1214 2855 et
1238 2793 1414 2878 Elyzabeth

150 2920 207 2962 sue
240 2901 417 2979 consortis,
449 2920 485 2961 ac
517 2921 573 2983 per
603 2902 830 2962 vendicionem
863 2901 959 2962 Blasii
1000 2900 1057 2962 filii
1090 2901 1232 2981 ipsorum
1264 2898 1355 2960 Pauli
1387 2911 1418 2960 et

151 3007 341 3090 Elyzabeth,
357 3006 500 3089 Georgio
525 3006 592 3069 filio
617 3008 764 3070 similiter
788 3009 931 3090 ipsorum
949 3007 1041 3069 Pauli
1067 3021 1098 3068 et
1122 3005 1310 3089 Elyzabeth,
1329 3003 1417 3067 fratri

150 3133 227 3175 vero
252 3113 372 3194 juniori
398 3114 497 3195 ipsius
522 3114 618 3175 Blasii
643 3112 771 3192 factam,
804 3114 910 3176 eidem
936 3113 1079 3195 Georgio
1111 3114 1156 3174 uti
1181 3132 1267 3174 novo
1292 3113 1416 3174 concivi

150 3233 261 3282 nostro
286 3240 322 3282 ac
347 3240 403 3302 per
428 3240 502 3282 eum
529 3221 628 3281 Elene
652 3242 707 3282 sue
740 3222 880 3283 consorti
911 3235 956 3282 est
988 3233 1104 3282 statuta
1128 3232 1285 3302 perpetuo
1309 3218 1415 3280 litera-

148 3326 230 3388 torie
248 3326 443 3408 possidenda
468 3341 499 3387 et
523 3328 831 3408 quomodocumque
856 3327 1018 3389 voluerint
1042 3325 1252 3409 disponenda.

256 3432 334 3495 ltem
359 3432 499 3515 quedam
525 3448 607 3494 terra
625 3428 754 3494 arabilis
779 3435 810 3494 in
836 3454 950 3515 campo
967 3433 1104 3495 civitatis
1127 3434 1208 3494 inter
1231 3446 1330 3494 terras
1347 3452 1415 3495 ara·

149 3539 231 3600 biles
255 3538 432 3600 liberorum
456 3559 513 3600 seu
530 3559 749 3601 successorum
775 3540 912 3601 condam
931 3538 1068 3623 Gyvvani
1093 3539 1209 3621 judicis
1233 3552 1264 3599 et
1281 3537 1416 3600 fluvium

150 3644 359 3707 Kuhinschalc
392 3659 541 3707 vocatum
574 3665 610 3707 ac
634 3647 719 3707 viam
756 3665 962 3707 communem
997 3645 1115 3724 habita,
1148 3645 1227 3707 duas
1257 3644 1308 3706 vel
1340 3645 1416 3706 citra

149 3752 251 3814 dietas
275 3752 307 3813 in
332 3773 366 3814 se
390 3753 577 3829 continens;
602 3753 678 3814 item
711 3753 848 3834 quedam
882 3753 986 3831 vinea,
1011 3772 1073 3834 que
1107 3752 1244 3814 condam
1271 3749 1415 3833 Dragech

148 3857 410 3942 Nalonchewych
446 3858 618 3941 prefuerat,
644 3860 675 3920 in
707 3859 868 3921 territorio
901 3859 1047 3937 civitatis,
1080 3860 1163 3921 inter
1186 3859 1296 3920 vineas
1320 3858 1411 3919 Pauli

149 3965 432 4048 Charanthowych
458 3980 488 4026 et
513 3966 688 4026 liberorum
713 3986 768 4027 seu
797 3985 1017 4028 successorum
1042 3966 1178 4027 condam
1205 3965 1286 4026 Petri
1312 3983 1414 4025 sacer·

148 4072 233 4133 dotis
266 4073 336 4150 sita,
369 4073 506 4155 desuper
538 4093 554 4132 a
587 4073 729 4154 quodam
763 4071 881 4135 fossato
914 4073 945 4134 in
979 4073 1145 4134 cacumine
1178 4071 1308 4148 montis,
1334 4068 1415 4132 infra

149 4198 251 4260 usque
276 4179 416 4240 rivulum
441 4179 563 4241 dictum
589 4179 692 4257 llicza,
716 4179 813 4240 simul
838 4199 909 4240 cum
939 4178 1079 4259 virgulto
1104 4178 1209 4239 eidem
1234 4176 1412 4257 subjacenti

149 4298 181 4347 et
206 4304 307 4366 usque
332 4285 495 4367 quandam
521 4286 625 4367 pirum
660 4286 757 4366 vulgo
790 4288 885 4368 tepka
917 4285 1034 4346 dictam
1059 4304 1092 4346 se
1117 4283 1309 4359 extendens3
1335 4283 1414 4345 item

148 4391 288 4473 quedam
314 4392 424 4473 porcio
449 4393 584 4453 vinealis
609 4392 793 4474 incipiendo
818 4413 835 4454 a
860 4391 1001 4474 predicta
1028 4391 1098 4474 piro
1123 4411 1224 4473 usque
1249 4390 1414 4471 quandam

147 4498 337 4580 porcionem
363 4498 522 4561 vinealem
557 4518 652 4579 quam
681 4498 805 4559 Blasius
836 4496 921 4559 filius
947 4498 1037 4559 Pauli
1063 4495 1342 4581 Charanthowych
1368 4496 1414 4557 di·

148 4605 231 4666 citur
255 4606 435 4687 possidere;
461 4605 547 4667 idem
573 4605 711 4686 quedam
738 4605 907 4687 porciones
933 4605 1147 4686 quarumdam
1173 4605 1340 4665 vinearum
1366 4603 1413 4664 in·

150 4711 341 4774 forestarum
374 4733 512 4775 unacum
539 4712 683 4793 virgultis
715 4712 901 4773 earumdem
931 4712 1051 4773 eisdem
1085 4711 1292 4794 porcionibus
1323 4710 1412 4772 vine·

149 4819 255 4881 alibus
279 4820 337 4882 sub
356 4833 387 4882 et
407 4819 636 4902 adjacentibus,
660 4818 722 4898 jam
749 4819 779 4880 in
805 4819 918 4879 silvam
935 4818 1075 4880 totaliter
1099 4818 1238 4896 redacto,
1264 4817 1295 4877 in
1321 4817 1411 4879 terri-
