3142 5356
692 321 778 378 Anno
801 334 893 397 1402.
1367 341 1423 401 125

146 533 284 593 minum
318 532 533 613 Augustinum
567 532 598 592 in
632 552 690 592 suo
723 532 838 593 ultimo
872 546 947 592 voto
981 533 1244 596 testamentaliter
1278 534 1427 616 legatam,

151 638 269 700 Blasio
294 639 431 699 curiensi
456 638 520 717 jam
546 655 654 699 nostro
692 639 815 699 concivi
841 639 997 716 vendidit,
1031 653 1176 721 ternpore
1201 640 1275 701 dicti
1301 642 1425 721 judicis.

266 763 342 824 ltem
370 761 529 844 Georgius
547 762 748 825 Gocbleuicb
773 777 803 824 et
827 784 883 824 sua
910 783 1041 825 consors
1058 769 1151 825 Anna
1177 779 1288 827 vocata
1314 767 1424 828 vendi-

152 870 278 931 derunt
302 889 399 931 unam
425 870 615 950 particulam
640 871 732 931 vinee
754 890 866 932 eorum
893 871 985 932 Petro
1011 890 1141 950 magno,
1166 872 1289 939 oridem
1316 871 1425 952 judici,

149 990 305 1058 tempore
329 975 463 1058 predicti
490 977 645 1038 lobannis
669 976 793 1057 judicis.

266 1082 341 1143 ltem
377 1082 530 1144 Lucasius
553 1082 638 1144 lilius
672 1084 809 1145 Emerici
844 1083 989 1144 vendidit
1023 1081 1159 1144 fundum
1192 1102 1284 1144 suum
1318 1084 1425 1145 Blasio

153 1187 227 1249 filio
253 1188 429 1266 Kusilonis,
455 1203 600 1270 tempore
626 1189 702 1250 dicti
728 1188 894 1250 lobannis.

265 1294 342 1355 ltem
374 1295 528 1356 Nicolaus
564 1295 691 1376 Cbigan
729 1296 874 1357 vendidit
910 1295 1047 1357 fundum
1082 1317 1177 1361 suum
1214 1299 1322 1360 Marco
1357 1297 1425 1359 lilio

154 1400 324 1463 Churmen
350 1400 388 1461 de
415 1402 587 1480 Kraleuch,
611 1416 758 1484 tempore
784 1402 859 1463 dicti
885 1402 1010 1482 judicis.

264 1525 343 1587 ltem
367 1526 499 1587 domina
524 1528 621 1589 Nesta
653 1541 776 1603 vocata,
801 1528 909 1588 relicta
943 1528 1081 1588 condam
1108 1529 1233 1589 Lucasii
1266 1528 1425 1611 selliparis

154 1632 303 1694 vendidit
335 1634 461 1694 vineam
494 1653 584 1695 suam
619 1635 753 1695 Nicolao
786 1633 854 1695 filio
887 1635 1052 1714 lobannis,
1084 1648 1229 1717 tempore
1262 1635 1337 1696 dicti
1372 1636 1423 1697 Jo-

154 1741 272 1802 hannis
295 1741 420 1821 judicis.

263 1847 341 1908 ltem
366 1847 498 1909 domina
525 1848 626 1909 Elena
652 1862 774 1927 vocata,
807 1849 914 1911 relicta
940 1849 1077 1911 condam
1104 1850 1221 1912 Jaklini
1245 1851 1423 1932 gladiparis

155 1954 303 2015 vendidit
327 1954 454 2016 vineam
480 1974 570 2016 suam
594 1955 730 2016 Nicolao
756 1955 895 2037 Oblyak,
919 1970 1064 2035 tempore
1089 1956 1164 2017 dicti
1189 1956 1314 2038 judicis.

264 2061 341 2123 ltem
367 2061 487 2122 Mathei
512 2059 599 2123 filius
624 2061 756 2143 Georgii
782 2077 812 2123 et
839 2063 984 2144 Mycbacl
1013 2062 1096 2124 lilius
1120 2063 1283 2125 Valentini
1308 2064 1420 2125 vendi·

154 2168 273 2228 derunt
298 2166 434 2228 fundum
460 2187 573 2229 eorum
594 2168 729 2229 Nicolao
755 2167 895 2250 Oblyak,
919 2183 1062 2251 tempore
1088 2169 1162 2231 dicti
1187 2168 1311 2249 judicis.

263 2291 339 2354 Item
368 2292 525 2364 Martinus
548 2306 649 2352 sartor
674 2292 807 2353 claudus
839 2292 984 2354 vendidit
1009 2291 1145 2354 fundum
1170 2312 1264 2355 suum
1289 2293 1320 2354 in
1347 2294 1418 2356 vico

153 2398 304 2461 exteriori
329 2399 447 2476 lutoso,
473 2399 629 2483 Dyonisio
654 2398 723 2460 filio
748 2399 836 2477 lusu,
860 2413 1006 2481 tempore
1031 2400 1105 2461 dicti
1131 2399 1257 2480 judicis.

260 2505 340 2566 Item
366 2506 491 2567 Blasius
515 2505 600 2566 filius
629 2506 795 2567 Kusilonis
828 2506 973 2567 vendidit
1005 2506 1170 2586 quoddam
1204 2526 1297 2568 suum
1323 2507 1421 2570 fenile

153 2626 184 2674 et
212 2612 367 2694 quasdam
402 2632 474 2674 suas
505 2626 604 2673 terras
628 2613 722 2674 Petro
754 2611 821 2673 filio
859 2611 934 2673 luan
967 2613 1042 2673 dicti
1074 2612 1243 2697 glagolya,
1275 2625 1420 2696 tempore

153 2717 230 2780 dicti
257 2718 381 2782 'udicis

256 2740 336 2886 ltem
372 2825 565 2885 Benedictus
601 2825 703 2886 dictus
740 2825 927 2886 Bastardicb
964 2826 1109 2887 vendidit
1153 2825 1290 2887 fundum
1327 2846 1419 2887 suum

153 2930 309 2993 Murnech
333 2928 402 2991 lilio
427 2931 565 3008 Lucasii,
589 2945 735 3011 tempore
761 2931 836 2993 dicti
861 2930 985 3010 judicis.

260 3055 339 3117 ltem
358 3054 518 3135 Georgius
542 3069 630 3116 sutor
648 3055 793 3116 vendidit
810 3055 985 3136 quemdam
1003 3075 1096 3116 suum
1121 3054 1270 3133 fundum,
1288 3057 1419 3117 terciam

152 3174 277 3247 partem
301 3161 397 3222 unius
421 3175 544 3242 quarte,
569 3161 699 3222 Vrbano
734 3160 801 3223 filio
828 3162 968 3238 Martini,
993 3176 1138 3243 tempore
1164 3161 1240 3222 dicti
1266 3162 1421 3223 lobannis

153 3269 281 3351 judicis.

260 3373 339 3434 ltem
373 3371 554 3455 Stephanus
584 3372 669 3435 filius
701 3372 830 3435 Thome
863 3389 893 3435 et
917 3374 1015 3435 luana
1039 3394 1094 3435 sua
1129 3393 1260 3435 consors
1292 3393 1328 3434 ac
1353 3373 1418 3434 Do·

153 3480 293 3542 minicus
326 3479 466 3540 Mursicb
499 3479 714 3541 vendiderunt
746 3478 882 3541 fundum
915 3500 1027 3541 eorum
1060 3480 1238 3542 Benedicto
1271 3478 1339 3541 filio
1364 3480 1420 3540 Ni·

153 3586 234 3648 colai
263 3584 303 3646 de
328 3584 498 3664 Prodauiz,
523 3600 668 3667 tempore
698 3586 774 3647 dicti
801 3586 924 3667 iudicis.

260 3710 337 3772 ltem
371 3710 459 3791 quod
492 3712 567 3792 quia
600 3713 850 3793 comprobarunt
882 3712 1040 3793 Dragicba
1081 3711 1190 3773 relicta
1223 3710 1352 3772 Martini
1383 3730 1419 3771 ac

154 3817 259 3879 Vidak
284 3814 383 3878 lrater
408 3837 495 3895 suus,
519 3818 607 3898 quod
632 3818 821 3879 Valentinus
845 3818 958 3900 Cybalr
983 3819 1102 3899 legavit
1127 3818 1203 3899 ipsis
1227 3818 1258 3878 in
1284 3836 1343 3878 suo
1370 3816 1418 3878 ul·

156 3925 236 3985 timo
262 3936 338 3984 voto
363 3923 537 4005 quemdam
572 3922 708 3985 fundum
734 3944 827 3986 suum
860 3925 936 4006 ipsis
961 3924 1118 4006 Dragrcha
1145 3937 1174 3985 et
1199 3923 1315 4002 Vidalr,
1340 3937 1418 3983 tem·

153 4049 231 4113 pore
257 4028 333 4090 dicti
358 4029 513 4091 lobannis
536 4030 662 4108 judicis.

260 4135 338 4198 ltem
364 4136 523 4218 Dragicba
548 4135 613 4198 filia
638 4138 705 4213 (sic)
731 4137 859 4198 Martini
891 4157 927 4198 ac
952 4136 1054 4197 Vidalr
1085 4136 1180 4198 frater
1205 4157 1280 4198 suus
1305 4136 1418 4197 vendi·

151 4243 270 4306 derunt
294 4241 429 4305 lundum
456 4263 567 4305 eorum
593 4244 731 4305 lobanni
759 4243 825 4305 filio
844 4245 993 4322 Emerici,
1018 4257 1164 4326 tempore
1189 4244 1265 4305 dicti
1290 4243 1414 4324 judicis.

258 4366 336 4429 ltem
350 4368 509 4449 Rugerius
525 4367 646 4448 juratus
664 4382 693 4429 et
708 4369 831 4429 Blasius
847 4369 990 4430 literatus
1009 4367 1223 4429 vendiderunt
1240 4366 1414 4448 quemdam

150 4473 288 4536 fundum
315 4474 425 4536 Jacobi
451 4474 526 4535 dicti
546 4475 663 4535 Furlan
683 4476 835 4556 magistro
854 4474 963 4557 Voryb
987 4474 1321 4557 lutifigu10,tempore
1341 4474 1415 4535 dicti

153 4581 308 4643 lobannis
332 4582 455 4662 judicis.

258 4687 337 4750 ltem
361 4688 546 4750 Anthonius
571 4689 708 4749 Zitarich
735 4688 878 4749 vendidit
907 4688 1032 4749 vineam
1060 4688 1219 4769 Gregorio
1243 4687 1310 4749 frlio
1336 4687 1415 4750 Gre-

154 4795 234 4873 gorii
259 4810 290 4856 et
316 4795 415 4857 Elene
441 4816 497 4856 sue
521 4796 671 4871 consorti,
695 4810 839 4876 tempore
867 4796 941 4856 dicti
968 4795 1123 4855 lobannis
1146 4794 1272 4874 judicis.
