3142 5356
528 483 615 542 Anno
637 478 728 556 1506.
754 515 794 525 -
813 496 870 557 30·
897 480 1025 543 octobris.

147 694 344 778 respondens
368 692 507 774 negavit,
531 692 625 775 jurati
641 690 878 773 adjudicarunt,
895 691 984 773 quod
1013 691 1081 773 ipse
1104 689 1274 755 familiaris
1296 692 1410 777 prelati

148 800 316 863 Michaelis
339 799 380 862 ad
403 799 721 881 quintumdecimum
745 799 832 861 diem
864 799 1070 860 terciustueth
1094 799 1155 862 sibi
1178 800 1343 863 similibus
1367 800 1412 882 ju·

147 927 217 970 rare
241 907 382 985 debebit,
406 906 495 989 quod
520 906 587 989 ipse
612 905 767 989 prefatam
785 906 956 988 pecuniam
975 906 1108 967 minime
1131 907 1340 989 surripuisset
1357 927 1413 970 uec

147 1013 371 1089 subtraxisset;
395 1013 419 1074 si
445 1013 607 1095 juraverit,
632 1033 665 1074 se
690 1013 891 1095 expurgabit,
923 1013 949 1074 si
973 1026 1081 1074 autern
1107 1032 1184 1093 non,
1208 1013 1336 1076 solvere
1360 1014 1414 1076 de·

148 1120 254 1196 bebit;
278 1117 419 1202 prefatus
442 1132 550 1182 autem
575 1118 743 1182 familiaris
760 1120 836 1181 dicti
858 1119 1025 1182 Michaelis
1050 1120 1089 1183 de
1114 1120 1176 1183 hoc
1199 1120 1325 1203 judicio
1350 1140 1414 1183 non

148 1239 317 1288 contentus
340 1225 515 1309 appellavit
539 1225 579 1287 ad
603 1226 745 1288 seniores
769 1226 901 1306 judices.

272 1438 367 1518 Feria
395 1453 492 1518 sexta
520 1444 672 1534 proxima
709 1454 786 1535 post
813 1446 936 1518 festum
968 1445 1114 1518 Simonis
1142 1445 1177 1518 et
1203 1446 1292 1537 Jude

657 1571 899 1660 apostolorum.

660 1735 725 1802 (30.
756 1726 899 1794 octobris).

255 1866 362 1929 Causa
386 1867 469 1928 inter
492 1866 685 1948 prudentem
715 1880 746 1928 et
777 1867 1044 1948 circumspectum
1077 1866 1182 1927 virum
1207 1865 1416 1928 Domlronem

149 1971 337 2055 Perowych‚
361 1973 520 2034 seniorem
538 1972 678 2054 judicem
703 1986 734 2034 et
750 1973 917 2034 concivem
935 1986 1091 2050 nostrum,
1108 1985 1139 2034 et
1155 1971 1299 2034 nobilem
1318 1972 1416 2034 Nico·

148 2079 236 2140 laum
261 2077 364 2140 filium
390 2079 525 2140 condam
551 2077 708 2161 Pethrych
742 2078 830 2155 dicti,
855 2077 895 2140 de
920 2079 1103 2161 Marynecz,
1134 2078 1274 2140 racione.
1306 2079 1415 2156 (dees).

256 2184 395 2246 Causam
421 2185 502 2246 inter
526 2185 669 2247 nobilem
695 2183 872 2266 Georgium
891 2184 1040 2268 Sturlych
1064 2197 1225 2262 vocatum,
1249 2184 1290 2246 de
1308 2184 1416 2246 Jabla·

151 2309 315 2374 nowycza,
339 2304 370 2352 et
394 2291 585 2372 prudentem
609 2311 645 2353 ac
670 2292 934 2374 circumspectum
958 2291 1143 2353 Emericum
1167 2291 1343 2370 literatum,
1368 2309 1416 2352 se·

150 2397 276 2459 niorem
300 2397 440 2478 judicem
466 2410 497 2459 et
514 2397 681 2459 concivem
699 2399 835 2460 civitatis
851 2397 957 2476 huius,
973 2395 1052 2460 feria
1076 2412 1163 2460 sexta
1180 2397 1327 2479 proxima
1344 2409 1418 2479 post

150 2502 266 2566 festum
292 2505 460 2565 beatorum
486 2504 629 2565 Simonis
653 2517 683 2565 et
715 2504 796 2566 lude
828 2505 1050 2587 apostolorum
1075 2505 1107 2565 in
1140 2504 1249 2565 sedem
1281 2503 1416 2583 judicia·

151 2610 230 2672 riam
261 2610 356 2672 huius
387 2610 523 2672 civitatis
555 2611 817 2673 consistorialiter
848 2611 1038 2692 productam
1074 2624 1104 2672 et
1135 2610 1335 2689 ventilatam,
1360 2631 1417 2693 per

151 2715 336 2799 juratusque
361 2716 577 2797 adjudicatam
603 2731 633 2778 et
664 2717 793 2778 tandem
827 2716 867 2778 ad
891 2718 1034 2778 seniores
1064 2716 1186 2797 judices
1217 2716 1416 2799 appellatam

151 2823 278 2885 racione
303 2839 334 2885 et
357 2836 501 2906 pretextu
536 2837 618 2885 certe
643 2843 768 2885 summe
799 2824 1008 2905 pecuniarum
1034 2837 1065 2885 et
1088 2824 1225 2885 aliorum
1252 2824 1415 2885 bonorum

152 2930 394 3009 nonnullorum,
413 2950 479 3012 que
493 2929 634 3013 prelatus
652 2930 811 3011 Georgius
829 2928 999 3013 Sthurlych
1017 2930 1154 2991 condam
1179 2943 1303 3011 patrem
1320 2949 1417 2991 suum

151 3036 236 3119 apud
260 3036 428 3098 honestam
447 3036 611 3098 dominam
631 3036 827 3098 Dorotheam
846 3037 1058 3119 Kramarycza
1073 3036 1190 3097 dictam
1204 3035 1298 3097 titulo
1315 3035 1416 3118 depo·

151 3142 281 3204 sicionis
312 3142 435 3204 locasse
467 3156 498 3204 et
530 3142 715 3224 deposuisse
748 3144 918 3221 asserebat,
950 3162 986 3204 ac
1011 3142 1140 3204 tandem
1172 3157 1245 3224 post
1276 3155 1416 3203 mortem

152 3247 235 3309 dicte
259 3248 392 3310 domine
417 3247 578 3310 Dorothee
597 3249 810 3331 Kramarycza
835 3248 918 3311 dicte
935 3248 1021 3331 apud
1045 3246 1204 3330 prefatum
1229 3247 1415 3309 Emericum

152 3354 324 3433 literatum,
349 3373 386 3414 ex
400 3373 465 3436 quo
490 3355 556 3436 ipse
574 3369 723 3416 executor
744 3355 886 3416 eiusdem
905 3356 1037 3417 domine
1062 3355 1226 3417 Dorothee
1242 3367 1416 3418 testamen·

152 3461 230 3522 tarie
255 3461 432 3542 legacionis
455 3459 576 3538 fuisset,
601 3462 788 3523 remansisse
813 3476 843 3524 et
868 3461 1005 3522 extitisse
1036 3461 1272 3544 spopondebat,
1296 3463 1352 3523 ubi
1376 3482 1418 3524 ex

152 3567 287 3628 adverso
312 3568 416 3629 dictus
448 3568 613 3628 Emericus
646 3568 676 3628 in
702 3568 776 3628 sede
808 3567 973 3648 judiciaria
1006 3588 1163 3650 exurgens
1193 3588 1227 3630 se
1250 3567 1350 3630 nichil
1373 3568 1418 3632 de

152 3673 338 3735 huiusmodi
363 3693 488 3735 summa
519 3673 704 3756 pecuniaria
734 3694 791 3734 nec
816 3674 856 3735 de
888 3674 960 3735 aliis
983 3676 1079 3735 rebus
1110 3675 1189 3737 scire
1214 3694 1273 3736 nec
1296 3673 1418 3738 habere

152 3781 339 3864 simpliciter
364 3781 458 3842 etde
483 3781 579 3862 plano
604 3781 733 3861 negavit
757 3794 787 3842 et
812 3795 857 3842 est
879 3779 1054 3860 confessus,
1079 3797 1110 3843 et
1133 3782 1221 3864 quod
1247 3783 1313 3863 ipss
1338 3801 1419 3844 con·

153 3887 227 3948 dam
251 3887 372 3968 prefata
397 3887 529 3948 domina
554 3887 718 3948 Dorothea
742 3889 774 3948 in
792 3887 958 3968 legacione
983 3889 1031 3949 sui
1055 3888 1160 3950 ultimi
1185 3888 1366 3950 testamenti
1385 3903 1420 3953 et

153 3994 370 4055 irrevocabilis
394 3993 516 4074 eulogii
541 4013 597 4075 per
620 3993 756 4054 eandem
785 4013 892 4054 coram
924 3993 1067 4055 honestis
1091 4009 1121 4055 et
1145 3993 1315 4075 fidedignis
1338 3994 1420 4057 viris

152 4098 225 4163 facti
250 4115 281 4163 et
304 4100 423 4161 conditi
443 4099 565 4161 nullam
591 4100 629 4160 de
655 4099 840 4161 huiusmodi
858 4120 983 4162 summa
1002 4101 1185 4182 pecuniaria
1202 4120 1262 4162 nec
1286 4099 1326 4160 de
1343 4100 1420 4163 aliis

153 4209 258 4284 rebus,
276 4207 319 4268 sic
344 4221 378 4268 ut
396 4207 499 4268 dictus
517 4205 677 4288 Georgius
704 4207 838 4269 asseruit
854 4228 910 4290 per
927 4223 1048 4290 patrem
1067 4208 1211 4269 eiusdem
1236 4207 1321 4290 apud
1339 4226 1418 4269 ean·

153 4315 226 4375 dem
251 4313 416 4374 dominam
443 4313 640 4376 Dorotheam
663 4313 757 4375 titulo
790 4314 1007 4396 deposicionis
1031 4313 1153 4392 locatis,
1177 4311 1301 4376 fecisset
1325 4332 1416 4375 men·

153 4421 290 4497 cionem,
314 4421 457 4482 seniores
488 4420 610 4502 judices
642 4421 759 4483 auditis
788 4423 953 4502 utriusque
985 4421 1128 4502 partibus
1161 4420 1418 4502 alegacionibus,

154 4526 434 4607 proposicionibus
458 4542 488 4590 et
520 4528 672 4590 hincinde
704 4543 829 4590 maturo
861 4529 970 4588 animo
994 4529 1157 4605 revolutis,
1189 4527 1419 4608 adjudicarunt

154 4645 184 4692 et
208 4632 428 4712 decreverunt,
453 4635 541 4716 quod
555 4632 695 4716 prefatus
718 4635 883 4695 Emericus
900 4635 1043 4696 literatus
1067 4635 1173 4695 senior
1189 4633 1285 4714 judex
1309 4653 1417 4716 apre-

153 4737 215 4800 lata
242 4737 317 4800 feria
341 4754 427 4800 sexta
452 4755 523 4821 post
547 4739 664 4802 festum
690 4740 830 4802 Simonis
854 4754 884 4801 et
909 4741 990 4801 lude
1015 4740 1235 4822 apostolorum
1261 4739 1302 4801 ad
1326 4739 1417 4803 diem

153 4845 467 4926 quintumdecimum
491 4846 694 4907 terciusmetlr
712 4846 835 4906 civibus
852 4866 1046 4928 superatam
1064 4861 1171 4908 sancte
1189 4845 1303 4909 Crucis
1318 4865 1418 4928 super

153 4951 303 5034 eoquod
328 4953 395 5035 ipse
420 4952 459 5013 de
483 4952 668 5014 huiusmodi
700 4971 825 5014 summa
858 4953 1041 5036 pecuniaria
1065 4973 1125 5015 nec
1158 4952 1197 5015 de
1222 4953 1294 5015 aliis
1316 4954 1418 5017 rebus
