3156 5364
457 1307 585 1407 (Mna
613 1307 769 1395 Domini
797 1307 1121 1411 noncolnlvss.)

155 1699 194 1775 In
222 1701 365 1776 nomine
396 1699 550 1777 Domini.
580 1701 708 1779 llmen.
744 1704 848 1780 Anno
878 1703 1088 1782 Nativitatis
1118 1707 1286 1783 eiusdem
1315 1708 1425 1784 mille-

157 1824 250 1899 simo
280 1825 637 1925 quadringentesimo
664 1829 841 1927 vigesimo
863 1830 1029 1929 septimo,
1058 1855 1208 1930 presens
1237 1833 1426 1908 laternum

157 1971 346 2024 commune
366 1959 425 2025 est
445 1952 686 2050 conscriptum
706 1964 871 2053 tempore
891 1953 1072 2051 judicatus
1094 1955 1225 2030 domini
1255 1955 1424 2031 Anthonii

155 2070 216 2146 lilii
245 2071 415 2172 Appardi,
430 2072 560 2171 judicis
584 2077 699 2151 nostri
720 2076 893 2171 moderni,
923 2102 1031 2177 super
1051 2080 1335 2178 consignacione
1356 2102 1421 2154 seu

155 2197 421 2295 registracione
450 2199 634 2275 literarum
663 2209 866 2277 nostrarum
896 2204 1170 2303 privilegialium
1198 2227 1308 2304 super
1335 2227 1420 2304 pos-

155 2321 381 2396 sessionibus
411 2323 567 2398 civitatis
587 2322 912 2424 Montisgrecensis
943 2334 980 2402 et
1009 2328 1086 2402 eius
1115 2329 1289 2403 territorii
1317 2329 1423 2427 privi-

154 2445 337 2542 legialiter
364 2470 429 2545 pro
449 2458 553 2546 parte
575 2449 701 2523 civium
724 2456 762 2525 et
780 2449 1023 2526 habitatorum
1053 2451 1213 2526 eiusdem
1242 2451 1420 2527 coniectis

155 2576 194 2643 et
224 2570 400 2644 emanatis
438 2595 503 2669 pro
541 2573 667 2649 maiori
698 2575 911 2652 certitudine
950 2583 988 2650 et
1025 2574 1167 2674 refugio
1198 2573 1423 2650 eorumdem.

183 2858 263 2930 item
293 2863 400 2948 primo
430 2862 515 2932 feria
544 2865 689 2934 secunda
715 2869 869 2952 proxima
900 2873 976 2952 post
1004 2865 1127 2936 testum
1157 2863 1393 2935 conversionis

592 2989 681 3057 beati
712 2987 808 3057 Pauli
838 2989 996 3077 apostoli.

665 3161 726 3236 (27.
743 3161 905 3236 januarii).

263 3316 341 3377 item
367 3317 478 3378 Petrus
511 3316 632 3393 juratus
665 3319 889 3398 comprobavit
921 3318 953 3377 in
986 3318 1072 3395 sede,
1106 3332 1140 3378 ut
1164 3317 1231 3398 ipse
1256 3315 1419 3397 quandam

155 3422 284 3483 vineam
307 3422 566 3485 condicionalem
592 3423 729 3484 condam
755 3423 910 3484 Anthonii
941 3423 1130 3505 carpentarii
1155 3421 1212 3483 lilii
1239 3423 1318 3506 Elye
1344 3422 1419 3484 dicti

154 3526 343 3608 Wodogasa
370 3548 427 3610 pro
446 3550 499 3590 sex
517 3530 631 3590 marcis
648 3529 855 3591 denariorum
874 3531 914 3590 ab
938 3529 1054 3591 eodem
1074 3528 1240 3590 Anthonio
1257 3547 1421 3608 compara·

154 3648 253 3713 verat,
278 3654 315 3695 ex
340 3654 498 3697 consensu
516 3636 708 3713 vicinorum,
729 3637 789 3697 sub
807 3656 904 3698 censu
922 3637 1000 3696 senti
1019 3636 1141 3713 cubuli,
1165 3654 1262 3716 quem
1288 3653 1420 3695 censum

154 3761 209 3802 sex
234 3742 426 3803 cubulorum
459 3762 495 3803 ex
527 3743 690 3804 meritoria
723 3758 754 3803 et
786 3743 915 3805 instanti
951 3743 1049 3823 ipsius
1081 3742 1165 3803 Petri
1197 3741 1356 3824 peticione
1389 3740 1419 3800 in

154 3868 286 3909 censum
314 3862 451 3929 quatuor
484 3849 675 3910 cubulorum
709 3870 746 3909 ex
771 3849 936 3910 communi
969 3868 1126 3910 consensu
1158 3848 1309 3909 duximus
1333 3866 1419 3908 com·

154 3954 357 4031 mutandum,
391 3955 432 4016 ita
455 3968 574 4031 tamen,
606 3955 694 4036 quod
716 3956 783 4037 ipse
807 3956 920 4017 Petrus
953 3968 983 4016 et
1007 3955 1055 4015 sui
1081 3955 1185 4015 cuncti
1218 3973 1419 4015 successores

154 4061 255 4144 ipsius
279 4061 383 4139 vinee,
407 4061 488 4121 inter
512 4062 623 4122 vineas
647 4061 801 4123 Anthonii
827 4060 884 4122 filii
910 4060 1069 4122 Jancbech
1093 4075 1124 4122 et
1148 4061 1322 4122 liberorum
1343 4079 1420 4120 con·

152 4169 227 4229 dam
246 4166 353 4229 Choni
371 4167 489 4244 habite,
511 4168 542 4227 in
560 4168 721 4228 territorio
741 4187 873 4249 quoque
891 4167 990 4249 ipsius
1006 4167 1144 4227 civitatis
1168 4167 1237 4243 site,
1262 4184 1319 4248 pro
1336 4179 1417 4226 tern-

154 4293 231 4356 pore
257 4293 466 4356 possessores,
491 4274 626 4353 singulis
651 4275 743 4335 annis
764 4287 909 4355 ternpore
934 4273 1097 4335 vindemie
1122 4287 1260 4354 quatuor
1284 4271 1420 4332 cubulos

153 4381 249 4442 musti
275 4380 315 4441 de
341 4380 452 4441 eadem
480 4380 572 4440 vinea
599 4381 727 4440 racione
752 4395 859 4440 nostre
888 4380 1112 4441 communitati
1138 4380 1169 4439 in
1196 4378 1325 4460 propria
1349 4396 1419 4438 vec·

152 4501 223 4548 tura
248 4487 322 4548 dare
348 4502 378 4547 et
403 4487 583 4547 conducere
606 4489 818 4563 tenebuntur3
845 4487 933 4567 quod
958 4487 990 4547 in
1008 4507 1093 4564 casu,
1118 4486 1206 4566 quod
1232 4486 1349 4546 dictam
1373 4484 1413 4544 vi·

154 4613 248 4654 neam
286 4613 485 4674 possessores
518 4592 661 4653 eiusdem
696 4594 800 4654 colere
834 4593 1067 4671 recusaverint,
1100 4606 1214 4653 extunc
1247 4591 1420 4672 disposicio

153 4700 296 4761 eiusdem
323 4700 354 4760 in
380 4700 645 4761 communitatem
673 4713 814 4760 nostram
839 4719 947 4760 rursus
972 4700 1160 4761 devolvatur
1186 4699 1254 4780 ipso
1279 4694 1373 4758 factu.
