3142 5356
488 492 686 568 Ann01507.
710 526 753 537 -
776 490 828 554 26.
844 493 1009 570 strimarii.
1325 497 1382 578 167

542 702 720 786 Gregorius
744 708 970 789 carpentarius.

536 810 699 875 Fabianus
722 813 1010 901 Puchakowychin.

541 917 656 981 Rerlek
680 920 830 1001 agricola.

539 1024 676 1087 Michael
701 1025 801 1090 faber.

540 1132 652 1194 Petrus
676 1133 795 1196 Benalr.

538 1238 684 1301 Thomas
709 1240 859 1324 Kerelya.

536 1345 673 1407 Michael
698 1366 819 1428 sporar.

537 1452 683 1514 Andreas
711 1452 809 1517 laber.

538 1559 684 1622 Thomas
708 1561 859 1643 agricola.

537 1666 700 1730 lohannes
724 1668 968 1754 Thyslarichne.

539 1775 666 1836 Marcus
689 1788 787 1839 sutor.

538 1881 677 1945 Michael
702 1882 856 1966 Somogy.

534 1988 680 2051 Thomas
703 2002 800 2054 sutor.

332 2262 432 2336 Feria
461 2272 560 2336 sexta
589 2274 667 2336 ante
696 2263 895 2337 dominicam
925 2266 1158 2339 Reminiscere.

613 2433 677 2508 (26.
695 2437 871 2512 februaris).

220 2597 376 2658 Martinus
399 2596 526 2680 Radlyn
551 2595 592 2657 ad
620 2595 808 2656 instanciam
826 2595 992 2675 prudentis
1016 2611 1047 2657 et
1063 2597 1283 2679 circumspecti
1311 2598 1375 2660 Do·

81 2682 219 2763 m¹¹¹ici
242 2702 419 2784 Perowych
448 2702 563 2764 citatus
588 2701 731 2763 secundo
757 2721 822 2762 non
847 2703 1040 2783 comparuit.

217 2826 341 2888 Eodem
367 2826 420 2887 die
444 2846 538 2888 causa
556 2827 638 2887 inter
658 2825 820 2907 quendam
839 2825 1004 2906 lagatham
1031 2828 1199 2888 mulierem
1224 2827 1375 2890 colonam

84 2891 123 2956 de
160 2917 302 2994 Medwe
327 2947 358 2993 et
382 2931 560 3014 Georgium
579 2933 732 2994 colonum
758 2933 790 2993 in
809 2931 957 2994 Grachan
976 2933 1104 2994 racione
1130 2934 1376 3014 verberationis,

82 3000 144 3072 ubl
183 3036 329 3114 prelatus
355 3037 515 3120 Georgius
532 3039 564 3100 in
589 3038 732 3120 dampno
756 3058 816 3099 suo
833 3039 973 3119 quadam
992 3059 1125 3120 peccora
1142 3040 1226 3101 dicte
1244 3040 1375 3121 Jagatbe

81 3119 321 3220 ‘Pffiperisset
338 3158 368 3204 et
385 3143 472 3224 juxta
489 3145 755 3206 consvetudinem
774 3145 915 3226 ipsorum
942 3144 1024 3206 dicta
1038 3164 1172 3226 peccora
1189 3146 1229 3206 ad
1254 3147 1375 3208 curiam

79 3215 209 3325 vfulci
227 3249 347 3332 pellere
364 3249 471 3329 vellet,
488 3250 601 3312 videns
619 3250 680 3312 hoc
698 3251 781 3312 dicta
806 3250 938 3331 lagatha
957 3271 1093 3332 peccora
1116 3271 1171 3312 sua
1197 3252 1237 3313 ad
1254 3253 1376 3313 curiam

80 3322 226 3418 V¹¹¹icia
244 3357 377 3438 pellere,
394 3376 459 3418 non
476 3357 622 3440 permisit
645 3358 700 3419 sed
725 3357 765 3418 ad
785 3358 886 3419 crines
911 3358 1055 3419 eiusdem
1082 3357 1214 3440 Georgii
1238 3359 1329 3420 irruit
1345 3374 1376 3420 et

79 3435 243 3548 p‘fecum
259 3483 317 3524 sua
342 3464 563 3545 potencialiter
580 3465 757 3543 eliberavit,
776 3479 806 3525 et
823 3465 925 3526 dictus
950 3464 1110 3546 Georgius
1126 3465 1239 3526 videns
1263 3465 1323 3526 sibi
1341 3466 1373 3526 in

82 3542 213 3630 crlnes
237 3570 314 3631 irrui
332 3571 416 3653 cepit
431 3571 572 3652 seipsum
598 3591 670 3632 cum
688 3572 858 3633 manubrio
883 3572 1049 3633 cuiusdam
1074 3571 1219 3653 selcuhis
1236 3571 1372 3633 eandem

82 3647 277 3738 mulierem
295 3690 515 3759 repercutere;
532 3677 625 3755 jurati
643 3677 867 3757 adjudicarunt
884 3698 982 3760 penes
997 3679 1216 3741 testimonium
1235 3679 1373 3740 duorum

83 3749 235 3844 testium
253 3784 308 3864 qui
334 3782 491 3846 testificati
516 3797 600 3863 sunt,
625 3785 712 3866 quod
738 3785 824 3846 idem
850 3784 1009 3866 Georgius
1041 3805 1146 3867 neque
1171 3785 1306 3847 eandem
1331 3785 1372 3846 ad

86 3856 223 3951 t“friam
237 3890 458 3972 prostravisset
467 3906 497 3952 et
515 3911 621 3972 neque
640 3892 877 3972 manutergium
897 3892 1039 3953 eiusdem
1050 3892 1089 3952 de
1107 3892 1209 3974 capite
1226 3891 1374 3974 deposuit

92 3970 206 4068 prou,
229 3997 296 4079 ipsa
321 3997 490 4075 asserebat,
507 3997 563 4058 sed
587 3997 691 4058 dictus
716 3996 876 4078 Georgius
897 3999 936 4058 ab
954 3999 1020 4079 ipsa
1045 3998 1141 4078 longe
1166 3995 1225 4058 fuit
1241 3997 1372 4078 quando

94 4079 168 4150 ¹l³⁸²
200 4104 267 4165 sola
292 4103 332 4165 ad
356 4118 472 4165 terram
498 4103 580 4165 sedit
604 4117 635 4166 et
658 4105 897 4186 manutergium
929 4105 999 4165 sola
1024 4104 1188 4186 decapite
1213 4104 1371 4185 deposuit,

98 4185 204 4284 Trou,
228 4208 386 4272 testificati
411 4223 485 4271 sunt
509 4210 574 4271 duo
598 4224 704 4289 testes,
735 4223 766 4271 et
794 4211 952 4292 quidquid
985 4210 1068 4271 dicta
1094 4209 1226 4291 lagatha
1251 4209 1370 4271 ibidem

101 4295 233 4379 moeni,
257 4316 289 4378 id
322 4317 438 4378 merito
463 4317 591 4398 patitur,
624 4337 660 4378 ex
685 4335 751 4398 quo
783 4317 870 4378 idem
897 4316 1056 4397 Georgius
1078 4336 1110 4376 se
1135 4316 1274 4377 liberans
1298 4336 1370 4377 cum

102 4401 279 4504 ‘Pinubrio
303 4423 423 4485 securis
440 4436 640 4506 repercutere
659 4422 750 4499 lecit;
775 4424 829 4484 ubi
846 4444 923 4485 vero
948 4424 1030 4485 dieta
1049 4422 1182 4504 lagatha
1206 4423 1370 4505 potencia·

113 4511 177 4575 ¹¹⁶1
205 4548 339 4610 peccora
363 4549 419 4590 sua
445 4529 613 4592 eliberavit
642 4530 788 4591 convicta
820 4544 866 4592 est
891 4530 921 4590 in
947 4531 1095 4610 potencia
1120 4529 1254 4590 domino
1278 4542 1370 4592 terre.

217 4653 340 4716 Eodem
374 4653 426 4715 die
457 4674 552 4716 causa
585 4655 667 4716 inter
698 4654 899 4716 Anthonium
932 4656 1062 4736 Meryaz
1094 4669 1125 4715 et
1152 4653 1299 4716 homines
1331 4654 1370 4715 de

107 4721 238 4847 Mfdwe
262 4760 391 4822 racione
408 4760 577 4823 cuiusdam
601 4773 672 4822 taxe
697 4761 794 4843 regie,
812 4761 867 4822 ubi
884 4759 997 4842 prelati
1015 4760 1162 4821 homines
1187 4760 1226 4820 de
1244 4759 1370 4821 Medwe

111 4832 260 4928 datm,
282 4865 405 4928 dictum
429 4866 630 4929 Anthonium
656 4866 695 4928 de
727 4881 810 4928 terra
835 4867 978 4949 ipsorum
1011 4865 1126 4928 lurtive
1152 4867 1316 4927 dicessisse
1340 4881 1371 4927 et

117 4963 191 5026 “¹¹¹1
217 4984 286 5036 taxa
315 4973 403 5056 regis
434 4973 589 5054 salivisse,
613 4973 716 5035 dictus
747 4993 824 5035 vero
855 4972 1039 5035 Anthonius
1074 4973 1236 5057 allegabat
1265 4971 1376 5057 ipsum
