3142 5356
534 516 620 574 Anno
643 512 736 592 1485.
761 548 803 557 —
826 529 876 574 22.
901 512 1018 588 aprilis.

678 727 806 790 Paulus.

675 832 848 914 Georgius.

677 938 863 1020 Gregorius.

677 1047 757 1107 alter
781 1044 968 1126 Gregorius.

678 1152 848 1233 Georgius.

677 1259 757 1320 alter
782 1259 951 1339 Georgius.

678 1367 772 1446 lwrg.

678 1472 811 1534 blasius.

677 1577 850 1638 lohannes.

678 1685 826 1745 Michael.

678 1791 853 1852 Emericus.

676 1896 867 1959 Rollankus.

679 2005 841 2066 Nicolaus.

679 2112 829 2173 Briccius.

679 2217 835 2281 Thomas.

207 2476 303 2549 Feria
333 2485 432 2547 sexta
461 2478 614 2564 proxima
642 2485 720 2545 ante
749 2474 872 2545 festum
901 2475 989 2545 beati
1020 2471 1152 2561 Georgii
1181 2471 1347 2543 martiris.

677 2628 739 2702 (22.
763 2626 891 2701 aprilis).

256 2767 334 2828 Item
359 2767 389 2826 in
415 2785 509 2826 causa
534 2766 615 2826 inter
640 2765 810 2826 Nicolaum
830 2765 975 2826 Horuath
1001 2780 1031 2826 et
1056 2764 1233 2845 Georgium
1261 2764 1411 2844 Hercheg

150 2875 278 2935 racione
304 2887 334 2934 et
357 2887 501 2954 pretextu
519 2872 685 2933 cuiusdam
711 2871 832 2953 (hlorti,
850 2891 946 2953 quem
973 2872 1057 2932 idem
1084 2870 1244 2951 Georgius
1263 2871 1413 2953 Hercheg

150 2980 308 3057 arestavit‚
319 2980 349 3039 in
365 2979 467 3060 prima
480 2979 637 3039 citacione
660 2977 801 3059 prelatus
815 2978 967 3038 Nicolaus
981 2976 1126 3038 Horuath
1142 2996 1207 3037 non
1221 2977 1413 3057 comparuit.

257 3104 333 3164 Item
360 3104 392 3163 in
411 3123 504 3164 causa
529 3103 611 3164 inter
628 3103 835 3163 Valentinum
858 3101 976 3183 Sporar
993 3116 1023 3162 et
1040 3101 1210 3162 Nicolaum
1236 3100 1416 3182 Halichycz

151 3225 280 3293 propter
293 3210 466 3290 quamdam
491 3209 630 3285 vineam,
648 3229 745 3290 quam
771 3210 837 3290 ipse
856 3208 1009 3270 Nicolaus
1033 3209 1092 3290 ipsi
1110 3207 1283 3269 Valentino
1308 3208 1416 3269 colere

151 3317 272 3394 habuit,
297 3317 327 3375 in
352 3315 455 3396 prima
480 3315 636 3377 citacione
661 3336 724 3377 non
755 3317 944 3397 comparuit.

258 3438 336 3499 ltem
354 3439 384 3498 in
400 3458 493 3499 causa
505 3439 586 3500 inter
605 3440 739 3500 Paulum
757 3439 954 3502 aurifabrum
973 3454 1003 3503 et
1019 3440 1181 3500 Andream
1202 3438 1267 3499 Lah
1282 3453 1416 3521 propter

152 3545 314 3626 quandam
349 3545 518 3626 pecuniam
544 3546 636 3625 jurati
670 3546 945 3626 adjudicaverunt,
978 3546 1065 3627 quod
1098 3546 1194 3607 debet
1217 3544 1320 3624 jurare
1344 3565 1417 3626 pre·

153 3651 234 3713 fatus
266 3652 384 3713 Paulus
416 3651 577 3713 aurifaber
609 3653 640 3712 in
673 3673 724 3714 ara
757 3667 863 3714 sancte
897 3652 1010 3713 Crucis
1042 3652 1119 3713 feria
1151 3665 1236 3712 sexta
1268 3651 1417 3732 proxime

153 3773 303 3834 ventura3
328 3759 464 3820 eandem
490 3779 617 3821 causam
643 3758 783 3840 prelatus
808 3760 926 3820 Paulus
953 3759 993 3820 ad
1018 3760 1159 3819 seniores
1184 3758 1370 3840 appellavit.

258 3881 334 3943 ltem
360 3883 391 3942 in
416 3902 510 3944 causa
529 3884 614 3944 Luce
640 3884 806 3967 Rybarycz
831 3896 961 3965 propter
978 3883 1142 3964 quoddam
1168 3896 1293 3964 pratum
1319 3881 1416 3962 jurati

157 3988 390 4068 judicaverunt,
414 3991 501 4070 quod
527 3991 630 4051 Lucas
662 3990 778 4070 jurabit
803 3991 835 4050 in
860 4011 913 4050 ara
937 4004 1043 4050 sancte
1077 3990 1191 4050 Crucis
1216 3987 1293 4050 feria
1325 4003 1415 4051 sexta

153 4096 298 4176 proxime
323 4110 455 4156 ventura
480 4097 642 4157 solusmet.

259 4220 335 4280 ltem
362 4220 393 4279 in
418 4240 511 4280 causa
536 4220 617 4280 inter
642 4220 820 4281 Johannem
851 4221 1062 4302 Soldinarycz
1087 4220 1246 4281 seniorem
1273 4218 1415 4299 juratum

154 4341 185 4387 et
208 4325 379 4387 Nicolaum
406 4327 551 4387 Horuath
576 4341 706 4407 propter
731 4327 894 4408 quandam
919 4327 1065 4405 domum,
1090 4326 1181 4406 jurati
1208 4325 1415 4404 adjudicave-

154 4446 237 4510 runt,
263 4432 350 4514 quod
377 4453 413 4492 err
438 4452 502 4513 quo
521 4432 587 4513 ipse
613 4434 765 4494 Nicolaus
784 4433 929 4495 Horuath
948 4454 1012 4494 non
1032 4432 1090 4493 luit
1107 4445 1295 4513 prosecutus
1312 4432 1416 4513 ipsam

153 4539 287 4599 domum
312 4538 396 4619 juxta
421 4539 685 4600 consuetudinem
711 4541 857 4618 civitatis,
882 4560 1036 4621 expensas
1066 4558 1145 4619 quas
1170 4539 1354 4619 requirebat
1377 4539 1418 4599 ab

154 4647 223 4728 ipso
249 4646 393 4707 Johanne
419 4646 627 4730 Soldinarycz
652 4667 716 4707 non
742 4661 846 4728 potest
870 4647 1032 4728 requirere
1051 4645 1106 4706 sed
1131 4658 1205 4706 sunt
1229 4645 1260 4705 in
1279 4663 1417 4721 vanum3

154 4752 288 4813 eandem
315 4772 441 4813 causam
467 4753 534 4834 ipse
559 4753 712 4813 Nicolaus
737 4753 882 4814 Horuath
909 4753 1085 4834 appellavit
1109 4752 1147 4813 ad
1174 4751 1327 4814 seniores.

261 4877 337 4938 Item
363 4876 394 4937 in
420 4897 513 4938 causa
546 4876 627 4936 inter
658 4876 864 4938 Valentinum
898 4892 928 4938 et
956 4877 1088 4939 Gallum
1123 4876 1290 4958 Kudelycz
1322 4875 1416 4955 jurati

155 4982 419 5065 adjudicaverunt
443 4982 530 5064 quod
555 4983 722 5045 antecedat
746 5004 871 5066 semper
896 5004 989 5045 causa
1015 4983 1190 5046 Valentini.
