3142 5356
211 326 270 384 ¹04
736 306 823 363 Anno
847 301 939 382 1398.

207 518 340 597 dimisit,
365 519 437 580 ideo
462 538 523 580 nos
546 518 695 578 dedimus
727 517 835 579 literas
865 531 989 578 nostras
1021 515 1127 577 eidem
1152 515 1306 592 Dototee,
1328 528 1468 597 tempore

208 626 285 687 dicti
310 625 434 686 domini
460 624 625 686 Iohannis.

313 732 389 793 ltem
416 731 562 793 Thomas
585 744 686 792 sartor
715 731 793 792 emit
817 730 954 791 fundum
988 730 1027 791 de
1052 729 1181 791 Andrea
1208 726 1371 811 Krapech,
1392 741 1470 789 tem·

206 858 284 920 pote
309 838 385 900 dicti
414 838 538 899 domini
563 837 729 899 iohannis,

311 962 389 1024 Item
423 963 530 1023 llenlta
563 961 625 1023 filia
661 961 794 1043 Dyltaue
836 960 982 1021 vendidit
1012 959 1164 1040 (h)ortum
1195 978 1291 1020 suum
1330 959 1471 1020 Martino

207 1069 308 1148 fabro,
332 1085 476 1152 tempore
502 1069 578 1130 dicti
604 1068 728 1130 domini
753 1067 918 1130 iohannis.
1367 1141 1374 1152 ·

314 1177 390 1238 Item
424 1176 576 1237 dominus
607 1175 796 1236 franciscus
820 1175 1029 1235 Boncarnissa
1063 1173 1102 1234 de
1127 1173 1295 1235 rlorencia
1325 1172 1471 1233 vendidit

206 1282 367 1364 quandam
393 1302 482 1343 suam
516 1282 643 1343 vineam
669 1279 784 1363 Gyuan
818 1281 955 1342 condam
987 1279 1084 1359 judici
1117 1278 1204 1341 fratri
1228 1298 1298 1357 suo,
1325 1293 1470 1360 tempore

206 1387 281 1449 dicti
307 1389 430 1449 domini
456 1387 623 1449 lobannis.

313 1513 388 1574 Item
415 1512 503 1594 quod
528 1513 603 1594 quia
629 1513 660 1572 in
679 1526 869 1574 testamento
895 1512 927 1573 id
945 1512 1087 1573 vidimus
1103 1511 1273 1589 contineri,
1298 1511 1389 1592 quod
1407 1511 1472 1593 ipsa

208 1619 376 1680 Elisabeth
401 1617 466 1680 filia
492 1618 618 1679 Miltech
642 1619 909 1680 molendinatoris
932 1618 1094 1699 quandam
1120 1637 1210 1679 suam
1237 1617 1374 1679 domum
1393 1617 1482 1679 inter

210 1725 292 1786 duos
316 1726 431 1786 fluvios
455 1744 554 1807 prope
580 1724 803 1786 molendinum
838 1726 929 1786 beate
955 1725 1055 1785 Marie
1085 1725 1228 1806 virginis,
1253 1724 1390 1806 Symoni
1415 1743 1491 1784 suo

210 1832 325 1891 marito
350 1831 481 1907 dimisit,
506 1831 579 1891 ideo
604 1831 742 1891 eundern
770 1830 906 1892 fundum
939 1831 1043 1892 eidem
1070 1831 1292 1892 commisimus
1317 1844 1497 1912 perpetuo·

207 1936 467 2016 relinquendum,
491 1950 636 2018 tempore
660 1936 735 1998 dicti
761 1937 885 1998 domini
910 1937 1075 1998 iohannis.

316 2042 391 2102 ltem
419 2042 555 2104 Mathias
571 2057 672 2103 sartor
697 2058 727 2103 et
747 2043 907 2104 Fabianus
924 2063 959 2104 ac
979 2043 1078 2104 Elena
1099 2043 1207 2104 relicta
1225 2043 1343 2104 Jaltlini
1362 2062 1498 2103 execu—

207 2162 291 2209 tores
314 2149 494 2209 testamenti
520 2147 632 2229 prelati
659 2150 786 2228 Jaltlini,
820 2149 978 2210 dederunt
1013 2150 1149 2210 domurn
1183 2149 1328 2211 eiusdem
1354 2149 1469 2210 Jaltlioi

210 2255 309 2315 Paulo
334 2252 435 2331 labro,
460 2268 604 2335 tempore
630 2255 705 2316 dicti
732 2256 894 2318 Johannis.

316 2379 392 2439 ltem
412 2379 571 2458 Georgius
589 2378 673 2440 lilius
691 2380 830 2440 Ladislai
848 2381 925 2441 dicti
945 2379 1080 2461 Ptychar
1093 2395 1124 2442 et
1142 2379 1345 2462 Margaretha
1364 2381 1492 2441 vendi*

208 2485 323 2546 derunt
347 2483 482 2544 fundum
500 2504 611 2544 eorum
638 2485 775 2546 Johanni
801 2485 887 2546 dicto
905 2485 1051 2569 Churny,
1076 2501 1222 2569 tempore
1247 2487 1324 2549 dicti
1350 2487 1482 2548 domini

209 2591 373 2653 iohannis.

315 2697 390 2758 ltem
414 2699 524 2758 Petrus
543 2718 679 2779 magnus
696 2713 727 2759 et
745 2698 921 2778 Gregorius
939 2701 1055 2779 Angeli
1074 2701 1222 2761 concives
1245 2700 1346 2762 nostri
1364 2700 1481 2761 vendi-

209 2805 323 2864 derunt
355 2805 529 2884 quemdam
563 2804 697 2865 fundum
733 2805 874 2887 Valchye
900 2807 1040 2884 mulieri,
1071 2822 1217 2889 tempore
1247 2807 1324 2868 dicti
1350 2808 1474 2870 domini

210 2909 373 2970 iohannis.

316 3015 393 3076 ltem
419 3015 567 3077 dedimus
592 3017 698 3077 literas
723 3033 845 3079 nostras
869 3039 965 3100 super
991 3021 1115 3081 duabus
1139 3021 1240 3083 vineis
1256 3021 1364 3082 Busen
1383 3021 1483 3084 dictis

212 3121 372 3182 Dorothee
387 3137 417 3184 et
436 3123 618 3201 llartholek,
636 3123 772 3184 iohanni
797 3124 946 3208 Grachyn
966 3146 1022 3204 pro
1041 3127 1233 3207 quibusdam
1252 3126 1370 3188 debitis
1387 3128 1475 3189 vide·

211 3229 284 3289 licet
308 3229 421 3308 viginti
447 3228 515 3289 flor.
541 3230 619 3305 auri,
644 3244 788 3311 tempore
814 3232 888 3292 dicti
914 3232 1037 3293 domini
1064 3232 1230 3295 Johannis.

317 3354 392 3414 Item
419 3354 567 3413 dedimus
584 3355 690 3415 literas
709 3370 814 3415 nostre
833 3358 1073 3418 communitatis
1097 3377 1192 3439 super
1209 3357 1353 3438 quodam
1372 3356 1475 3418 fundo

213 3462 317 3523 Bartol
342 3476 371 3521 et
404 3461 578 3538 Dorothee,
605 3482 662 3541 pro
695 3463 887 3542 quibusdam
921 3464 1037 3524 debitis
1069 3465 1217 3526 videlicet
1241 3478 1371 3525 centum
1405 3463 1473 3526 flor.

210 3569 289 3645 auri,
314 3582 457 3649 tempore
483 3568 556 3628 dicti
584 3567 706 3627 domini
733 3568 894 3631 Johannis.

316 3674 392 3734 ltem
411 3675 560 3735 dedimus
577 3675 683 3734 literas
708 3687 831 3735 nostras
853 3696 948 3757 super
966 3677 1104 3757 quadam
1123 3677 1221 3737 domo
1247 3676 1387 3739 lohanni
1405 3676 1471 3738 filio

211 3781 320 3841 iacobi
355 3781 429 3840 dicti
458 3781 566 3864 Bolye‚
600 3780 759 3861 Georgius
792 3782 924 3843 liadizel
957 3798 987 3844 et
1019 3784 1181 3844 lohannes
1212 3782 1297 3845 filius
1330 3783 1471 3845 Farltasii

211 3886 425 3947 vendiderunt
451 3887 593 3967 predicto
619 3887 768 3965 iohanni,
793 3903 936 3970 tempore
962 3889 1036 3951 dicti
1064 3890 1229 3952 Johannis.

317 4011 392 4072 ltent
420 4012 581 4073 lohannes
606 4013 689 4073 lilius
714 4014 850 4074 ladislai
871 4014 943 4074 lecit
969 4016 1129 4078 cambium
1148 4035 1221 4077 cum
1246 4015 1341 4078 Petro
1366 4015 1471 4098 Capu·

210 4118 335 4201 nouych
362 4138 434 4178 cum
461 4119 612 4181 domibus
638 4141 760 4196 corum,
785 4136 929 4201 tempore
955 4123 1029 4183 dicti
1056 4123 1179 4183 domini
1206 4121 1372 4184 Johannis.

316 4224 392 4285 ltem
419 4226 564 4287 Thomas
589 4227 672 4287 lilius
705 4228 776 4307 lsipi
803 4229 946 4288 vendidit
980 4229 1116 4291 fundum
1148 4249 1240 4290 suum
1271 4248 1371 4310 penes
1397 4229 1471 4290 luan

211 4331 361 4407 Golozlo‚
388 4333 480 4392 l‘etro
507 4349 536 4393 et
561 4334 694 4393 Nicolao
713 4332 873 4412 iratribus,
892 4349 1035 4416 tempore
1054 4336 1128 4397 dicti
1155 4336 1278 4397 domiui
1304 4335 1470 4397 iohannis.

317 4437 393 4497 Item
418 4438 565 4499 dedimus
590 4439 696 4498 literas
720 4455 827 4501 nostre
861 4442 1075 4502 communitas
1100 4461 1195 4523 super
1219 4440 1360 4523 quadam
1386 4487 1470 4504 ....

208 4558 352 4623 ternpore
378 4545 509 4624 predicti
536 4544 657 4604 domini
685 4545 848 4608 iohannis

316 4668 391 4728 Item
421 4669 522 4728 Adam
556 4683 585 4729 et
610 4669 719 4729 Kuelia
755 4671 968 4732 veiadiderunt
993 4671 1126 4736 lundunr
1160 4693 1270 4735 eorum
1296 4673 1469 4737 Benedicto

209 4773 275 4836 filio
301 4775 396 4851 Petri,
422 4790 565 4858 tempore
591 4775 664 4836 dicti
692 4776 813 4837 domini
842 4778 1004 4841 iohannis.
