3142 5356
10 5052 27 5165 l

648 507 801 568 Addenda.
1292 525 1356 585 247

68 724 199 779 femus
222 718 304 781 sicut
326 719 394 781 Vos
418 732 449 781 et
479 738 621 780 essemus
645 719 727 800 pigri
752 718 792 780 ad
818 719 952 801 negocia
984 717 1225 780 communitatis
1249 716 1355 780 forsan

62 811 121 880 ita
158 824 279 904 luisset,
303 825 392 907 quod
418 825 497 888 tibie
521 825 642 908 pedum
667 838 849 887 nostrorum
868 824 1028 908 perforate
1052 824 1209 886 terebello
1233 839 1356 902 essent;

55 932 219 1010 negavit
243 945 349 994 autem
375 931 571 1014 principium
600 933 772 993 verborum
806 932 1046 1015 propositorum
1079 931 1217 993 scilicet:
1243 930 1273 993 Ο
1297 929 1356 995 hol

51 1027 354 1120 Quibusquidem
371 1037 516 1120 partibus
533 1038 788 1120 disceptantibus
805 1036 898 1119 jurati
915 1037 1137 1118 adjudicantes
1154 1037 1356 1116 invenerunt,

48 1145 175 1216 quod
200 1143 343 1228 prelatus
359 1144 551 1207 Valentinus
575 1145 821 1226 quintodecimo
846 1144 898 1206 die
915 1144 1019 1226 jurare
1044 1142 1175 1205 habebit
1199 1143 1298 1205 tercio
1322 1164 1356 1206 se

48 1244 211 1313 civibus
236 1252 268 1313 in
294 1251 428 1313 ecclesia
454 1251 555 1312 sancti
581 1250 680 1312 Marci
698 1251 729 1311 in
755 1271 808 1313 ara
827 1264 977 1313 consveta
994 1270 1089 1332 super
1106 1269 1156 1329 eo,
1181 1249 1270 1332 quod
1287 1250 1355 1332 ipse

51 1358 240 1426 premissa
264 1358 361 1419 verba
386 1370 496 1419 contra
521 1377 596 1418 eum
620 1357 785 1440 proposita
810 1376 875 1418 non
904 1356 1015 1418 animo
1041 1354 1198 1435 injurioso
1221 1374 1280 1416 nec
1305 1375 1355 1417 ca·

53 1452 281 1547 lumpniose,
305 1483 412 1545 neque
437 1477 547 1525 contra
564 1463 765 1525 honestatem
782 1463 882 1543 ipsius
905 1461 1036 1543 Georgii
1055 1461 1144 1522 dixit.
1170 1461 1272 1543 Super
1289 1480 1354 1542 quo

60 1564 89 1624 δί
130 1569 298 1650 juraverit,
323 1571 384 1634 erit
400 1570 434 1632 in
450 1589 545 1632 causa
570 1569 757 1631 huiusmodi
775 1569 953 1652 expeditus,
972 1580 1143 1630 annotatus
1159 1586 1236 1629 vero
1253 1565 1353 1629 Geor·

65 1669 158 1748 gius
181 1692 312 1760 propter
328 1677 584 1760 captivationem
602 1676 678 1738 dicti
703 1676 866 1737 Valentini
883 1695 942 1758 pro
958 1675 1043 1737 victo
1061 1674 1231 1736 habebitur
1247 1674 1354 1737 eidem

69 1772 260 1845 Valentino
284 1783 317 1845 in
342 1782 494 1865 homagio
512 1783 598 1845 vivo.
624 1781 770 1845 Prolatus
787 1781 949 1863 Georgius
965 1781 1005 1843 de
1030 1780 1152 1864 judicio
1176 1779 1353 1862 juratorum

72 1901 157 1950 uon
179 1904 347 1954 contentus
371 1889 547 1973 appellavit
571 1888 611 1950 ad
636 1888 787 1952 seniores.

701 2082 735 2149 8.

193 2209 283 2273 Feria
308 2208 449 2271 secunda
476 2209 509 2270 in
542 2207 623 2271 festo
655 2209 746 2269 beate
773 2205 975 2288 Margarethe
999 2205 1142 2288 virginis.
1169 2203 1250 2268 Steff
1275 2204 1351 2266 hde-

75 2306 201 2396 iussor,
225 2316 408 2400 Stephanus
431 2330 521 2377 sutor
545 2330 576 2378 et
604 2314 831 2397 Sigismundus
861 2333 986 2396 pognar
1009 2333 1068 2395 pro
1096 2312 1238 2397 Symone
1264 2311 1351 2374 Stru-

76 2430 200 2500 garycz
222 2423 396 2504 jobagione
413 2422 569 2484 iohannis
586 2421 626 2483 de
644 2423 835 2504 Pzaryewcz
852 2420 908 2499 ita,
930 2418 1019 2501 quod
1042 2419 1083 2481 ad
1101 2417 1214 2481 leriam
1231 2431 1352 2480 sextam

79 2527 263 2597 Proximam
288 2542 498 2612 compareant
522 2529 554 2590 in
579 2528 772 2591 consistorio
797 2526 963 2608 Zagrabie.

190 2637 251 2700 Pro
275 2637 418 2699 Embrelr
443 2636 481 2697 de
506 2636 641 2698 Planina
666 2649 714 2697 est
735 2634 905 2696 fideiussor
930 2631 1041 2696 Gurko
1066 2631 1294 2714 carpentarius.

190 2744 249 2807 Pro
273 2744 405 2806 Vrbano
430 2743 568 2806 Zochicz
593 2757 640 2806 est
663 2742 832 2805 fideiussor
857 2741 976 2803 Paulus
1000 2741 1119 2805 Vallas.

191 2851 249 2912 Pro
285 2850 459 2912 Valentino
494 2849 668 2933 jobagione
704 2849 837 2912 domine
871 2848 1070 2932 Bradasycze
1104 2860 1151 2909 est
1182 2844 1351 2908 fideiussor

86 2928 208 3030 Ga⁸par
229 2954 493 3042 Zoldinarychin.

190 3062 267 3126 ltem
291 3063 415 3145 primus
439 3063 553 3125 Marko
578 3064 618 3125 de
643 3062 905 3125 Kozthanewicz.

190 3167 266 3231 ltem
291 3168 455 3231 lohannes
478 3168 567 3231 faber
591 3170 631 3231 de
656 3169 781 3233 eadem.

191 3274 267 3338 ltem
293 3273 407 3338 Gurko
431 3275 596 3361 Borkolyn
621 3275 769 3338 similiter
797 3274 836 3336 de
862 3273 986 3337 eadem.

190 3379 265 3444 ltem
289 3381 345 3464 qui
369 3380 571 3464 juraverunt:

191 3484 265 3550 ltem
290 3488 396 3571 primo
422 3487 583 3571 Georgius
614 3488 654 3549 de
679 3487 901 3567 Banichewcz,
926 3499 961 3549 ut
984 3499 1083 3564 actor,
1108 3486 1140 3546 in
1165 3505 1218 3547 ara
1241 3497 1348 3546 sancte

77 3553 200 3674 effutis
227 3594 344 3676 juravit
375 3593 432 3656 tali
464 3596 564 3656 modo
596 3595 677 3657 sicut
710 3607 757 3656 est
788 3592 986 3656 consvetudo
1019 3591 1167 3671 civitatis,
1199 3602 1230 3653 et
1253 3590 1349 3652 ceteri

73 3677 230 3763 ”militer
252 3701 336 3764 sicut
357 3701 491 3784 primus.

192 3805 266 3869 ltem
290 3807 412 3870 Paulus
433 3806 560 3870 Wallas
577 3807 694 3889 juravit
716 3825 774 3889 pro
799 3826 832 3867 se
850 3818 881 3868 et
905 3804 1027 3867 familia
1045 3824 1101 3866 sua
1118 3805 1199 3866 sicut
1215 3804 1348 3886 primus.

193 3912 268 3977 Item
282 3914 405 3999 Symon
421 3913 615 3997 Strugarych
628 3914 667 3974 de
683 3912 862 3992 Pzarjewcz
875 3911 1023 3974 similiter
1040 3909 1157 3992 juravit
1171 3923 1205 3972 ut
1216 3910 1348 3991 primus.

191 4018 266 4083 ltem
291 4019 431 4083 Mathias
455 4020 494 4082 de
519 4021 683 4082 Petrowcz
711 4019 837 4101 juravit.

192 4124 266 4189 ltem
291 4126 484 4189 Valentinus
506 4127 545 4188 de
571 4128 783 4188 Paukowwar
807 4124 934 4207 juravit.

192 4231 267 4296 ltem
291 4233 484 4295 Valentinus
507 4233 547 4295 de
572 4233 707 4294 Planina
731 4231 858 4313 juravit.

192 4336 265 4402 Item
292 4337 431 4402 Michael
455 4339 494 4400 de
520 4339 669 4421 Bosyalro
693 4338 820 4419 juravit.

192 4442 266 4508 ltem
292 4445 439 4507 Thomas
462 4445 503 4508 de
528 4444 690 4525 Pzarjewa
714 4444 840 4525 juravit.

194 4550 266 4615 ltem
291 4552 442 4615 Vrbanus
465 4551 505 4614 de
529 4551 676 4614 Vrabcha
700 4550 826 4632 juravit.

193 4656 266 4721 ltem
292 4658 491 4722 Laurencius
515 4658 555 4720 de
579 4657 759 4738 Pzarjewcz
783 4657 909 4740 juravit.

99 4778 102 4783 ’
197 4761 267 4828 ltem
293 4765 486 4828 Ambrosius
510 4764 550 4826 de
575 4765 709 4826 Planina
733 4764 859 4845 juravit.

198 4867 270 4935 ltem
295 4873 445 4936 Vrbanus
468 4873 507 4935 de
531 4885 640 4934 sancta
665 4871 766 4934 Elena
795 4891 896 4954 prope
921 4872 1072 4955 Bosyako
1096 4871 1222 4952 juravit.

199 4973 271 5043 ltem
296 4978 417 5043 Kelecz
440 4979 481 5042 de
505 4979 642 5042 Planina
664 4977 789 5060 juravit.
