3142 5356
481 520 569 578 Anno
590 531 680 596 1505.
706 553 746 564 -
766 534 820 598 31.
844 518 978 581 octobn's.

525 732 679 794 Nicolaus
703 732 962 816 Kontheschyalr.

526 837 672 900 Thomas
695 852 795 902 sutor.

523 944 636 1007 Petrus
659 944 810 1008 carnifex.

518 1051 674 1115 Nicolaus
697 1065 787 1115 sutor
811 1053 849 1114 de
873 1052 1040 1115 suburbio.

518 1157 631 1221 Petrus
655 1179 754 1241 genet
778 1160 897 1222 Benak.

521 1265 676 1329 Nicolaus
698 1286 797 1348 gener
821 1265 918 1328 lwani
942 1264 1067 1347 judicis.

523 1372 717 1435 Benedictus
740 1385 852 1437 sartor.

522 1480 681 1565 Martinus
704 1499 826 1562 sporar.

526 1584 687 1667 Georgius
710 1585 840 1669 sellipar
863 1585 980 1647 minor.

522 1691 706 1756 Demetrius
730 1691 878 1776 Jaksych.

523 1797 683 1881 Georgius
707 1797 856 1863 carnifex.

522 1906 667 1968 Andreas
690 1904 789 1969 faber.

520 2013 660 2075 Michael
684 2033 804 2096 sporar.

521 2117 697 2201 Gregorius
720 2133 810 2183 sutor
833 2119 873 2180 de
898 2119 1065 2182 suburbio.

517 2228 667 2290 Vrbanus
691 2225 832 2309 pellifex.

333 2461 430 2541 Faria
459 2460 566 2541 tercia
594 2475 671 2558 post
699 2465 872 2540 Thiburcii
902 2465 1118 2545 contessoris

619 2618 684 2695 (18.
708 2622 838 2696 aprilis).

203 2761 380 2844 Gregorius
409 2776 498 2825 sutor
530 2775 640 2825 contra
673 2761 854 2824 Johannem
886 2761 1049 2823 literatum
1078 2759 1222 2824 secundo
1246 2761 1361 2822 citatus

62 2865 168 2926 ”On
189 2869 377 2952 comparuit.

201 2975 327 3038 Eodem
352 2975 405 3037 die
430 2995 525 3037 causa
549 2975 631 3036 inter
651 2974 814 3036 Andream
841 2972 1023 3036 carnificem
1040 2987 1071 3036 et
1095 2973 1263 3035 Elizabeth
1282 2992 1359 3035 uro·

60 3077 169 3139 rem
190 3062 325 3145 condam
350 3082 539 3144 wolsten
564 3082 692 3144 racione
725 3080 891 3142 cuiusdam
925 3079 1079 3142 furtrctntt
1113 3079 1263 3142 videncet
1284 3079 1359 3141 son-

60 3163 212 3250 dorum
236 3190 400 3271 sexaginta
424 3201 573 3270 quatuor,
594 3187 688 3269 jurati
706 3207 804 3271 penes
828 3187 998 3269 pecuniam
1023 3185 1161 3248 iuratam
1184 3207 1241 3270 per
1257 3187 1358 3268 ipsam

59 3287 266 3358 mulierem
300 3315 365 3358 non
399 3309 546 3377 negatam
581 3308 613 3357 et
643 3294 728 3376 apud
762 3295 862 3376 ipsam
895 3307 1093 3376 compertam
1125 3292 1360 3375 adjudicarunt,

59 3391 187 3460 cll-locl
210 3402 322 3464 eadem
347 3401 444 3464 debet
467 3401 507 3464 ad
533 3401 680 3463 eculeum
697 3401 790 3483 ligari
816 3415 846 3462 et
862 3413 973 3483 postea
999 3419 1072 3462 cum
1097 3399 1195 3481 virgis
1219 3398 1258 3460 de
1283 3398 1359 3460 civi·

58 3490 168 3562 ute
186 3509 317 3592 turpiter
333 3509 469 3592 expelli3
493 3508 624 3570 tandem
641 3510 682 3569 ad
698 3508 893 3590 peticionem
910 3509 1087 3589 proborum
1111 3506 1253 3568 virorum
1272 3524 1358 3567 com-

64 3603 236 3677 munitas
260 3615 336 3678 fecit
359 3617 419 3678 sibi
451 3615 603 3698 graciam,
636 3615 677 3676 ita
709 3629 828 3694 tamen,
862 3613 999 3696 quodsi
1025 3613 1103 3676 alias
1135 3614 1167 3675 in
1191 3612 1247 3674 tali
1271 3630 1358 3674 com·

65 3708 358 3784 restituerint
383 3722 463 3784 illud
488 3721 549 3783 sibi
573 3721 708 3783 minime
733 3733 889 3803 parcetur.

300 3959 396 4033 leria
424 3970 522 4033 sexta
551 3959 583 4032 in
615 3961 735 4049 vigilia
764 3957 917 4031 Omnium
945 3959 1156 4030 Sanctorum.

622 4126 683 4191 (31.
708 4111 850 4178 octobris).

101 4330 112 4343 ⁸
202 4255 305 4319 Causa
331 4255 414 4318 inter
437 4255 606 4317 dominum
628 4255 830 4317 Anthonium
848 4254 1097 4338 prebendarium
1123 4267 1154 4315 et
1179 4251 1357 4333 Georgium

79 4329 254 4447 'luctatum
280 4363 409 4425 racione
433 4362 648 4446 percussionis
677 4361 844 4423 lamiliaris
875 4363 923 4423 sui
950 4362 981 4422 in
1007 4361 1106 4422 domo
1130 4380 1186 4421 sua
1211 4373 1242 4420 et
1266 4357 1357 4420 inho·

95 4455 287 4532 nestacionis
310 4489 377 4548 sue,
410 4468 504 4551 jurati
537 4467 772 4549 adjudicarunt,
806 4468 894 4550 quod
928 4469 996 4550 ipse
1031 4465 1191 4546 Georgius
1214 4465 1358 4526 literatus

101 4564 160 4665 {³¹0
179 4577 381 4658 percussione
407 4575 574 4638 familiaris
594 4575 720 4636 veniam
740 4589 847 4658 petere
873 4575 968 4636 debet
992 4593 1064 4635 cum
1090 4573 1183 4634 bonis
1207 4572 1293 4651 viris,
1317 4571 1356 4634 de

107 4672 225 4745 talama
250 4702 327 4745 vero
352 4681 470 4760 nichil;
494 4683 527 4745 in
551 4682 613 4745 hoc
636 4682 812 4764 appellavit
836 4682 875 4742 ad
901 4681 1055 4743 seniores.

198 4789 303 4853 Causa
328 4790 409 4852 inter
432 4789 642 4852 Valentinum
668 4788 825 4851 decanum
844 4803 875 4850 et
900 4787 1063 4850 Matheum
1083 4784 1273 4848 familiarem
1300 4784 1355 4847 do·

115 4891 182 4958 mine
194 4896 368 4959 Karberine
381 4897 509 4960 racione
522 4896 764 4957 'vulneracionis
782 4895 949 4956 cuiusdam
967 4913 1061 4956 vacce
1085 4893 1195 4955 nonin
1215 4893 1356 4974 dampno

114 5014 263 5085 repertam,
287 5002 380 5087 jurati
405 5002 682 5086 adjudicaverunt,
706 5002 794 5085 quod
818 5003 885 5087 ipsa
919 5021 1014 5066 vacca
1039 5000 1135 5067 cedat
1155 4999 1274 5088 iudici,
1293 5020 1368 5088 pre·
