3156 5364
650 357 736 413 Anno
758 352 851 434 1436.
1321 375 1380 438 295

119 588 155 630 ac
179 586 271 629 secus
295 567 381 629 viam
405 586 614 629 communem
637 565 791 645 habitam,
814 565 928 628 decem
946 567 1047 630 dietas
1070 582 1151 630 terre
1176 569 1208 629 in
1232 588 1265 630 se
1283 570 1383 631 conti-

120 688 264 753 nentem,
287 673 394 735 Blasio
410 671 514 755 jurato
531 671 601 735 filio
617 672 709 735 Pauli
730 691 768 733 ex
792 691 950 734 consensu
967 673 1147 735 vicinorum
1164 673 1382 756 predictorum

121 794 155 842 et
178 800 216 842 ex
233 780 445 863 permissione
468 778 627 842 dictorum
645 779 731 841 Luce
750 791 781 841 et
798 777 931 858 Georgii
948 778 1146 841 Croacorum
1171 779 1384 843 vendiderunt

120 900 152 948 et
176 905 235 948 uos
260 883 522 948 confirmavimus
545 884 788 968 privilegialiter
811 899 968 967 perpetuo
992 880 1232 968 possidendam.

226 991 304 1053 item
328 991 436 1054 totalis
459 991 571 1073 porcio
593 990 721 1071 domus,
739 989 842 1070 fundi,
866 991 974 1052 celarii
998 993 1196 1053 subterranei
1214 1007 1245 1055 et
1267 991 1380 1055 hedifi-

121 1098 257 1177 ciorum‚
280 1098 392 1180 porcio
415 1097 537 1159 scilicet
560 1096 726 1159 Benedicti
758 1096 849 1158 aliter
873 1097 975 1159 hensa
1007 1098 1112 1160 vocati
1137 1097 1194 1160 filii
1218 1099 1310 1161 Pauli
1334 1100 1382 1178 ju·

122 1205 181 1266 rati
207 1204 283 1266 dicti
310 1203 537 1287 Zydowchicb,
566 1203 599 1264 in
627 1204 777 1285 contigua
802 1203 964 1266 vicinitate
996 1203 1122 1284 domus,
1148 1202 1250 1284 fundi,
1274 1207 1382 1268 celarii

120 1326 152 1372 et
177 1309 398 1372 hedificiorum
423 1310 552 1371 Martini
577 1310 707 1372 sartoris
731 1308 787 1371 filii
817 1310 915 1371 Marci
947 1312 1057 1391 generi
1082 1312 1182 1393 ipsius
1205 1312 1298 1374 Pauli
1323 1314 1383 1398 Zy-

124 1415 303 1495 dowchich‚
339 1435 376 1476 ex
400 1413 571 1478 sufficienti
604 1415 703 1498 ipsius
726 1416 855 1477 Martini
886 1417 1015 1478 sartoris
1048 1419 1318 1500 comprobacione
1350 1419 1383 1480 in

121 1526 254 1585 katerno
279 1537 389 1584 nostro
406 1522 571 1585 communi
596 1520 739 1602 judiciali
757 1505 955 1603 consignata,
979 1522 1085 1584 eidem
1108 1523 1246 1586 Martiuo
1270 1525 1384 1586 sartori

120 1629 365 1712 privilegialiter
396 1640 552 1710 perpetuo
588 1640 634 1689 est
673 1625 861 1689 confirmata
892 1627 1098 1709 perhenniter
1129 1629 1322 1712 possidenda
1354 1646 1386 1695 et

119 1735 429 1819 quomodocumque
454 1733 593 1796 voluerit
617 1733 830 1816 disponenda.

227 1842 304 1905 Item
329 1840 475 1903 Thomas
497 1838 584 1902 filius
609 1840 694 1901 Iwan
719 1838 777 1902 filii
802 1841 961 1923 Dyonisii‚
986 1842 1192 1904 medietatem
1217 1842 1384 1905 cuiusdam

120 1948 212 2011 fundi
245 1947 338 2009 vacui
370 1960 401 2009 et
432 1944 589 2008 hedificiis
618 1947 748 2029 penitus
779 1946 921 2009 destituti
932 1949 947 2026 ‚'
972 1948 1004 2009 in
1036 1947 1120 2010 dicta
1151 1948 1278 2011 civitate
1303 1949 1385 2012 inter

121 2055 237 2116 domos
261 2067 292 2115 et
315 2051 432 2116 fundos
450 2052 583 2134 Agnetis
599 2052 708 2116 relicte
726 2053 888 2114 Dominici
907 2053 1077 2115 Marsetich
1095 2067 1127 2116 et
1144 2054 1284 2117 Ladisiai
1301 2056 1384 2118 auri-

121 2161 203 2223 fabri
229 2160 339 2238 habiti,
363 2159 551 2242 porcionem
576 2158 727 2221 videlicet
754 2179 856 2239 suam,
888 2179 986 2221 unam
1009 2174 1156 2241 quartam
1182 2161 1268 2223 curie
1294 2161 1326 2222 io
1350 2181 1384 2224 se

120 2267 351 2346 continentem,
376 2266 469 2327 Petro
495 2265 651 2347 Hungaro
675 2265 778 2346 jurato
802 2264 870 2327 filio
902 2266 992 2327 Pauli
1017 2266 1143 2349 pridem
1167 2265 1278 2348 judici,
1308 2286 1384 2330 con·

121 2373 183 2436 civi
217 2386 338 2451 nostro,
371 2371 486 2453 partim
511 2371 656 2433 vendidit
683 2385 714 2432 et
745 2372 859 2452 partim
883 2372 1066 2455 propinavit
1097 2387 1251 2456 perpetuo
1284 2373 1384 2457 possi·

120 2479 272 2543 dendam.

227 2585 305 2647 item
330 2584 475 2646 Thomas
506 2583 627 2665 juratus
658 2582 743 2645 filius
772 2583 897 2663 Choni,
929 2584 1092 2665 quendam
1117 2583 1255 2648 fundum
1285 2606 1382 2649 suum

119 2711 257 2754 vacuum
281 2705 313 2754 et
347 2689 504 2753 hedificiis
528 2690 656 2772 penitus
687 2689 874 2752 destitutum
906 2690 938 2751 in
971 2690 1098 2753 civitate
1126 2692 1268 2773 predicta
1301 2693 1384 2755 inter

120 2796 238 2859 fundos
262 2812 293 2860 et
317 2797 421 2859 curias
438 2796 615 2858 liberorum
639 2795 777 2858 condam
794 2796 878 2858 Petri
895 2796 988 2877 jurati
1012 2797 1088 2858 dicti
1113 2798 1233 2883 Zablya
1257 2813 1289 2861 et
1304 2799 1383 2860 libe·

120 2922 229 2965 rorum
254 2903 410 2965 Johannis
435 2903 536 2986 Bolye
559 2901 718 2982 habitum,
742 2903 883 2964 mediam
900 2903 1020 2964 curiam
1046 2905 1128 2965 inse
1153 2905 1384 2986 continentem,

120 3010 255 3072 Nicolao
279 3009 377 3090 judici
402 3023 512 3071 nostro
537 3009 694 3071 moderno
719 3009 865 3070 vendidit
892 3024 1049 3091 perpetuo
1073 3011 1316 3093 possidendum.

227 3117 305 3178 item
338 3115 500 3177 Johannes
530 3129 632 3177 sartor
665 3113 749 3176 filius
781 3115 906 3176 Nicolai
939 3115 1147 3199 Dragsetych‚
1172 3116 1326 3179 directam
1351 3132 1382 3180 et

121 3223 269 3306 equalem
286 3223 492 3285 medietatem
510 3221 676 3283 cuiusdam
695 3221 812 3282 domus
835 3242 891 3283 sue
908 3236 939 3284 et
963 3220 1055 3283 fundi
1070 3243 1108 3284 ac
1125 3222 1231 3285 celarii
1256 3225 1382 3286 subter-

123 3331 211 3392 ranei
236 3350 271 3391 ac
294 3327 519 3392 hedificiorum
553 3329 586 3389 in
616 3328 688 3389 vico
720 3327 857 3389 civitatis
881 3328 1029 3390 exteriori
1060 3347 1117 3390 seu
1140 3329 1246 3411 platea
1271 3329 1381 3392 Theu-

121 3437 276 3500 thooicali
302 3437 384 3498 inter
416 3434 534 3497 fundos
565 3449 596 3496 et
628 3433 743 3495 domos
767 3433 930 3496 Valentini
955 3435 1117 3516 arcuparis
1147 3448 1178 3496 et
1202 3434 1382 3498 Clementis

121 3541 269 3626 pellificis
301 3542 419 3621 habite,
450 3542 592 3604 mediam
623 3541 744 3602 curiam
773 3541 805 3601 in
829 3560 862 3602 se
894 3541 1098 3618 continentis,
1132 3562 1228 3603 unam
1261 3542 1383 3606 scilicet

120 3648 349 3712 tantummodo
373 3663 520 3729 quartam
537 3648 624 3709 curie
650 3648 680 3708 in
706 3667 738 3708 se
771 3648 1002 3725 continentem,
1027 3648 1120 3708 Petro
1145 3648 1293 3710 barberio
1324 3668 1382 3710 seu

121 3755 335 3818 barbitonsori
369 3754 437 3816 filio
470 3754 635 3832 Johannis‚
668 3768 777 3816 nostro
808 3754 955 3815 similiter
988 3754 1124 3830 concivi,
1156 3774 1193 3814 ex
1225 3774 1382 3817 consensu

121 3862 301 3923 vicinorum
326 3860 545 3942 predictorum
570 3859 716 3920 vendidit
739 3874 895 3941 perpetuo
920 3859 1159 3942 possidendam.

230 3967 307 4030 item
333 3967 458 4029 Blasius
481 3964 566 4028 filius
583 3967 674 4027 Pauli
700 3965 863 4029 Charanth
888 3980 918 4028 et
935 3965 1126 4048 Magdalena
1151 3966 1242 4028 aliter
1265 3967 1382 4046 Magda

120 4087 232 4137 vocata
258 4094 389 4136 consors
417 4073 561 4135 eiusdem
580 4073 670 4134 Pauli
689 4072 969 4149 Charanthowich‚
987 4073 1191 4135 medietatem
1216 4074 1381 4136 cuiusdam

120 4180 247 4259 domus,
265 4178 368 4259 fundi,
385 4180 494 4242 ceiarii
516 4195 546 4241 et
563 4178 786 4241 hedificiorum
806 4181 837 4241 in
855 4180 982 4242 civitate
999 4178 1140 4262 predicta
1158 4180 1240 4241 inter
1267 4179 1383 4242 domos

120 4285 252 4366 Georgii
277 4285 334 4347 filii
351 4286 485 4369 predicti
504 4286 593 4347 Pauli
618 4301 648 4347 et
669 4286 797 4347 Thome
822 4287 862 4347 de
882 4286 1039 4348 Grathsan
1056 4285 1175 4365 habite,
1199 4306 1296 4348 unam
1313 4300 1381 4348 tan-

119 4392 291 4454 tummodo
316 4406 462 4473 quartam
487 4392 573 4454 curie
598 4392 680 4452 inse
705 4392 935 4471 continentem,
953 4393 1140 4454 auctoritate
1164 4392 1382 4454 commissario

119 4497 333 4560 vendiderunt
357 4497 491 4561 domino
517 4498 667 4559 Ladislao
691 4499 831 4580 plebano
856 4498 896 4560 de
921 4500 1068 4561 Zanabor
1092 4512 1124 4560 et
1147 4497 1289 4579 Georgio
1314 4497 1381 4561 filio

118 4605 281 4667 Valentini
306 4605 413 4686 nepoti
439 4604 538 4686 ipsius
562 4604 685 4665 domini
710 4604 849 4665 Ladislai
875 4619 1028 4687 perpetuo
1054 4604 1291 4687 possidendam.

227 4710 306 4771 Item
333 4711 464 4771 domina
491 4711 590 4772 Elena
617 4709 681 4771 filia
714 4709 851 4772 condam
878 4711 1006 4793 Mathye
1039 4711 1077 4771 de
1102 4710 1269 4772 Kralewch
1305 4730 1381 4771 con·

118 4835 187 4880 sors
212 4816 297 4881 Petri
321 4817 450 4882 sartoris
482 4815 538 4879 filii
565 4816 730 4904 Stephani,
763 4817 925 4903 quandam
956 4831 1079 4902 partem
1104 4816 1268 4882 cuiusdam
1300 4830 1381 4881 terre
