3156 5364
697 345 784 403 Am
806 355 895 422 1457·
1365 362 1425 424 305

162 554 298 640 kowych
326 575 361 617 ac
388 555 539 638 Symonis
563 555 603 617 de
628 554 761 616 Rabocb
789 555 909 635 habita,
932 554 1017 635 juxta
1043 568 1192 617 contenta
1216 555 1307 618 litere
1329 556 1428 638 privi-

163 661 300 742 legialis,
324 681 396 723 cum
421 661 485 722 suis
517 662 723 743 pertinenciis
746 662 882 724 Nicolao
914 662 1040 724 literato
1064 660 1132 723 lilio
1157 662 1266 723 Jacobi
1299 663 1423 724 concivi

162 781 272 829 nostro
298 767 385 829 affini
412 769 510 851 ipsius
536 769 627 850 Elye‚
652 789 708 852 per
732 769 870 830 eundem
896 769 1010 852 Elyam
1039 769 1154 851 partim
1180 782 1226 830 est
1250 769 1367 830 donata
1396 783 1427 830 et

162 892 220 954 pro
244 875 352 955 precio
376 875 491 955 partim
516 875 648 937 vendita
673 873 877 957 perhenniter
899 874 1104 958 possidenda,
1129 889 1160 937 et
1183 876 1356 957 superinde
1380 888 1428 938 est

162 979 253 1042 litera
277 996 424 1043 emanata
449 984 507 1043 sub
527 981 685 1064 'pendenti
711 981 820 1063 sigillo
846 982 1095 1045 communitatis.

269 1086 347 1149 ltem
372 1087 557 1149 Anthonius
580 1086 666 1149 filius
687 1087 818 1167 Cosme,
843 1108 902 1170 pto
925 1102 1001 1149 tunc
1018 1102 1127 1150 noster
1151 1088 1303 1166 concivis,
1327 1107 1429 1169 quan·

162 1190 238 1253 dam
262 1192 396 1254 domum
423 1213 514 1255 suam
531 1213 604 1255 cum
630 1192 731 1255 lundo
756 1208 787 1256 et
803 1192 960 1255 hedificiis
984 1195 1016 1256 in
1034 1194 1162 1256 civitate
1186 1194 1329 1276 predicta
1347 1193 1430 1255 inter

161 1297 278 1361 domos
301 1300 464 1362 Valentini
490 1299 582 1379 jurati
607 1313 638 1362 et
663 1299 792 1383 Mathye
816 1301 945 1363 sartoris
969 1301 1122 1378 habitam,
1147 1300 1288 1362 mediam
1306 1300 1427 1361 curiam

163 1405 194 1465 in
220 1426 253 1467 se
278 1407 509 1484 continentem,
542 1405 665 1489 prelato
691 1407 827 1468 Nicolao
859 1407 986 1469 literato
1010 1405 1078 1468 filio
1111 1407 1210 1489 ipsius
1234 1407 1346 1467 Jacobi
1370 1426 1429 1488 pro

161 1526 246 1572 certa
270 1513 479 1593 pecuniarum
505 1513 682 1594 quantitate
707 1513 852 1574 vendidit
876 1528 1032 1595 perpetuo
1057 1512 1285 1594 possidendam
1321 1526 1352 1572 et
1375 1532 1426 1573 su·

161 1618 295 1699 perinde
320 1633 366 1680 est
390 1619 481 1680 litera
505 1620 564 1680 sub
589 1618 741 1700 pendenti
766 1619 873 1700 sigillo
898 1619 1138 1680 communitatis
1162 1632 1323 1680 emanata.

269 1724 346 1786 ltem
365 1723 540 1786 Katherina
564 1725 673 1786 relicta
692 1724 830 1786 condam
849 1725 1047 1806 Sigismundi
1065 1725 1171 1806 jurati,
1188 1743 1273 1785 nunc
1298 1743 1429 1787 consors

162 1829 320 1909 legittima
338 1830 468 1912 Mathye
485 1831 614 1909 Furias,
633 1831 798 1912 quoddam
816 1830 912 1892 lenile
929 1851 1023 1892 suum
1047 1850 1104 1892 seu
1121 1845 1246 1913 pratum
1264 1831 1296 1892 in
1314 1850 1428 1912 campo

162 1935 298 1997 civitatis
322 1936 463 2018 predicte
498 1937 580 1998 ultra
613 1935 747 1998 fluvium
778 1936 1007 2020 Kaliuowycza
1040 1950 1200 2014 vocatum,
1225 1936 1307 1998 inter
1330 1950 1429 1998 terras

161 2055 226 2102 tam
252 2043 291 2103 ab
316 2041 509 2104 occidentali
535 2062 632 2124 quam
657 2042 806 2104 orientali
831 2057 862 2103 et
886 2043 1091 2104 meridionali
1117 2043 1260 2124 partibus
1284 2042 1427 2103 eiusdem

162 2148 293 2209 domine
319 2148 504 2227 Katherine,
529 2168 564 2210 ac
589 2149 670 2210 inter
702 2147 835 2209 fluvium
861 2149 1088 2233 Kaliuowycza
1113 2162 1262 2209 vocatum
1287 2161 1318 2209 et
1342 2147 1426 2208 viam

161 2273 370 2317 communem
395 2275 412 2316 a
432 2255 661 2337 septemtrione
678 2254 835 2333 habitum,
860 2275 934 2316 cum
950 2255 1015 2316 suis
1032 2254 1238 2336 pertinenciis
1262 2253 1427 2315 Demetrio

162 2360 267 2441 jurato
292 2361 450 2423 moderno
485 2360 552 2423 filio
577 2362 732 2423 iohannis
756 2381 814 2443 pro
839 2377 923 2423 certa
952 2362 1161 2442 pecuniarum
1187 2361 1364 2442 quantitate
1388 2379 1426 2420 ex

162 2486 322 2529 consensu
347 2467 481 2549 predicti
508 2467 637 2552 Mathye
663 2467 781 2529 Farkas
802 2467 947 2529 vendidit
964 2481 1120 2549 perpetuo
1137 2466 1367 2548 possidendum
1397 2480 1427 2528 et

161 2572 333 2655 superinde
358 2587 404 2634 est
427 2574 518 2635 litera
543 2575 601 2635 sub
626 2574 779 2655 pendenti
804 2573 912 2655 sigillo
937 2573 1177 2635 communitatis
1202 2585 1359 2633 emanata.

267 2680 347 2741 ltem
372 2679 528 2742 medietas
552 2679 719 2742 cuiusdam
752 2679 880 2759 domus,
913 2678 1016 2756 fundi,
1039 2678 1147 2740 celarii
1173 2677 1371 2739 subterranei
1396 2690 1427 2738 et

163 2784 386 2848 hedificiorum
412 2788 443 2848 in
469 2787 552 2849 dicta
577 2788 705 2849 civitate
735 2787 818 2850 inter
850 2787 965 2848 domos
989 2800 1020 2848 et
1051 2785 1170 2848 fundos
1195 2785 1328 2866 Georgii
1352 2784 1425 2845 luti·

160 2892 250 2974 liguli
274 2913 310 2955 ac
335 2892 420 2955 Galli
445 2908 476 2954 et
501 2893 627 2955 Crisani
653 2894 692 2954 de
719 2893 850 2976 Dedych
876 2893 995 2969 habite,
1027 2912 1123 2952 unam
1147 2905 1293 2973 quartam
1318 2904 1349 2952 et
1373 2909 1424 2951 oc·

159 3014 265 3061 ravam
290 3001 377 3061 curie
402 3000 433 3061 in
466 3020 498 3061 se
524 3000 703 3076 continens,
727 2998 864 3062 Crisano
888 2999 1070 3061 Nedelkoni
1104 3012 1150 3060 est
1182 2997 1425 3079 privilegialiter

159 3107 218 3168 sub
246 3106 401 3187 pendenti
426 3106 533 3187 sigillo
562 3106 802 3167 communitatis
833 3103 1032 3183 confirmata,
1056 3105 1142 3166 salva
1167 3104 1228 3165 alia
1253 3103 1424 3165 medietate

159 3211 303 3274 eiusdem
329 3212 456 3290 domus,
482 3210 584 3289 fundi,
622 3212 729 3273 celarii
761 3226 792 3273 et
819 3210 1054 3287 hedificiorum‚
1086 3229 1182 3270 unam
1215 3209 1426 3271 consimiliter

159 3333 304 3400 quartam
330 3332 361 3380 et
377 3332 522 3380 octavam
548 3319 635 3379 curie
653 3318 684 3379 in
702 3339 734 3380 se
760 3319 956 3396 continente,
973 3336 1070 3398 quam
1095 3317 1198 3378 Lucas
1220 3315 1324 3377 cultor
1340 3313 1425 3376 filius

160 3425 278 3487 Cosme
303 3424 478 3486 literatorie
503 3423 681 3486 dinoscitur
705 3424 879 3506 possidere.

265 3530 344 3592 Item
369 3531 524 3591 medietas
548 3531 716 3593 cuiusdam
741 3530 869 3609 domus,
893 3528 997 3606 fundi,
1027 3528 1200 3609 celariique
1225 3525 1423 3588 subterranei

158 3650 189 3698 et
213 3635 435 3698 hedificiorum
461 3637 493 3698 in
519 3637 589 3698 vico
615 3637 762 3699 exteriori
787 3637 869 3697 inter
894 3636 1028 3697 domurn
1047 3634 1176 3696 Thome
1200 3632 1368 3714 freniparis
1392 3645 1424 3693 et

159 3743 291 3824 Georgii
317 3743 487 3821 sellatoris,
510 3763 547 3804 ac
572 3744 654 3804 inter
678 3742 814 3804 domum
840 3756 871 3804 et
895 3741 1030 3803 fundum
1061 3740 1224 3802 colendini
1250 3737 1424 3800 confrater·

157 3850 266 3911 nitatis
289 3850 538 3930 presbiterorum
565 3848 683 3927 habite,
717 3868 813 3909 unam
839 3862 985 3929 quartam
1019 3847 1105 3908 curie
1130 3847 1161 3907 in
1188 3866 1220 3906 se
1245 3845 1424 3920 continens,

158 3976 214 4037 per
240 3955 449 4017 Katherinam
475 3955 644 4016 mulierem
679 3954 771 4017 aliter
796 3954 915 4015 Malina
949 3967 1107 4031 vocatam,
1131 3951 1297 4013 Anthonio
1322 3950 1423 4012 sutori

158 4059 226 4123 filio
251 4061 336 4122 lwan
362 4061 401 4122 de
428 4061 613 4122 Dankowch
646 4075 676 4121 et
700 4060 814 4121 Vrsule
847 4059 911 4120 filie
944 4060 1073 4142 Mathye
1111 4058 1249 4120 consorti
1275 4056 1422 4117 eiusdem

159 4167 315 4228 Anthonii
340 4167 496 4247 legittime
521 4181 566 4228 est
595 4168 789 4228 verbotenus
817 4166 921 4246 legata
946 4180 977 4226 et
993 4164 1235 4247 privilegialiter
1259 4165 1319 4224 sub
1344 4181 1424 4244 pen·

158 4274 245 4335 denti
270 4274 378 4354 sigillo
403 4273 644 4335 communitatis
668 4271 864 4334 confirmata.

263 4379 341 4441 ltem
366 4380 506 4461 quedam
531 4381 624 4441 vinea
650 4381 681 4440 in
706 4380 867 4440 territorio
900 4378 1038 4439 civitatis
1063 4377 1144 4437 inter
1168 4377 1279 4436 vineas
1303 4375 1421 4435 libero-

157 4506 227 4547 rum
262 4487 399 4548 condam
435 4487 532 4547 Lucie
565 4487 673 4547 relicte
713 4485 849 4546 condam
884 4484 967 4545 Petri
1002 4482 1146 4562 Hungari
1184 4495 1213 4541 et
1246 4481 1420 4541 liberorum

155 4591 292 4655 condam
320 4592 458 4653 Emerici
492 4590 548 4652 filii
575 4590 728 4672 Stephani
761 4589 880 4665 habita,
913 4589 1049 4669 desuper
1081 4587 1171 4648 avia
1198 4584 1363 4647 communi
1390 4597 1421 4644 et

155 4697 236 4759 infra
269 4718 368 4779 usque
402 4699 497 4757 aliam
523 4697 607 4757 viam
640 4715 846 4757 communem
879 4695 955 4776 ipsis
987 4695 1088 4754 vineis
1119 4713 1175 4753 seu
1211 4690 1420 4772 porcionibus

154 4803 334 4864 vinealibus
358 4803 593 4864 deservientem
619 4822 652 4863 se
677 4800 862 4879 extendens,
886 4820 942 4882 per
973 4800 1116 4860 Marcum
1142 4797 1243 4859 filium
1271 4796 1354 4857 iwan
1380 4794 1420 4856 de

1314 4904 1354 4945 20
