3156 5364
687 380 774 437 Anno
796 389 887 456 1437.
1359 401 1419 464 303

259 587 337 649 ltem
372 588 473 649 Elena
504 588 621 649 mulier
651 586 761 649 relicta
797 589 934 650 condam
967 590 1058 652 Pauli
1089 592 1206 653 sutoris
1238 591 1420 674 Kerpanich

151 692 231 754 dicti
256 693 313 754 filii
339 692 483 775 Georgii,
521 713 607 755 nunc
630 713 761 755 consors
785 693 941 776 legittima
969 697 1098 758 Andrce
1122 698 1239 759 sutoris
1262 696 1318 759 filii
1343 697 1417 760 Cle·

152 800 280 877 mentis,
305 799 467 882 quandam
502 800 628 862 vineam
660 819 751 861 suam
777 801 838 862 sibi
870 821 926 884 per
949 801 1107 885 prelatum
1133 804 1270 866 Paulum
1296 805 1417 887 Kerpa·

152 906 227 968 nich
252 906 516 969 testamentaliter
539 906 691 986 legatam,
720 907 752 968 in
783 908 945 970 territorio
969 909 1107 972 civitatis
1132 910 1213 972 inter
1237 911 1346 972 vineas
1370 931 1417 973 re·

155 1014 230 1075 licte
263 1013 417 1095 Stephani
450 1013 595 1075 Perstecz
629 1027 660 1074 et
684 1013 816 1095 Georgii
846 1015 886 1075 de
920 1015 1084 1099 Pobresya,
1111 1016 1263 1096 habitam,
1296 1016 1420 1100 prelato

154 1119 286 1181 Andree
316 1118 418 1181 sutori
449 1119 584 1180 domino
617 1131 648 1180 et
680 1120 795 1182 marito
827 1140 886 1182 suo
912 1120 1071 1201 legittimo
1103 1121 1236 1183 donavit
1267 1136 1422 1205 perpetuo

155 1226 397 1309 possidendam,
420 1238 450 1287 et
473 1224 646 1306 superinde
671 1239 719 1286 est
740 1225 831 1288 litera
854 1227 914 1288 sub
930 1227 1085 1308 pendenti
1109 1227 1218 1308 sigillo
1243 1229 1423 1290 communi·

151 1332 225 1394 tatis
249 1330 493 1414 privilegialiter
515 1343 674 1393 emanata.

260 1453 337 1515 ltem
371 1454 521 1536 magister
546 1454 692 1515 Matheus
724 1453 808 1514 filius
836 1455 922 1517 Luce
953 1454 1010 1517 lilii
1043 1457 1134 1517 Rade
1170 1456 1357 1519 scolasticus
1391 1472 1422 1519 et

154 1559 299 1622 notarius
331 1572 456 1638 noster,
487 1579 524 1620 ac
557 1559 657 1641 proba
689 1559 821 1621 domina
854 1560 979 1642 Agatha
1012 1581 1143 1623 consors
1172 1582 1228 1624 sua
1253 1563 1422 1644 legittima,

154 1665 363 1728 medietatem
396 1665 563 1727 cuiusdam
587 1664 696 1747 (h)orti
728 1665 777 1727 sui
809 1664 895 1746 juxta
927 1680 1025 1728 terras
1049 1668 1185 1730 arabiles
1209 1669 1267 1730 viri
1291 1669 1422 1751 providi

156 1772 323 1834 Michaelis
348 1772 472 1855 pridem
496 1771 610 1853 judicis
633 1770 690 1833 filii
716 1772 906 1850 Sebastiani,
942 1794 978 1835 ac
1002 1775 1069 1835 vias
1093 1794 1282 1836 communes
1306 1775 1418 1852 habiti,

156 1893 287 1960 aparte
312 1879 434 1939 viarum
468 1877 691 1939 communium
724 1877 877 1957 habitam,
902 1879 1008 1940 Blasio
1040 1878 1172 1962 pellifici
1198 1879 1264 1943 filio
1291 1881 1422 1964 Mathye

155 2006 214 2068 pro
239 1986 350 2047 decem
376 1999 406 2047 et
429 1998 503 2046 octo
528 1983 597 2046 flor.
623 1985 691 2046 auri
722 1986 936 2047 vendiderunt
960 2001 1117 2068 perpetuo
1141 1987 1367 2069 possidendam
1393 2001 1424 2048 et

153 2093 328 2174 superinde
352 2092 457 2154 eidem
484 2091 591 2152 Blasio
616 2088 745 2173 pellifici
770 2091 861 2152 litera
887 2091 1097 2173 privilegialis
1122 2107 1168 2155 est
1193 2109 1338 2154 emanata
1362 2094 1422 2153 sub

154 2199 308 2281 pendenti
333 2197 440 2279 sigillo
465 2196 716 2259 communitatis.

262 2322 340 2384 ltem
365 2319 490 2402 Agatha
520 2320 636 2381 mulier
666 2318 730 2381 lilia
756 2320 922 2383 Benedicti
954 2341 1044 2383 soror
1069 2321 1153 2384 Petri
1178 2321 1303 2405 pridem
1327 2322 1423 2402 jurati

154 2428 230 2490 dicti
258 2427 387 2510 Sablya,
411 2427 575 2508 quandam
601 2426 728 2488 vineam
757 2446 846 2488 suam
873 2427 904 2487 in
937 2427 1097 2489 territorio
1122 2441 1231 2489 nostro
1256 2428 1287 2489 in
1314 2442 1423 2490 monte

154 2535 239 2596 lsecz
267 2548 381 2596 vocato
407 2533 489 2595 inter
521 2533 631 2594 vineas
663 2532 838 2594 liberorum
873 2533 1010 2595 condam
1035 2534 1164 2597 Andree
1197 2535 1340 2596 Kasaren
1365 2554 1422 2617 per

154 2653 256 2701 metas
280 2640 432 2701 arborum
457 2639 604 2700 crucibus
635 2639 832 2719 signatarum
862 2654 892 2701 et
923 2641 1005 2702 inter
1028 2641 1156 2702 vineam
1181 2641 1277 2702 lwani
1303 2640 1418 2704 Corin·

154 2746 235 2809 tiani
259 2765 315 2828 per
339 2744 504 2827 quoddam
529 2743 684 2806 fossatum
709 2763 766 2805 seu
789 2745 958 2807 decursum
983 2766 1066 2828 aque
1091 2746 1241 2827 pluvialis
1265 2745 1419 2825 habitam,

153 2852 291 2934 desuper
307 2872 324 2912 a
342 2851 457 2914 vertice
475 2850 594 2912 montis
611 2848 691 2911 infra
711 2870 812 2932 usque
830 2851 963 2913 fiuvium
980 2872 1013 2912 se
1031 2851 1267 2929 extendentem,
1287 2852 1346 2913 sibi
1364 2872 1421 2934 per

154 2955 313 3040 prefatum
345 2957 475 3019 Petrum
507 2956 646 3038 juratum
686 2959 951 3020 testamentaliter
984 2958 1139 3040 legatam,
1173 2957 1311 3019 Johanni
1356 2957 1423 3020 filio

155 3063 254 3125 Blasii
278 3064 317 3124 de
343 3063 507 3146 Byztticza
533 3082 592 3145 pro
616 3083 670 3123 sex
694 3061 764 3124 flor.
789 3063 934 3125 vendidit
958 3079 1113 3146 perpetuo
1139 3063 1367 3145 possidendam
1392 3077 1423 3126 et

155 3169 330 3252 superinde
355 3169 461 3231 eidem
486 3169 625 3230 Johanni
644 3182 690 3231 est
714 3168 804 3231 litera
829 3170 1039 3252 privilegialis
1055 3171 1114 3231 sub
1139 3168 1292 3252 pendenti
1317 3169 1424 3250 sigillo

154 3277 396 3339 communitatis
421 3290 578 3339 emanata.

264 3400 340 3462 ltem
374 3400 531 3461 Martinus
562 3400 684 3479 juratus
715 3400 799 3463 filius
831 3401 975 3480 Nicolai,
1011 3401 1218 3464 medietatem
1250 3402 1420 3464 cuiusdam

157 3506 276 3568 domus
308 3525 363 3567 sue
396 3520 519 3568 mutate
552 3521 582 3569 et
614 3504 706 3568 fundi
738 3528 774 3569 ac
803 3506 1024 3569 hedificiorum
1058 3521 1174 3568 rectam
1201 3521 1232 3568 et
1264 3508 1424 3590 equalem,

155 3611 242 3692 juxta
279 3625 310 3674 et
345 3631 444 3692 penes
479 3612 613 3673 domurn
645 3612 792 3674 similiter
828 3627 1005 3692 muratam,
1041 3612 1177 3675 fundum
1214 3627 1245 3674 et
1276 3613 1423 3676 hedificia

156 3717 290 3798 Georgii
315 3716 372 3780 filii
397 3718 516 3780 Donati
548 3732 579 3780 et
603 3718 777 3802 Raphaelis
808 3717 866 3781 filii
891 3719 1046 3781 Johannis
1077 3720 1153 3782 dicti
1179 3720 1267 3781 Bozo
1292 3740 1328 3781 ac
1352 3721 1419 3781 vias

158 3843 350 3886 communes
374 3823 493 3904 habite,
518 3824 658 3886 mediam
684 3825 716 3886 in
741 3839 810 3887 toto
835 3826 954 3887 curiam
981 3826 1013 3887 in
1038 3846 1070 3886 se
1095 3825 1301 3905 continentis,
1326 3845 1423 3887 unam

157 3929 387 3991 tantummodo
412 3946 557 4011 quartam
583 3931 616 3992 in
640 3951 673 3992 se
690 3933 921 4010 continentem,
946 3932 1040 3994 Petro
1057 3931 1161 4012 jurato
1183 3931 1251 3993 filio
1270 3931 1423 4015 Stephani

156 4035 260 4096 Videk
293 4036 438 4097 vendidit
470 4052 625 4119 perpetuo
658 4037 885 4119 possidendam
920 4058 978 4119 pro
1009 4038 1122 4119 viginti
1153 4038 1223 4099 flor.
1248 4039 1328 4116 auri,
1361 4059 1423 4120 que

161 4141 317 4202 medietas
341 4141 465 4220 adjacet
481 4163 498 4204 a
516 4158 603 4225 parte
629 4144 786 4205 dictarum
811 4144 935 4205 viarum
953 4145 1186 4223 communium,
1207 4159 1237 4206 et
1252 4145 1424 4226 superinde

161 4247 267 4308 eidem
293 4247 388 4308 Petro
413 4247 516 4328 jurato
548 4251 639 4311 litera
672 4264 719 4312 est
751 4265 896 4311 emanata
922 4253 981 4312 sub
1013 4250 1166 4332 pendenti
1198 4250 1306 4331 sigillo
1338 4270 1424 4312 com·

161 4353 340 4431 munitatis,
364 4354 451 4415 salva
476 4355 536 4416 alia
561 4356 683 4418 directa
716 4356 864 4418 similiter
888 4370 919 4417 et
950 4358 1058 4438 equali
1082 4357 1255 4418 medietate
1280 4357 1423 4418 eiusdem

161 4459 279 4520 domus
303 4474 427 4521 murate
452 4475 482 4522 et
514 4460 605 4522 fundi
635 4482 671 4523 ac
702 4461 937 4540 hedificiorum,
962 4484 978 4524 a
1005 4477 1092 4544 parte
1124 4463 1283 4524 dictorum
1309 4461 1425 4524 domus

162 4579 285 4627 murate
303 4579 334 4628 et
352 4564 443 4626 fundi
468 4587 503 4628 ac
527 4566 750 4629 hedificiorum
776 4568 919 4650 ipsorum
945 4568 1076 4649 Georgii
1102 4582 1133 4630 et
1157 4568 1331 4650 Raphaelis
1354 4568 1423 4646 sita,

161 4690 258 4732 unam
291 4672 500 4733 consimiliter
531 4687 675 4754 quartam
702 4674 787 4735 curie
820 4675 851 4734 in
876 4695 908 4735 se
934 4675 1129 4753 continente,
1153 4694 1250 4756 quam
1284 4672 1424 4756 prefatus

163 4777 319 4839 Martinus
343 4797 401 4860 pro
425 4798 457 4839 se
483 4779 587 4840 adhuc
612 4779 785 4842 literatorie
810 4781 983 4842 reservavit
1007 4779 1245 4862 possidendam.
