3142 5356
483 501 570 558 Anno
593 514 684 577 1504.
709 532 753 544 -
775 511 824 577 27.
841 501 992 576 Jiznuon'r'.
1317 512 1372 578 145

147 713 243 791 lesia
272 722 383 791 tercia
411 721 566 809 proxima
596 728 672 807 post
700 718 824 789 festum
853 721 942 789 beati
974 719 1143 790 Vincencii
1173 716 1335 788 martiris.

616 882 679 948 (23.
695 870 858 946 januarii).

213 1011 319 1074 Causa
345 1024 432 1073 mota
465 1011 547 1072 inter
580 1009 780 1091 Stephanum
811 1009 973 1072 literatum
999 1025 1029 1071 et
1054 1009 1244 1072 Michaelem
1276 1009 1373 1073 freni·

103 1138 216 1202 parem
242 1119 371 1180 racione
397 1132 427 1179 et
451 1130 598 1200 pretextu
626 1116 840 1198 quarumdam
874 1117 996 1179 eutium
1022 1116 1197 1180 foratarum
1222 1118 1371 1197 duarum,

104 1226 232 1287 domini
257 1224 351 1305 jurati
383 1224 619 1305 adjudicarunt,
651 1223 739 1304 quod
772 1242 868 1284 unam
899 1238 1004 1284 cutem
1030 1223 1068 1284 de
1102 1224 1223 1286 eisdem
1248 1225 1376 1286 cutibus

103 1333 193 1394 solus
218 1331 386 1392 Emericus
403 1350 467 1391 non
494 1330 632 1410 negavit,
653 1329 686 1390 in
704 1328 818 1390 eadem
843 1343 890 1390 est
914 1329 1097 1405 convictus;
1122 1329 1162 1391 de
1187 1331 1248 1391 alia
1268 1344 1374 1392 autem

103 1453 178 1500 cute
203 1438 244 1499 ad
269 1451 421 1524 octavum
446 1437 532 1498 diem
557 1436 596 1497 ad
615 1455 730 1497 manus
751 1435 846 1497 unius
863 1435 955 1515 jurari
973 1435 1188 1517 juramentum
1215 1436 1377 1519 deponere

104 1543 213 1622 habet,
238 1542 327 1624 quod
352 1542 377 1603 si
403 1541 574 1624 nequierit,
599 1546 716 1628 extunc
739 1541 771 1602 in
796 1541 909 1603 eadem
934 1542 1100 1635 convictus
1124 1541 1218 1624 (erit).

309 1741 406 1816 leria
434 1743 533 1815 sexta
562 1751 640 1832 post
667 1742 923 1816 conversionem
952 1744 1041 1815 beati
1072 1743 1177 1816 Pauli.

529 1976 532 1981 1
615 1896 681 1974 (26.
697 1884 860 1980 januaris).
959 1884 963 1893 ’

214 2039 322 2101 Causa
348 2039 430 2101 inter
455 2037 627 2100 discretum
653 2038 824 2099 dominum
846 2038 1048 2100 Anthonium
1075 2054 1105 2101 et
1129 2039 1293 2101 Thomam
1311 2060 1385 2102 car-¹

104 2131 294 2229 pentarium'
308 2146 437 2207 racione
454 2152 493 2207 ‘et
509 2159 655 2227 pretextu
672 2144 840 2206 cuiusdam
858 2143 1001 2222 infamie,
1024 2145 1148 2207 domini
1166 2131 1260 2228 jurati
1279 2167 1377 2229 penes

106 2251 353 2333 deposicionem
379 2251 507 2312 testium
526 2250 742 2332 plurimorum
765 2251 870 2312 taliter
887 2250 1123 2330 adjudicarunt,
1148 2252 1251 2333 quod,
1263 2251 1389 2334 prelati.

108 2372 203 2418 testes
227 2358 452 2420 testimonium
484 2342 643 2419 testificati
671 2371 755 2435 sunt,
788 2371 823 2418 ut
846 2356 988 2439 prelatus
1019 2357 1171 2420 dominus
1194 2359 1378 2422 Anthonius

105 2464 164 2525 illo
188 2438 336 2547 tempore
361 2441 421 2525 luit
444 2464 477 2525 in
502 2463 601 2526 domo
622 2446 817 2546 *sua,'⁴prout
834 2477 929 2525 testes
954 2442 1111 2546 ipsilassi
1144 2444 1229 2545 sunt,
1254 2479 1285 2528 et
1309 2486 1374 2528 non

106 2571 138 2632 in
165 2571 266 2633 domo
290 2571 396 2632 aliena
421 2590 494 2632 cum
519 2571 749 2649 meretricibus,
775 2570 848 2632 ideo
878 2571 964 2632 idem
990 2571 1136 2633 Thomas
1160 2575 1378 2655 carpentarius

106 2676 232 2759 prelato
257 2677 393 2738 domino
418 2677 585 2738 Anthonio
610 2677 776 2738 convictus
800 2690 846 2738 est
871 2677 903 2737 in
927 2677 1001 2737 vivo
1030 2676 1218 2760 (h)omagi0.

215 2782 341 2844 Eodem
366 2783 418 2844 die
440 2802 534 2844 causa
552 2783 633 2843 inter
652 2782 957 2843 uxoremiSinkonis
973 2796 1004 2842 et
1020 2782 1189 2845 Nicolaum
1208 2803 1378 2866 campana·

107 2905 211 2952 torem
234 2890 365 2952 racione
390 2904 421 2952 et
437 2902 581 2972 pretextu
606 2889 769 2970 vituperii,
795 2888 849 2950 uhi
868 2888 971 2949 dictus
994 2889 1147 2950 Nicolaus
1171 2889 1290 2970 objecit
1306 2910 1376 2952 eam

108 2997 294 3078 vituperans
311 3009 342 3058 et
359 2997 531 3058 nominans
544 2983 744 3057 meretricem
763 2995 994 3056 sacerdotalem
1008 3009 1039 3056 et
1055 2995 1261 3075 scholarium,
1279 3017 1377 3078 penes

107 3104 331 3166 testimonium
356 3119 465 3166 contra
491 3104 612 3165 dictum
639 3087 811 3165 Nicolaum
840 3101 958 3164 lactum
984 3103 1108 3164 domini
1133 3103 1226 3183 jurati
1251 3104 1375 3187 adjudi-

109 3226 221 3274 carunt
245 3212 351 3294 ipsum
377 3211 444 3273 fieri
470 3212 501 3272 in
527 3211 603 3272 vivo
628 3189 817 3292 (h)0'magio.

190 3415 337 3486 sabbato
365 3413 516 3503 proximu
545 3423 622 3504 post
650 3413 772 3515 testum
810 3411 1044 3483 conversionis
1073 3413 1162 3484 beati
1193 3413 1299 3485 Pauli.

620 3578 681 3642 (27.
699 3565 867 3640 januarii).

220 3690 371 3752 Seniores
388 3688 509 3767 judices
528 3688 624 3750 huius
642 3688 779 3749 civitatis
803 3708 930 3749 causam
950 3702 1070 3750 motam
1088 3690 1170 3751 inter
1193 3705 1377 3752 executores

111 3796 248 3857 condam
282 3797 392 3857 Jacobi
428 3794 588 3857 Bekedich
622 3809 652 3855 et
678 3794 821 3871 ‚Paulum
855 3794 1009 3874 Pechich,
1041 3809 1186 3877 tempore
1220 3797 1378 3876 judicatus

111 3902 334 3984 circumspecti
361 3902 481 3963 Mathie
505 3902 641 3962 senioris
665 3900 790 3980 judicis,
815 3901 902 3982 prius
926 3922 983 3983 per
1008 3902 1127 3979 juratos
1151 3903 1377 3983 adjudicatam,

111 4010 239 4071 racione
255 4022 286 4071 et
304 4023 448 4089 pretextu
465 4008 576 4069 decern
600 4008 680 4084 flor,
698 4009 752 4068 ubi
771 4021 887 4069 eotunc
905 4008 1007 4069 dictus
1026 4009 1144 4070 Paulus
1162 4009 1297 4070 Pechich
1313 4031 1375 4071 non

110 4118 281 4177 contentus
305 4114 361 4176 sed
386 4115 562 4197 appellavit
582 4114 620 4174 ad
643 4115 788 4175 seniores
805 4113 936 4195 judices,
960 4116 1014 4175 ubi
1040 4116 1137 4176 iidem
1164 4117 1263 4177 modo
1281 4114 1374 4178 insta-

109 4222 228 4304 scripto
241 4221 346 4283 taliter
357 4221 438 4282 inter
453 4236 557 4302 partes
567 4219 704 4302 prefatas
717 4219 950 4301 adjudicarunt,
969 4237 1002 4282 ut
1016 4222 1101 4282 idem
1114 4223 1231 4283 Paulus
1243 4223 1377 4284 Pechich

108 4348 148 4389 ex
171 4348 238 4410 quo
263 4327 408 4389 debitum
435 4325 592 4409 prefatum
612 4327 741 4407 negavit
764 4347 799 4386 ac
818 4346 922 4408 neque
948 4341 1041 4388 testes
1065 4330 1159 4390 ambe
1177 4343 1282 4410 partes
1299 4329 1378 4389 inibi

107 4449 186 4497 tunc
210 4434 382 4495 existentes
406 4434 575 4496 admittere
597 4432 781 4510 noluerunt,
809 4452 865 4513 pro
883 4453 922 4494 eo
949 4435 1052 4494 dictus
1078 4435 1195 4495 Paulus
1219 4434 1258 4494 ad
1284 4436 1378 4516 quin-

107 4541 346 4604 tumdecimum
381 4541 466 4602 diem
499 4539 715 4621 juramentum
749 4540 911 4620 deponere
940 4541 1045 4620 habet,
1071 4555 1105 4602 ut
1137 4561 1242 4622 neque
1277 4542 1380 4603 dictus

109 4648 232 4710 Paulus
257 4645 317 4708 luit
342 4647 512 4709 consocius
536 4659 567 4707 et
592 4665 696 4726 neque
722 4646 883 4707 commisit
905 4666 984 4708 uxor
1008 4669 1064 4709 sna
1089 4649 1195 4710 eidem
1220 4647 1379 4729 prefatum

108 4754 258 4816 debitum
276 4754 445 4830 exolvere3
470 4754 495 4815 si
513 4752 676 4833 juraverit,
701 4767 816 4812 extunc
841 4753 924 4813 idem
944 4756 1096 4817 reddetur
1120 4756 1212 4831 liber,
1229 4755 1255 4815 si
1273 4771 1379 4817 autern

106 4863 328 4943 juramentum
353 4861 517 4943 deponere
542 4860 729 4940 neglexerit,
755 4880 793 4919 eo
823 4859 906 4921 lacto
931 4863 1097 4923 convictus
1122 4878 1168 4923 est
1194 4863 1225 4922 in
1251 4861 1380 4943 prelatis

106 4968 222 5031 decem
233 4965 303 5031 flor.
313 4988 322 5045 3
332 4967 372 5029 de
382 4986 449 5050 quo
458 4965 580 5047 judicio
589 4965 752 5027 seniorum
762 4964 905 5046 judicum
916 4980 1022 5052 partes
1031 4971 1127 5035 ambe
1138 4982 1292 5034 contente
1302 4984 1393 5032 sunt.

635 5099 848 5115 -ψ-
1298 5084 1341 5128 ro
