3156 5364
564 503 650 560 Anno
664 515 763 580 1524.
793 537 834 546 -
857 517 909 564 22.
925 503 1080 580 januarii.
1264 532 1274 559 ι
1395 524 1457 590 227

182 604 209 615 ἣ

170 707 269 776 satus
292 714 484 776 Valentinus
508 715 712 795 cognovisset
730 715 817 796 quod
843 730 947 776 essent
964 716 1112 777 homines
1129 718 1169 780 de
1194 731 1349 800 potestate
1375 719 1450 782 dicti

168 816 287 883 Marci
314 820 439 904 Posgay
464 821 603 883 dixerat:
629 841 740 882 eamus
764 822 925 903 inquiens,
949 823 989 884 ad
1022 824 1191 886 dominum
1218 827 1361 888 Marcum
1388 828 1455 909 ipse

165 927 307 990 etenim
334 942 380 988 est
405 926 500 988 irater
525 941 556 988 et
580 928 721 989 concivis
745 941 863 1006 noster,
888 929 1113 1011 venissentque
1138 951 1251 992 omnes
1275 933 1371 994 simul
1396 936 1454 995 sub

161 1028 292 1116 ipsum
312 1046 462 1111 castrum,
478 1047 554 1127 tunc
579 1034 647 1115 ipse
664 1034 791 1097 Marcus
808 1034 934 1117 Posgay
958 1055 1014 1117 per
1031 1034 1202 1098 fenestram
1220 1039 1311 1100 castri
1330 1040 1454 1121 prospi-

160 1140 284 1216 ciens,
299 1138 440 1218 dixisset,
454 1139 525 1200 aliis
536 1140 658 1221 inquit:
673 1139 770 1201 nichil
784 1141 869 1219 dico,
882 1142 937 1202 sed
952 1141 1002 1203 hic
1016 1161 1055 1203 ne
1069 1157 1115 1204 est
1125 1143 1314 1205 Valentinus
1327 1164 1452 1226 pugnas

154 1241 234 1309 ille
262 1245 350 1308 filius
375 1246 551 1308 meretricis
575 1259 605 1308 et
622 1247 670 1307 vir
694 1245 880 1326 meretricis,
897 1247 1025 1330 aliaque
1049 1251 1145 1310 verba
1170 1249 1385 1333 vituperiosa;
1410 1271 1448 1313 ex

153 1355 321 1416 adverso
345 1367 451 1415 autem
477 1353 641 1436 predictus
665 1355 791 1415 Marcus
816 1355 941 1438 Posgay
970 1355 1068 1416 nichil
1094 1357 1228 1418 omnino
1252 1355 1450 1439 prelatorum

152 1462 358 1523 verborum
385 1460 531 1541 negavit,
557 1461 658 1521 immo
683 1461 788 1541 inquit
812 1481 873 1542 ego
898 1460 962 1522 dixi
987 1463 1096 1523 omnia
1114 1462 1170 1523 ista
1196 1482 1259 1544 que
1283 1464 1452 1546 proposuit

152 1568 355 1630 adversum
382 1565 444 1647 me,
467 1565 523 1629 sed
548 1567 587 1628 de
612 1568 779 1629 ablacione
813 1588 918 1629 rerum
951 1567 1095 1631 eiusdem
1121 1569 1283 1631 Valentini
1309 1589 1364 1652 per
1388 1569 1445 1632 ho·

152 1677 287 1738 mines
313 1674 389 1736 dicti
415 1674 507 1735 castri
533 1672 616 1736 lacta
640 1674 684 1735 sic
713 1674 896 1756 respondit:
922 1694 983 1754 ego
1001 1675 1106 1756 inquit
1129 1658 1267 1737 castrum
1292 1677 1369 1754 rexi,
1394 1675 1450 1738 sed

151 1785 265 1846 circa
290 1781 474 1843 thelonium
501 1779 599 1841 nichil
624 1780 751 1861 negocii
776 1779 881 1842 habeo
906 1781 981 1862 quia
1009 1781 1161 1842 dominus
1185 1802 1276 1843 meus
1302 1783 1363 1844 soli
1385 1782 1453 1845 the·

151 1885 342 1953 loneatori
367 1907 476 1949 curam
500 1887 636 1948 thelonii
661 1887 877 1964 commiserat,
909 1907 968 1949 nec
1000 1885 1118 1950 lactum
1144 1888 1246 1950 estid
1272 1908 1345 1951 cum
1371 1889 1453 1952 scitu

153 2012 204 2059 et
231 1995 406 2058 voluntate
439 2014 521 2073 mea,
553 1994 647 2075 jurati
680 1993 786 2055 taliter
817 1994 1063 2075 adjudicarunt,
1099 2009 1133 2057 ut
1163 1994 1305 2077 prefatus
1329 1997 1454 2058 Marcus

155 2101 260 2167 feria
287 2116 376 2165 sexta
400 2102 546 2184 proxime
577 2115 710 2163 ventura
743 2101 793 2163 vel
822 2115 917 2163 testes
949 2102 1128 2185 producere
1162 2103 1211 2164 vel
1237 2116 1344 2164 autem
1369 2102 1449 2183 jura·

156 2224 331 2273 tuentum
364 2208 527 2291 deponere
560 2208 676 2270 debeat
700 2207 760 2270 hoc
793 2227 858 2270 non
893 2228 960 2270 esse
992 2208 1110 2270 factum
1145 2228 1203 2270 nec
1228 2228 1265 2270 ex
1289 2209 1369 2270 scitu
1393 2229 1452 2271 nec

155 2317 361 2394 voluntate,
386 2335 444 2376 nec
477 2315 578 2376 eciam
611 2334 667 2397 per
699 2315 847 2377 homines
879 2315 1042 2391 eiusdem;
1078 2315 1166 2396 quod
1192 2317 1217 2377 si
1243 2335 1307 2377 non
1333 2313 1452 2394 iecerit,

158 2437 300 2485 extunc
324 2441 420 2503 super
444 2420 605 2502 quidquid
639 2421 705 2503 ipse
739 2421 929 2483 Valentinus
960 2421 1178 2501 juramentum
1211 2421 1371 2503 deponere
1397 2421 1450 2482 de·

157 2528 270 2592 bebit
296 2541 452 2609 quantum
486 2527 618 2609 dampni
651 2526 752 2589 lassus
788 2525 908 2606 fuisset,
943 2527 1047 2588 eidem
1073 2527 1239 2590 restituere
1269 2527 1449 2604 tenebitur;

158 2635 269 2720 quod
290 2648 398 2696 autem
416 2634 556 2696 eundern
582 2635 758 2696 meretricis
775 2634 926 2696 maritum
944 2635 1152 2710 nominasset,
1171 2633 1263 2694 datus
1281 2647 1326 2695 est
1343 2633 1450 2695 eidem

158 2741 293 2806 Marco
316 2740 472 2804 terminus
498 2755 531 2802 ut
560 2742 750 2823 comprobet
782 2759 913 2801 uxorem
947 2740 1111 2802 Valentini
1144 2740 1345 2802 meretricem
1371 2737 1450 2816 fore,

157 2849 270 2933 quod
296 2848 322 2909 si
347 2868 412 2910 non
438 2848 675 2930 comprobabit,
690 2848 721 2908 in
740 2847 814 2908 vivo
839 2846 992 2928 homagio
1010 2847 1115 2908 eidem
1133 2846 1330 2922 remanebit;
1348 2845 1451 2917 dictus

159 2953 292 3038 itaque
318 2955 445 3016 Marcus
462 2955 523 3017 hoc
547 2954 587 3017 ad
605 2954 920 3035 quintumdecimum
938 2954 1024 3016 diem
1042 2954 1189 3037 promisit
1205 2974 1238 3015 se
1263 2952 1346 3015 velle
1363 2971 1450 3014 com·

158 3064 332 3145 probare,
357 3061 397 3123 de
421 3060 482 3123 hoc
506 3075 613 3123 autem
647 3060 735 3143 quod
760 3081 818 3143 pro
852 3061 1021 3123 ablaeione
1052 3081 1158 3123 rerum
1183 3060 1234 3121 vel
1256 3073 1352 3121 testes
1376 3078 1449 3141 pro·

163 3171 301 3232 ducere
326 3167 378 3229 vel
403 3182 510 3229 autem
527 3167 743 3249 juramentum
762 3167 924 3249 deponere
941 3168 1073 3230 deberet
1089 3187 1154 3229 non
1179 3179 1358 3244 contentus,
1376 3185 1449 3226 cau·

163 3294 248 3339 sam
275 3274 379 3356 ipsam
404 3273 443 3334 ad
468 3273 623 3356 judicium
648 3274 812 3335 seniorum
837 3273 981 3354 judicum
995 3273 1170 3356 appellavit
1194 3288 1225 3335 et
1248 3271 1447 3355 provocavit.

294 3378 417 3441 Eadem
441 3379 493 3440 die
517 3379 549 3440 in
575 3399 669 3441 causa
693 3380 775 3441 inter
800 3381 975 3441 Martinum
1003 3393 1159 3442 sartorem
1184 3394 1217 3442 ut
1241 3392 1394 3456 actorem,
1418 3391 1448 3439 et

168 3487 363 3551 Johanuem
388 3486 540 3568 Brywacz
565 3500 599 3546 ut
623 3486 655 3546 in
679 3506 807 3547 causam
832 3499 1012 3564 attractum,
1046 3486 1194 3547 concives
1217 3499 1353 3562 nostros,
1379 3503 1448 3566 pre·

170 3608 270 3658 textu
296 3605 327 3655 et
359 3593 528 3654 occasione
560 3593 721 3674 vituperii,
753 3593 808 3654 ubi
841 3593 991 3655 videlicet
1022 3593 1125 3654 dictus
1158 3593 1314 3653 Martinus
1346 3603 1448 3652 sartor

173 3700 386 3784 proponebat
410 3697 562 3760 adversus
586 3699 691 3779 ipsum
717 3698 897 3760 lohannem
923 3699 1087 3781 Brywacz‚
1112 3698 1279 3780 quomodo
1303 3697 1370 3779 ipse
1396 3697 1448 3758 Jo-

178 3807 306 3870 hannes
330 3804 472 3887 quodam
497 3819 643 3886 tempore
667 3805 789 3866 dictum
814 3805 988 3866 Martinam
1014 3803 1117 3866 lilium
1150 3804 1324 3865 meretricis
1350 3815 1380 3864 et
1404 3803 1449 3864 la·

177 3926 309 3975 tronem
327 3910 529 3994 appellasset,
554 3925 585 3972 et
602 3924 769 3992 propterea
795 3910 926 3972 dixisset
946 3909 1073 3971 filiabus
1092 3910 1191 3991 ipsius
1216 3909 1361 3970 Martini:
1391 3909 1448 3970 iste

181 4019 264 4082 latro
290 4036 364 4079 cum
382 4017 449 4078 istis
473 4016 601 4079 filiabus
618 4017 693 4094 suis,
718 4036 780 4098 que
798 4031 872 4078 sunt
888 4017 1080 4094 meretrices,
1102 4016 1178 4097 quia
1195 4035 1267 4077 cum
1286 4015 1449 4095 aliquibus

181 4123 362 4187 scolaribus
380 4123 533 4185 continue
550 4123 724 4184 volvuntur
742 4137 772 4184 et
788 4136 862 4185 sunt
879 4123 1079 4199 meretrices3
1097 4142 1192 4204 super
1210 4122 1328 4201 quibus
1344 4120 1448 4181 omni·

182 4230 242 4292 bus
266 4241 364 4290 testes
387 4241 462 4290 sunt
486 4228 645 4310 producti,
670 4229 726 4309 qui
757 4228 862 4310 jurati,
894 4242 968 4290 sunt
992 4227 1076 4307 lassi,
1108 4210 1363 4307 retulleruntque
1389 4225 1449 4287 hoc

181 4356 213 4398 se
238 4335 414 4415 audivisse,
438 4355 501 4417 que
519 4335 559 4397 de
584 4334 711 4397 filiabus
735 4349 808 4397 sunt
825 4336 908 4397 dicta
927 4356 983 4418 per
1007 4336 1127 4398 dictum
1154 4334 1335 4397 Johannem
1352 4332 1449 4395 fuisse

182 4443 278 4516 dicta,
303 4441 393 4525 quod
417 4457 524 4504 autem
550 4443 654 4524 ipsum
682 4443 854 4504 Martinum
882 4457 1037 4504 sartorem
1063 4443 1220 4504 latronem
1246 4440 1450 4523 appellasset,

180 4549 243 4613 hoc
277 4549 435 4611 Martinus
467 4569 533 4611 non
565 4549 671 4631 potuit
702 4552 924 4632 comprobare,
952 4549 1045 4631 jurati
1077 4549 1184 4610 taliter
1215 4547 1450 4626 adjudicarunt,

181 4655 272 4739 quod
297 4655 366 4737 ipse
389 4654 551 4717 lohannes
576 4656 728 4740 Bryvvacz
754 4676 810 4737 pro
840 4655 900 4716 hoc
918 4655 1078 4738 vituperio
1095 4655 1183 4735 quod
1208 4652 1335 4714 filiabus
1352 4653 1451 4735 ipsius

179 4763 312 4827 Martini
331 4762 462 4841 intullit,
479 4778 588 4825 contra
614 4763 742 4824 easdem
768 4763 928 4824 indecem
946 4762 1053 4844 pensis
1077 4760 1266 4822 convinctus
1285 4759 1451 4836 habeatur,

178 4869 282 4954 judici
307 4883 339 4931 et
360 4868 473 4951 juratis
496 4869 529 4932 in
554 4869 698 4951 quinque
722 4870 846 4951 pensis;
879 4869 904 4930 si
929 4868 1073 4930 secundo
1105 4868 1165 4929 hoc
1190 4866 1303 4929 fecisse
1328 4865 1451 4926 inveni·

179 4990 282 5057 retur,
307 4975 340 5039 in
365 4976 478 5059 duplo,
503 4975 604 5039 tercio
629 4995 717 5055 vero,
742 4977 836 5037 rebus
853 4976 1006 5037 omnibus
1030 4975 1062 5036 in
1087 4992 1260 5036 commune
1285 4970 1452 5054 applicatis

1355 5074 1371 5102 t
