3142 5356
149 364 209 425 3²2
677 334 879 417 Anno1438.

254 555 331 616 Item
356 563 506 636 magister
526 551 672 613 Matheus
695 550 779 613 filius
803 551 887 612 Luce
913 551 1057 612 notarius
1085 564 1116 612 et
1132 551 1281 612 concivis
1298 565 1409 628 noster,

148 675 296 744 quartam
319 675 440 744 partem
466 658 632 722 cuiusdam
665 658 759 720 vinee
784 677 851 735 sue,
884 676 981 739 quam
1006 678 1024 718 a
1049 657 1184 718 domina
1219 657 1345 740 Agatha
1369 677 1410 718 re·

147 770 221 831 licta
245 768 382 830 condam
408 766 562 828 iohannis
587 765 726 826 Bozonis
756 783 841 824 nunc
874 777 1021 825 consorte
1057 763 1218 844 legittima
1244 763 1409 827 Grozhans

147 887 398 958 comparaverat,
417 874 498 935 inter
521 873 631 934 vineas
648 871 792 932 eiusdem
818 870 961 950 magistri
980 869 1100 932 Mathei
1117 890 1154 931 ac
1179 870 1265 932 inter
1289 871 1410 932 vineam

149 982 303 1043 lobannis
328 981 475 1041 Kusnecz
500 977 556 1040 filii
582 978 696 1039 Belecz
728 976 847 1054 habite,
880 991 1010 1058 aparte
1042 975 1192 1038 videlicet
1229 977 1331 1059 ipsius
1363 977 1410 1037 lo·

149 1088 263 1150 hannis
288 1085 439 1147 Kusnech
470 1084 689 1166 adjacentem,
718 1103 791 1144 cum
823 1083 889 1144 suis
921 1083 1112 1144 utilitatibus
1144 1096 1176 1144 et
1211 1083 1411 1165 pertinenciis

150 1193 306 1254 universis
330 1192 435 1253 eidem
468 1191 606 1253 Johanni
635 1189 785 1251 Kusnech
815 1189 961 1251 vendidit
985 1203 1141 1272 perpetuo
1174 1189 1403 1271 possidendam

148 1301 206 1360 sub
231 1299 324 1360 metis
347 1312 379 1360 et
402 1299 547 1359 terminis
571 1298 603 1358 in
628 1297 728 1359 literis
752 1296 1006 1378 privilegialibus
1034 1296 1225 1378 expressatis
1250 1309 1281 1358 et
1306 1316 1409 1378 super·

149 1405 223 1467 inde
248 1419 294 1466 est
318 1404 409 1466 litera
432 1406 491 1466 sub
517 1403 669 1486 pendenti
693 1403 800 1484 sigillo
825 1403 1064 1464 communitatis
1088 1416 1249 1464 emanata.

176 1626 258 1697 lten
287 1627 319 1694 in
349 1625 433 1696 festo
462 1622 716 1696 Purifieacionis
744 1625 891 1712 gloriose
919 1644 1049 1713 semper
1075 1621 1220 1714 virginis
1250 1624 1364 1697 llarie.

668 1781 711 1853 (2.
727 1779 904 1855 februarii).

257 1918 333 1978 Item
360 1917 499 2000 quedam
524 1917 651 1995 domus,
675 1917 795 1978 fundus
826 1916 1040 2000 hedificiaque
1066 1919 1277 2000 providarum
1303 1921 1411 1981 mulie·

153 2046 223 2087 rum
250 2026 350 2087 Elene
376 2025 484 2087 relicte
508 2038 539 2086 et
562 2024 686 2105 Agathe
719 2024 783 2085 filie
816 2025 952 2087 condam
979 2024 1127 2107 Gregorii
1163 2027 1347 2088 Paukovich
1380 2028 1408 2088 in

153 2132 223 2192 vico
249 2132 347 2213 ipsius
371 2131 508 2192 civitatis
532 2131 681 2193 exteriori
707 2131 789 2191 inter
813 2130 929 2192 domos
954 2131 1092 2193 Emerici
1118 2146 1149 2193 et
1175 2133 1344 2195 Michaelis
1366 2153 1413 2194 su·

150 2251 256 2298 torum
281 2237 399 2314 habita,
424 2257 521 2298 unam
547 2252 692 2319 quartam
717 2237 749 2298 in
775 2257 807 2298 se
825 2238 1003 2316 continens,
1027 2257 1100 2299 cum
1117 2238 1183 2299 suis
1207 2240 1413 2322 pertinenciis

151 2357 197 2404 est
222 2342 382 2405 Clementi
407 2344 507 2403 sutori
532 2341 599 2404 filio
624 2343 790 2420 lobannis,
809 2358 843 2404 ut
866 2342 929 2423 jam
955 2363 1040 2405 novo
1065 2345 1190 2405 concivi
1216 2359 1339 2422 nostro,
1362 2366 1413 2426 ge·

151 2469 229 2510 nero
255 2450 353 2530 ipsius
380 2449 477 2509 Elone
502 2464 533 2510 et
566 2451 681 2511 marito
714 2450 797 2511 dicte
827 2450 952 2531 Agathe
985 2450 1129 2511 mulieris
1161 2471 1217 2533 per
1243 2450 1414 2513 fassionem

152 2556 291 2636 ipsarum
316 2555 407 2616 litera
433 2555 625 2636 privilegiali
657 2558 716 2617 sub
747 2555 900 2638 pendenti
933 2556 1040 2637 sigillo
1074 2557 1317 2618 communitatis
1349 2578 1414 2640 per·

152 2662 321 2743 petualiter
346 2659 541 2723 confirmata.

259 2768 336 2830 ltem
363 2768 519 2829 Martinus
543 2767 628 2829 filius
653 2769 790 2847 Nicolai,
815 2769 893 2830 alias
922 2768 1044 2849 juratus
1067 2769 1274 2851 concivisque
1301 2786 1414 2847 noster,

153 2873 314 2955 quandam
340 2874 466 2934 vineam
492 2894 581 2935 suam
608 2875 640 2935 in
664 2875 825 2937 territorio
850 2891 959 2937 nostro
984 2877 1015 2937 in
1039 2891 1148 2937 monte
1173 2877 1266 2938 llicza
1292 2893 1414 2956 vocato,

154 2982 235 3040 inter
259 2981 354 3041 aliam
380 2981 506 3040 vineam
524 3001 615 3041 suam
638 2996 668 3042 et
685 2982 766 3043 inter
783 2983 909 3044 vineam
929 2982 1104 3044 liberorum
1129 2983 1269 3045 condam
1288 2985 1414 3047 Thome

154 3086 229 3147 dicti
254 3085 389 3169 Wryath
415 3085 568 3165 habitam,
593 3107 665 3148 cum
687 3089 752 3149 suis
776 3089 981 3170 pertinenciis
998 3089 1133 3151 Nicolao
1165 3087 1233 3151 filio
1259 3091 1358 3153 Marci
1376 3091 1414 3153 de

155 3193 257 3276 Dolya
291 3212 348 3274 pro
380 3193 533 3253 tredecim
566 3192 634 3256 flor.
666 3195 734 3255 auri
767 3195 912 3256 vendidit
943 3210 1099 3278 perpetuo
1130 3196 1361 3278 possidendam
1386 3212 1416 3259 et

154 3300 324 3381 superinde
350 3313 395 3359 est
419 3299 508 3359 litera
534 3303 592 3361 sub
618 3302 770 3382 pendenti
795 3302 902 3382 sigillo
932 3303 1172 3364 communitatis
1196 3319 1357 3367 emanata.

261 3424 336 3485 Item
362 3423 500 3504 quedam
519 3425 612 3487 vinea
637 3427 669 3487 in
693 3428 852 3489 territorio
874 3428 1010 3490 civitatis
1027 3428 1108 3489 inter
1124 3428 1234 3490 vineas
1259 3429 1414 3492 Demetrii

154 3531 317 3607 institoris,
341 3531 380 3589 ab
407 3550 467 3590 una
493 3544 591 3612 parte,
616 3535 655 3593 ab
689 3534 786 3595 altera
812 3554 888 3595 vero
920 3534 1097 3596 liberorum
1122 3533 1261 3595 condam
1287 3537 1415 3597 Andree

154 3638 193 3697 de
219 3637 436 3714 wltonerez,
462 3637 622 3700 mediante
648 3641 790 3721 quodam
824 3641 957 3721 antiquo
986 3654 1092 3702 meatu
1117 3654 1148 3702 et
1172 3639 1310 3702 decursu
1334 3661 1416 3724 aque

154 3742 304 3824 pluvialis
328 3741 367 3802 de
392 3742 441 3802 via
467 3746 630 3805 communi
649 3761 779 3828 propter
804 3747 976 3809 siccitatem
995 3747 1139 3809 eiusdem
1158 3747 1208 3808 vie
1234 3749 1416 3810 communis

153 3870 209 3931 per
242 3849 326 3909 idem
360 3847 514 3910 fossatum
547 3851 744 3914 decurrentis
776 3853 927 3932 habitam,
960 3854 1096 3936 desuper
1127 3874 1144 3914 a
1173 3853 1225 3914 via
1250 3855 1416 3916 communi

154 3954 235 4015 infra
260 3975 361 4036 usque
387 3956 526 4017 rivulum
551 3977 584 4018 se
609 3959 783 4022 extendens
808 3961 952 4021 Fabiano
977 3961 1091 4022 cultori
1120 3958 1187 4022 filio
1212 3960 1297 4022 Petri
1324 3963 1417 4023 certis

153 4062 468 4143 racionabilibusque
494 4064 532 4124 de
557 4066 660 4126 causis
685 4082 730 4128 est
755 4067 846 4129 litera
872 4066 1061 4148 privilegiali
1089 4066 1187 4148 sigilli
1213 4069 1314 4129 nostri
1340 4089 1416 4151 pen-

154 4168 257 4229 dentis
282 4169 460 4230 munimine
485 4171 644 4233 roborata.

260 4275 336 4335 ltem
361 4277 495 4356 provida
520 4276 636 4338 mulier
662 4278 836 4339 Katherina
861 4279 969 4340 relicta
998 4279 1135 4341 condam
1160 4279 1252 4341 Pauli
1276 4282 1418 4343 tonsoris

153 4401 237 4443 nunc
262 4401 391 4442 consors
415 4383 570 4464 legittima
597 4385 743 4466 Dyonisii
768 4387 897 4447 sartoris
931 4386 987 4447 filii
1013 4387 1183 4466 Wezellro,
1208 4387 1417 4450 medietatem

153 4489 319 4550 cuiusdam
345 4489 471 4568 domus,
504 4489 607 4568 lundi,
643 4492 816 4573 celariique
848 4493 1046 4554 subterranei
1072 4506 1102 4554 et
1133 4492 1358 4556 hedificiorum
1384 4496 1416 4556 in

154 4595 236 4656 dieta
262 4595 387 4657 civitate
413 4597 495 4658 inter
520 4598 653 4658 domum
687 4612 857 4677 muratam,
883 4598 1019 4661 fundum
1053 4612 1084 4661 et
1107 4597 1257 4662 hedificia
1282 4600 1417 4684 Georgii

152 4702 244 4783 jurati
270 4700 326 4763 filii
352 4703 492 4783 Thome,
517 4705 556 4765 ab
583 4723 644 4765 una
670 4718 700 4765 et
723 4719 812 4786 parte
838 4707 876 4767 ab
894 4706 993 4767 altera
1018 4706 1338 4769 lohannisKusnecz
1360 4708 1417 4770 ha·

152 4810 227 4888 bite,
254 4829 349 4871 unam
375 4826 519 4893 quartam
546 4825 576 4872 et
600 4825 745 4873 octavam
771 4812 802 4873 in
828 4834 861 4874 se
891 4813 1120 4893 continentem,
1146 4813 1322 4876 Valentino
1348 4816 1417 4878 cul·
