3142 5356
616 360 702 416 Anno
725 373 814 436 1431·
1287 378 1349 442 207

189 571 265 633 Item
291 570 445 652 providus
476 571 524 632 vir
549 570 741 632 Benedictus
776 570 896 650 juratus
929 569 1013 632 filius
1038 570 1175 654 Gywani
1212 572 1347 633 condam

80 677 198 757 judicis
222 676 277 738 filii
304 677 479 755 Benedicti,
504 678 544 738 ab
570 697 632 738 una
653 691 752 759 parte,
777 677 816 737 ab
849 677 947 737 altera
972 697 1048 738 vero
1066 677 1198 759 provida
1217 678 1347 740 domina

82 783 184 844 Elena
210 799 321 845 vocata
346 784 454 845 relicta
484 784 620 844 condam
648 784 737 844 Pauli
758 781 850 862 jurati
875 781 932 844 filii
965 784 1097 865 predicti
1125 783 1263 866 Gywan‚
1278 784 1350 864 glos

78 890 181 972 ipsius
206 890 383 968 Benedicti,
407 889 568 950 mediante
594 889 834 970 composicione
867 890 1041 970 proborum
1069 891 1212 952 virorum
1237 911 1348 973 pacem

76 997 220 1079 ipsarum
247 997 391 1079 parcium
417 996 608 1073 zelancium,
625 996 669 1056 sic
695 996 777 1057 inter
800 1015 833 1056 se
855 996 1101 1076 concordarunt,
1127 997 1218 1078 quod
1242 997 1350 1059 totalis

77 1102 197 1164 domus
229 1118 352 1164 murata
386 1117 416 1162 et
449 1099 568 1163 landus
600 1121 656 1162 seu
690 1101 776 1162 curia
811 1122 848 1163 ac
881 1103 995 1163 celaria
1021 1122 1169 1164 necnon
1202 1102 1348 1165 hedificia

76 1209 185 1271 eidem
209 1211 268 1271 sub
293 1223 324 1270 et
347 1208 585 1291 superjacencia
618 1208 649 1269 in
680 1208 810 1270 civitate
843 1207 964 1290 prelata
990 1209 1072 1270 inter
1103 1210 1237 1271 domurn
1261 1210 1348 1271 simi-

76 1316 151 1377 liter
176 1330 334 1378 muratam
360 1315 502 1396 magistri
528 1314 649 1376 Vrbani
674 1313 731 1376 filii
751 1314 882 1396 Mathye
907 1315 1023 1377 notarii
1049 1314 1192 1396 Capituli
1216 1315 1348 1377 ecclesie

76 1423 307 1501 zagrabiensis‚
331 1423 371 1482 ab
397 1421 545 1483 orientali
578 1435 676 1503 parte,
708 1423 748 1483 ab
774 1421 971 1482 occidentali
1004 1435 1112 1483 autem
1138 1435 1226 1503 parte
1251 1441 1349 1504 penes

76 1526 232 1606 (hlortum
257 1527 380 1608 capelle
406 1529 498 1589 beate
525 1527 623 1589 Marie
648 1546 775 1609 semper
791 1527 924 1608 virginis
938 1546 1038 1609 prope
1062 1527 1239 1609 pallacium
1265 1528 1349 1609 regis

77 1631 211 1693 fundate
237 1633 344 1695 habita
374 1647 404 1695 et
429 1634 576 1713 existens,
594 1633 673 1694 duas
691 1633 829 1714 integras
854 1633 958 1694 curias
983 1634 1015 1695 in
1040 1653 1073 1695 se
1090 1634 1270 1713 continens,
1288 1634 1347 1715 ipsi

77 1739 254 1800 Benedicto
279 1739 383 1818 jurato
415 1739 556 1801 totaliter
590 1740 683 1802 cessit
706 1752 863 1821 perpetuo
896 1739 1110 1821 possidenda3
1135 1740 1214 1801 alias
1238 1754 1346 1801 autern

75 1863 192 1905 omnes
217 1845 434 1925 possessiones
458 1859 488 1906 et
517 1845 687 1927 porciones
720 1845 986 1926 possessionarias
1011 1845 1111 1928 ipsius
1136 1845 1272 1928 Gywani
1298 1846 1346 1925 ju·

75 1951 170 2029 dicis,
194 1950 345 2013 videlicet
367 1951 531 2033 (mortum,
557 1966 682 2030 terram,
713 1952 822 2012 vineas
854 1965 883 2012 et
907 1951 1013 2029 silvas,
1047 1952 1190 2032 aliasque
1215 1965 1346 2012 cunctas

76 2077 153 2117 suas
177 2059 395 2138 possessiones
419 2058 535 2138 quovis
559 2058 700 2119 nominis
724 2057 883 2119 vocabulo
907 2058 1074 2134 vocitatas,
1101 2058 1181 2118 inter
1205 2077 1238 2117 se
1263 2071 1347 2119 recte

75 2184 135 2247 per
160 2164 305 2226 medium
331 2164 509 2226 diviserunt
533 2179 690 2247 perpetuo
708 2164 918 2247 possidendas
942 2179 972 2225 et
996 2164 1168 2246 superinde
1193 2183 1229 2225 ac
1253 2183 1347 2243 super

78 2270 235 2330 omnibus
259 2271 330 2331 aliis
355 2269 455 2349 lactis,
473 2271 544 2331 aliis
561 2271 787 2352 questionibus
804 2285 834 2332 et
852 2272 1065 2332 controversis
1082 2271 1247 2351 hucusque
1266 2272 1347 2332 inter

76 2375 207 2437 easdem
233 2375 361 2453 habitis,
386 2377 497 2438 eedem
531 2392 635 2458 partes
659 2397 728 2438 sese
761 2392 874 2439 mutuo
899 2378 1024 2458 quietas
1048 2392 1079 2439 et
1103 2375 1251 2458 pacificas
1276 2377 1346 2438 red·

75 2482 240 2544 diderunt.

185 2587 261 2649 ltem
287 2587 407 2670 prelata
433 2589 531 2650 Elena
559 2589 675 2651 mulier
691 2589 762 2671 glos
787 2589 885 2670 ipsius
909 2589 1073 2650 Benedicti
1092 2587 1196 2667 jurati,
1221 2590 1343 2652 medie·

73 2707 175 2755 tatem
200 2695 366 2756 cuiusdam
400 2710 482 2757 terre
518 2695 648 2756 arabilis
672 2696 703 2756 in
737 2715 852 2776 campo
877 2695 1014 2756 civitatis
1045 2693 1167 2776 prefate
1192 2715 1292 2778 prope
1316 2710 1347 2758 et

74 2801 160 2861 intra
195 2814 338 2863 montem
364 2801 562 2882 vigiliarum,
594 2801 676 2862 inter
709 2815 807 2863 terras
839 2801 975 2862 arabiles
1009 2802 1184 2863 liberorum
1207 2802 1344 2864 condam

75 2906 245 2968 Michaelis
269 2907 383 2988 judicis
407 2920 438 2969 et
464 2923 563 2968 terras
596 2908 730 2969 ecclesie
766 2921 872 2970 nostre
897 2907 1089 2989 parochialis
1122 2909 1221 2971 sancti
1247 2910 1345 2971 Marci

76 3013 296 3093 ewangeliste,
322 3013 483 3075 mediante
500 3014 635 3075 decursu
653 3014 748 3075 rivuli
766 3034 821 3074 seu
838 3034 921 3094 aque
939 3012 1089 3095 pluvialis
1107 3013 1224 3093 habite,
1242 3015 1342 3097 ipsam

74 3120 138 3181 rite
163 3133 193 3180 et
216 3119 372 3201 legittime
397 3136 657 3199 concernentem,
681 3119 803 3202 prelato
821 3120 997 3182 Benedicto
1016 3120 1120 3200 jurato
1145 3141 1203 3203 pro
1228 3122 1344 3203 viginti

74 3224 148 3286 flor.
173 3226 241 3286 auri
266 3226 413 3288 vendidit
437 3242 592 3309 perpetuo
617 3228 857 3309 possidendam.

184 3330 261 3392 ltem
286 3330 400 3413 prelati
435 3335 628 3395 Benedictus
660 3333 781 3414 juratus
813 3347 843 3394 et
876 3333 975 3394 Elena
1008 3333 1079 3414 glos
1103 3354 1159 3395 sua
1184 3333 1339 3414 quasdam

77 3456 222 3498 cameras
246 3457 302 3499 seu
327 3439 464 3500 comoda
490 3440 645 3521 ipsorum,
677 3440 773 3500 simul
799 3459 871 3501 cum
895 3438 998 3501 fundo
1023 3453 1054 3502 et
1078 3439 1236 3502 hedificiis
1259 3440 1343 3522 ipso·

74 3563 149 3605 rum
174 3545 292 3626 quibus
315 3545 462 3607 decorata
482 3562 511 3607 et
536 3541 715 3607 constructa
741 3543 808 3607 fore
826 3545 1044 3627 perhibentur,
1071 3547 1103 3606 in
1128 3546 1256 3608 civitate
1274 3566 1344 3627 pre·

73 3648 139 3714 fata
164 3672 181 3712 a
206 3652 374 3733 posteriori
400 3666 488 3734 parte
513 3652 664 3714 videlicet
689 3666 772 3714 retro
805 3653 981 3713 stacionem
1007 3667 1163 3714 muratam
1190 3651 1344 3714 lobannis

73 3757 170 3839 jurati
195 3755 250 3818 lilii
277 3758 420 3837 Peronis,
458 3760 498 3820 ab
522 3758 673 3820 anteriori
697 3773 787 3841 parte
811 3771 842 3820 et
871 3778 961 3819 secus
986 3757 1123 3819 fundum
1149 3773 1180 3820 et
1204 3757 1339 3819 domum

74 3879 234 3926 muratam
259 3885 295 3926 ac
320 3864 456 3927 fundum
482 3880 512 3928 et
529 3865 676 3927 hedificia
703 3866 786 3927 Petri
810 3867 940 3928 sartoris
957 3880 987 3926 et
1011 3866 1185 3926 liberorum
1204 3863 1341 3926 condam

73 3970 219 4031 Francza
244 3970 359 4050 judicis
383 3974 422 4033 ab
448 3973 627 4050 occidente,
652 3974 691 4033 ab
717 3974 841 4034 oriente
859 3991 936 4034 vero
961 3972 1047 4053 juxta
1072 3970 1210 4033 fundum
1236 3985 1266 4031 et
1282 3983 1342 4031 sta-

73 4077 186 4137 ciones
211 4077 387 4139 liberorum
420 4079 557 4139 condam
591 4077 715 4140 domini
741 4078 867 4139 Nicolai
901 4077 1079 4159 presbiteri,
1106 4076 1267 4138 mediante
1291 4077 1342 4137 via

75 4183 216 4244 semitali
241 4183 307 4244 duo
331 4184 452 4246 scilicet
476 4184 602 4245 brachia
632 4183 731 4246 ferrea
767 4184 798 4244 in
824 4184 993 4245 latitudine
1026 4184 1133 4244 minus
1157 4204 1223 4245 uno
1248 4203 1341 4265 quar·

74 4287 134 4348 tali
160 4287 191 4349 in
216 4308 248 4350 se
272 4289 446 4351 denotante
472 4291 547 4371 ipsis
571 4290 713 4372 partibus
744 4289 979 4351 circumvicinis
996 4289 1211 4350 communiter
1235 4289 1340 4349 deser·

78 4394 199 4472 viente,
231 4414 288 4475 pro
319 4396 468 4456 undecim
500 4395 568 4458 flor.
598 4397 666 4457 auri
699 4395 912 4457 vendiderunt
943 4410 1098 4478 perpetuo
1132 4395 1343 4478 possidendas

71 4512 232 4561 annotato
257 4499 395 4563 Johanni
420 4500 534 4582 jurato.

181 4604 260 4667 ltem
286 4606 395 4668 civitas
419 4608 581 4688 quendam
607 4606 744 4668 fundum
761 4627 897 4669 vacuum
924 4605 1081 4668 hedificiis
1098 4617 1225 4688 penitus
1243 4606 1339 4668 desti·

71 4726 180 4774 tutum
206 4713 237 4774 in
263 4714 388 4775 civitate
424 4714 566 4796 predicta
590 4715 673 4775 inter
697 4714 812 4775 domos
836 4727 866 4774 et
887 4712 1006 4774 fundos
1027 4733 1063 4775 ac
1088 4712 1235 4776 hedificia
1260 4713 1339 4775 libe-

71 4837 184 4880 rorum
202 4818 338 4881 condam
357 4819 516 4882 Janchech
542 4834 571 4881 et
590 4819 721 4901 Georgii
739 4820 868 4880 sartoris
886 4819 1042 4897 habitum,
1060 4819 1200 4880 mediam
1219 4819 1339 4880 curiam
