<?xml version="1.0" encoding="UTF-8"?>
<!DOCTYPE html PUBLIC "-//W3C//DTD XHTML 1.0 Transitional//EN"
    "http://www.w3.org/TR/xhtml1/DTD/xhtml1-transitional.dtd">
<html xmlns="http://www.w3.org/1999/xhtml" xml:lang="en" lang="en">
 <head>
  <title>
</title>
<meta http-equiv="Content-Type" content="text/html;charset=utf-8" />
  <meta name='ocr-system' content='tesseract 3.04.00' />
  <meta name='ocr-capabilities' content='ocr_page ocr_carea ocr_par ocr_line ocrx_word'/>
</head>
<body>
  <div class='ocr_page' id='page_1' title='image "./monumentahistor17laszgoog_0224.png"; bbox 0 0 3142 5356; ppageno 0'>
   <div class='ocr_carea' id='block_1_1' title="bbox 130 480 1411 5046">
    <p class='ocr_par' dir='ltr' id='par_1_1' title="bbox 130 480 1411 5046">
     <span class='ocr_line' id='line_1_1' title="bbox 549 480 1396 561; baseline 0.004 -18"><span class='ocrx_word' id='word_1_1' title='bbox 549 487 810 561; x_wconf 81' lang='lat' dir='ltr'>Ann015o7.—</span> <span class='ocrx_word' id='word_1_2' title='bbox 833 480 886 544; x_wconf 84' lang='lat'>28.</span> <span class='ocrx_word' id='word_1_3' title='bbox 903 481 988 560; x_wconf 78' lang='lat' dir='ltr'>julii.</span> <span class='ocrx_word' id='word_1_4' title='bbox 1341 504 1396 560; x_wconf 86' lang='lat'>171</span> 
     </span>
     <span class='ocr_line' id='line_1_2' title="bbox 134 694 1402 779; baseline -0.002 -18"><span class='ocrx_word' id='word_1_5' title='bbox 134 700 244 762; x_wconf 89' lang='lat' dir='ltr'>ronich</span> <span class='ocrx_word' id='word_1_6' title='bbox 268 697 353 760; x_wconf 89' lang='lat' dir='ltr'>filius</span> <span class='ocrx_word' id='word_1_7' title='bbox 379 697 546 759; x_wconf 81' lang='lat' dir='ltr'>Michaelis</span> <span class='ocrx_word' id='word_1_8' title='bbox 562 697 710 758; x_wconf 90' lang='lat' dir='ltr'>similiter</span> <span class='ocrx_word' id='word_1_9' title='bbox 726 694 893 775; x_wconf 89' lang='lat' dir='ltr'>Saronich,</span> <span class='ocrx_word' id='word_1_10' title='bbox 909 696 965 777; x_wconf 92' lang='lat' dir='ltr'>qui</span> <span class='ocrx_word' id='word_1_11' title='bbox 991 716 1028 757; x_wconf 92' lang='lat' dir='ltr'>ex</span> <span class='ocrx_word' id='word_1_12' title='bbox 1045 696 1110 758; x_wconf 93' lang='lat' dir='ltr'>alio</span> <span class='ocrx_word' id='word_1_13' title='bbox 1134 695 1229 759; x_wconf 85' lang='lat' dir='ltr'>fratre</span> <span class='ocrx_word' id='word_1_14' title='bbox 1253 695 1312 759; x_wconf 89' lang='lat' dir='ltr'>fuit</span> <span class='ocrx_word' id='word_1_15' title='bbox 1329 716 1402 779; x_wconf 91' lang='lat' dir='ltr'>pro·</span> 
     </span>
     <span class='ocr_line' id='line_1_3' title="bbox 131 802 1402 889; baseline -0.002 -20"><span class='ocrx_word' id='word_1_16' title='bbox 131 808 270 889; x_wconf 80' lang='lat' dir='ltr'>genitus,</span> <span class='ocrx_word' id='word_1_17' title='bbox 297 805 385 867; x_wconf 90' lang='lat' dir='ltr'>venit</span> <span class='ocrx_word' id='word_1_18' title='bbox 409 804 646 886; x_wconf 87' lang='lat' dir='ltr'>coramjudice</span> <span class='ocrx_word' id='word_1_19' title='bbox 678 803 743 865; x_wconf 93' lang='lat' dir='ltr'>alio</span> <span class='ocrx_word' id='word_1_20' title='bbox 773 803 959 865; x_wconf 84' lang='lat' dir='ltr'>immediate</span> <span class='ocrx_word' id='word_1_21' title='bbox 991 803 1138 885; x_wconf 82' lang='lat' dir='ltr'>sequenti</span> <span class='ocrx_word' id='word_1_22' title='bbox 1163 816 1194 866; x_wconf 88' lang='lat' dir='ltr'>et</span> <span class='ocrx_word' id='word_1_23' title='bbox 1224 802 1336 885; x_wconf 86' lang='lat' dir='ltr'>juratis</span> <span class='ocrx_word' id='word_1_24' title='bbox 1366 823 1402 866; x_wconf 91' lang='lat' dir='ltr'>ac</span> 
     </span>
     <span class='ocr_line' id='line_1_4' title="bbox 131 908 1398 993; baseline -0.004 -17"><span class='ocrx_word' id='word_1_25' title='bbox 131 914 200 976; x_wconf 88' lang='lat' dir='ltr'>aliis</span> <span class='ocrx_word' id='word_1_26' title='bbox 224 912 350 974; x_wconf 88' lang='lat' dir='ltr'>civibus</span> <span class='ocrx_word' id='word_1_27' title='bbox 374 911 406 972; x_wconf 96' lang='lat' dir='ltr'>in</span> <span class='ocrx_word' id='word_1_28' title='bbox 432 910 624 973; x_wconf 91' lang='lat' dir='ltr'>consistorio</span> <span class='ocrx_word' id='word_1_29' title='bbox 648 909 851 991; x_wconf 78' lang='lat' dir='ltr'>congregatis</span> <span class='ocrx_word' id='word_1_30' title='bbox 875 908 1006 971; x_wconf 86' lang='lat' dir='ltr'>fassioni</span> <span class='ocrx_word' id='word_1_31' title='bbox 1032 909 1145 993; x_wconf 84' lang='lat' dir='ltr'>prefati</span> <span class='ocrx_word' id='word_1_32' title='bbox 1172 909 1328 972; x_wconf 89' lang='lat' dir='ltr'>Johannis</span> <span class='ocrx_word' id='word_1_33' title='bbox 1344 929 1398 993; x_wconf 90' lang='lat' dir='ltr'>pa·</span> 
     </span>
     <span class='ocr_line' id='line_1_5' title="bbox 130 1015 1403 1099; baseline -0.003 -17"><span class='ocrx_word' id='word_1_34' title='bbox 130 1020 242 1083; x_wconf 88' lang='lat' dir='ltr'>truelis</span> <span class='ocrx_word' id='word_1_35' title='bbox 265 1019 314 1080; x_wconf 91' lang='lat' dir='ltr'>sui</span> <span class='ocrx_word' id='word_1_36' title='bbox 340 1017 544 1096; x_wconf 82' lang='lat' dir='ltr'>contradixit,</span> <span class='ocrx_word' id='word_1_37' title='bbox 562 1017 767 1098; x_wconf 88' lang='lat' dir='ltr'>inhibuitque</span> <span class='ocrx_word' id='word_1_38' title='bbox 782 1016 911 1097; x_wconf 90' lang='lat' dir='ltr'>publice</span> <span class='ocrx_word' id='word_1_39' title='bbox 928 1030 959 1078; x_wconf 94' lang='lat' dir='ltr'>et</span> <span class='ocrx_word' id='word_1_40' title='bbox 976 1015 1145 1078; x_wconf 83' lang='lat' dir='ltr'>manifeste</span> <span class='ocrx_word' id='word_1_41' title='bbox 1170 1036 1209 1077; x_wconf 91' lang='lat' dir='ltr'>ne</span> <span class='ocrx_word' id='word_1_42' title='bbox 1234 1015 1403 1099; x_wconf 81' lang='lat' dir='ltr'>privilegia</span> 
     </span>
     <span class='ocr_line' id='line_1_6' title="bbox 131 1122 1403 1209; baseline -0.003 -21"><span class='ocrx_word' id='word_1_43' title='bbox 131 1148 185 1189; x_wconf 88' lang='lat' dir='ltr'>seu</span> <span class='ocrx_word' id='word_1_44' title='bbox 210 1125 428 1209; x_wconf 85' lang='lat' dir='ltr'>privilegiales</span> <span class='ocrx_word' id='word_1_45' title='bbox 451 1124 559 1185; x_wconf 85' lang='lat' dir='ltr'>literas</span> <span class='ocrx_word' id='word_1_46' title='bbox 582 1142 672 1185; x_wconf 89' lang='lat' dir='ltr'>more</span> <span class='ocrx_word' id='word_1_47' title='bbox 691 1123 828 1184; x_wconf 88' lang='lat' dir='ltr'>civitatis</span> <span class='ocrx_word' id='word_1_48' title='bbox 853 1136 960 1184; x_wconf 90' lang='lat' dir='ltr'>nostre</span> <span class='ocrx_word' id='word_1_49' title='bbox 978 1122 1219 1186; x_wconf 90' lang='lat' dir='ltr'>extradarentur</span> <span class='ocrx_word' id='word_1_50' title='bbox 1243 1137 1274 1184; x_wconf 88' lang='lat' dir='ltr'>et</span> <span class='ocrx_word' id='word_1_51' title='bbox 1298 1142 1403 1204; x_wconf 88' lang='lat' dir='ltr'>neque</span> 
     </span>
     <span class='ocr_line' id='line_1_7' title="bbox 132 1228 1404 1312; baseline -0.003 -18"><span class='ocrx_word' id='word_1_52' title='bbox 132 1232 294 1295; x_wconf 90' lang='lat' dir='ltr'>extradata</span> <span class='ocrx_word' id='word_1_53' title='bbox 318 1245 403 1309; x_wconf 85' lang='lat' dir='ltr'>sunt,</span> <span class='ocrx_word' id='word_1_54' title='bbox 427 1243 522 1312; x_wconf 91' lang='lat' dir='ltr'>prout</span> <span class='ocrx_word' id='word_1_55' title='bbox 552 1230 613 1291; x_wconf 87' lang='lat' dir='ltr'>hoc</span> <span class='ocrx_word' id='word_1_56' title='bbox 646 1249 719 1291; x_wconf 89' lang='lat' dir='ltr'>cum</span> <span class='ocrx_word' id='word_1_57' title='bbox 743 1228 915 1292; x_wconf 85' lang='lat' dir='ltr'>sufficienti</span> <span class='ocrx_word' id='word_1_58' title='bbox 948 1230 1134 1291; x_wconf 89' lang='lat' dir='ltr'>testimonio</span> <span class='ocrx_word' id='word_1_59' title='bbox 1167 1249 1275 1291; x_wconf 86' lang='lat' dir='ltr'>coram</span> <span class='ocrx_word' id='word_1_60' title='bbox 1310 1229 1404 1291; x_wconf 90' lang='lat' dir='ltr'>nobis</span> 
     </span>
     <span class='ocr_line' id='line_1_8' title="bbox 133 1335 1403 1421; baseline -0.003 -20"><span class='ocrx_word' id='word_1_61' title='bbox 133 1339 365 1421; x_wconf 81' lang='lat' dir='ltr'>comprobavit,</span> <span class='ocrx_word' id='word_1_62' title='bbox 391 1336 486 1418; x_wconf 86' lang='lat' dir='ltr'>judex</span> <span class='ocrx_word' id='word_1_63' title='bbox 510 1356 587 1398; x_wconf 91' lang='lat' dir='ltr'>vero</span> <span class='ocrx_word' id='word_1_64' title='bbox 612 1337 836 1398; x_wconf 90' lang='lat' dir='ltr'>consvetudini</span> <span class='ocrx_word' id='word_1_65' title='bbox 855 1337 992 1398; x_wconf 90' lang='lat' dir='ltr'>civitatis</span> <span class='ocrx_word' id='word_1_66' title='bbox 1008 1337 1096 1417; x_wconf 82' lang='lat' dir='ltr'>regie</span> <span class='ocrx_word' id='word_1_67' title='bbox 1121 1351 1216 1419; x_wconf 91' lang='lat' dir='ltr'>prout</span> <span class='ocrx_word' id='word_1_68' title='bbox 1240 1357 1277 1397; x_wconf 90' lang='lat' dir='ltr'>ex</span> <span class='ocrx_word' id='word_1_69' title='bbox 1294 1335 1403 1398; x_wconf 85' lang='lat' dir='ltr'>officio</span> 
     </span>
     <span class='ocr_line' id='line_1_9' title="bbox 134 1441 1403 1526; baseline -0.003 -18"><span class='ocrx_word' id='word_1_70' title='bbox 134 1466 190 1508; x_wconf 91' lang='lat' dir='ltr'>suo</span> <span class='ocrx_word' id='word_1_71' title='bbox 214 1445 329 1523; x_wconf 91' lang='lat' dir='ltr'>tenuit,</span> <span class='ocrx_word' id='word_1_72' title='bbox 354 1445 460 1526; x_wconf 85' lang='lat' dir='ltr'>paruit</span> <span class='ocrx_word' id='word_1_73' title='bbox 483 1463 589 1524; x_wconf 91' lang='lat' dir='ltr'>neque</span> <span class='ocrx_word' id='word_1_74' title='bbox 622 1443 730 1505; x_wconf 88' lang='lat' dir='ltr'>literas</span> <span class='ocrx_word' id='word_1_75' title='bbox 762 1443 934 1525; x_wconf 84' lang='lat' dir='ltr'>superinde</span> <span class='ocrx_word' id='word_1_76' title='bbox 967 1444 1110 1505; x_wconf 88' lang='lat' dir='ltr'>emanari</span> <span class='ocrx_word' id='word_1_77' title='bbox 1142 1441 1234 1520; x_wconf 73' lang='lat' dir='ltr'>fecit,</span> <span class='ocrx_word' id='word_1_78' title='bbox 1258 1443 1403 1525; x_wconf 81' lang='lat' dir='ltr'>allegans</span> 
     </span>
     <span class='ocr_line' id='line_1_10' title="bbox 135 1547 1403 1633; baseline -0.002 -18"><span class='ocrx_word' id='word_1_79' title='bbox 135 1554 233 1615; x_wconf 88' lang='lat' dir='ltr'>eciam</span> <span class='ocrx_word' id='word_1_80' title='bbox 259 1549 401 1633; x_wconf 83' lang='lat' dir='ltr'>prefatus</span> <span class='ocrx_word' id='word_1_81' title='bbox 418 1547 615 1612; x_wconf 86' lang='lat' dir='ltr'>Cristoforus</span> <span class='ocrx_word' id='word_1_82' title='bbox 640 1549 796 1612; x_wconf 87' lang='lat' dir='ltr'>Saronich</span> <span class='ocrx_word' id='word_1_83' title='bbox 814 1569 921 1611; x_wconf 87' lang='lat' dir='ltr'>coram</span> <span class='ocrx_word' id='word_1_84' title='bbox 945 1550 1039 1611; x_wconf 91' lang='lat' dir='ltr'>nobis</span> <span class='ocrx_word' id='word_1_85' title='bbox 1056 1549 1176 1611; x_wconf 89' lang='lat' dir='ltr'>ibidem</span> <span class='ocrx_word' id='word_1_86' title='bbox 1195 1563 1311 1628; x_wconf 87' lang='lat' dir='ltr'>astans,</span> <span class='ocrx_word' id='word_1_87' title='bbox 1328 1550 1403 1612; x_wconf 92' lang='lat' dir='ltr'>licet</span> 
     </span>
     <span class='ocr_line' id='line_1_11' title="bbox 136 1654 1402 1740; baseline -0.004 -19"><span class='ocrx_word' id='word_1_88' title='bbox 136 1659 296 1721; x_wconf 89' lang='lat' dir='ltr'>Johannes</span> <span class='ocrx_word' id='word_1_89' title='bbox 322 1655 486 1740; x_wconf 89' lang='lat' dir='ltr'>Saronych</span> <span class='ocrx_word' id='word_1_90' title='bbox 504 1656 657 1738; x_wconf 90' lang='lat' dir='ltr'>patruelis</span> <span class='ocrx_word' id='word_1_91' title='bbox 682 1676 773 1718; x_wconf 90' lang='lat' dir='ltr'>meus</span> <span class='ocrx_word' id='word_1_92' title='bbox 790 1656 975 1718; x_wconf 89' lang='lat' dir='ltr'>huiusmodi</span> <span class='ocrx_word' id='word_1_93' title='bbox 994 1655 1168 1718; x_wconf 73' lang='lat' dir='ltr'>tassionem</span> <span class='ocrx_word' id='word_1_94' title='bbox 1186 1654 1296 1718; x_wconf 77' lang='lat' dir='ltr'>fecerit</span> <span class='ocrx_word' id='word_1_95' title='bbox 1313 1654 1402 1738; x_wconf 91' lang='lat' dir='ltr'>quod</span> 
     </span>
     <span class='ocr_line' id='line_1_12' title="bbox 137 1761 1403 1846; baseline -0.002 -20"><span class='ocrx_word' id='word_1_96' title='bbox 137 1765 266 1846; x_wconf 78' lang='lat' dir='ltr'>juridice</span> <span class='ocrx_word' id='word_1_97' title='bbox 292 1761 397 1824; x_wconf 84' lang='lat' dir='ltr'>facere</span> <span class='ocrx_word' id='word_1_98' title='bbox 423 1782 487 1823; x_wconf 94' lang='lat' dir='ltr'>non</span> <span class='ocrx_word' id='word_1_99' title='bbox 512 1763 618 1845; x_wconf 91' lang='lat' dir='ltr'>potuit</span> <span class='ocrx_word' id='word_1_100' title='bbox 649 1763 725 1844; x_wconf 91' lang='lat' dir='ltr'>quia</span> <span class='ocrx_word' id='word_1_101' title='bbox 749 1777 779 1824; x_wconf 93' lang='lat' dir='ltr'>et</span> <span class='ocrx_word' id='word_1_102' title='bbox 811 1783 872 1844; x_wconf 85' lang='lat' dir='ltr'>ego</span> <span class='ocrx_word' id='word_1_103' title='bbox 896 1782 968 1824; x_wconf 91' lang='lat' dir='ltr'>sum</span> <span class='ocrx_word' id='word_1_104' title='bbox 1000 1763 1092 1824; x_wconf 91' lang='lat' dir='ltr'>heres</span> <span class='ocrx_word' id='word_1_105' title='bbox 1116 1763 1246 1824; x_wconf 85' lang='lat' dir='ltr'>illarum</span> <span class='ocrx_word' id='word_1_106' title='bbox 1280 1783 1403 1846; x_wconf 91' lang='lat' dir='ltr'>posses-</span> 
     </span>
     <span class='ocr_line' id='line_1_13' title="bbox 137 1867 1405 1951; baseline -0.001 -20"><span class='ocrx_word' id='word_1_107' title='bbox 137 1872 261 1933; x_wconf 91' lang='lat' dir='ltr'>sionum</span> <span class='ocrx_word' id='word_1_108' title='bbox 287 1890 325 1932; x_wconf 91' lang='lat' dir='ltr'>ex</span> <span class='ocrx_word' id='word_1_109' title='bbox 350 1888 416 1950; x_wconf 92' lang='lat' dir='ltr'>quo</span> <span class='ocrx_word' id='word_1_110' title='bbox 440 1888 501 1949; x_wconf 82' lang='lat' dir='ltr'>ego</span> <span class='ocrx_word' id='word_1_111' title='bbox 515 1889 586 1930; x_wconf 91' lang='lat' dir='ltr'>sum</span> <span class='ocrx_word' id='word_1_112' title='bbox 604 1888 641 1929; x_wconf 90' lang='lat' dir='ltr'>ex</span> <span class='ocrx_word' id='word_1_113' title='bbox 658 1887 724 1930; x_wconf 91' lang='lat' dir='ltr'>uno</span> <span class='ocrx_word' id='word_1_114' title='bbox 743 1867 837 1931; x_wconf 84' lang='lat' dir='ltr'>fratre</span> <span class='ocrx_word' id='word_1_115' title='bbox 854 1869 1043 1951; x_wconf 86' lang='lat' dir='ltr'>progenitus</span> <span class='ocrx_word' id='word_1_116' title='bbox 1061 1889 1097 1930; x_wconf 91' lang='lat' dir='ltr'>ex</span> <span class='ocrx_word' id='word_1_117' title='bbox 1116 1869 1180 1930; x_wconf 89' lang='lat' dir='ltr'>alio</span> <span class='ocrx_word' id='word_1_118' title='bbox 1206 1889 1282 1931; x_wconf 90' lang='lat' dir='ltr'>vero</span> <span class='ocrx_word' id='word_1_119' title='bbox 1301 1869 1405 1931; x_wconf 90' lang='lat' dir='ltr'>dictus</span> 
     </span>
     <span class='ocr_line' id='line_1_14' title="bbox 140 1975 1402 2059; baseline 0.001 -22"><span class='ocrx_word' id='word_1_120' title='bbox 140 1978 297 2040; x_wconf 91' lang='lat' dir='ltr'>Johannes</span> <span class='ocrx_word' id='word_1_121' title='bbox 322 1975 476 2038; x_wconf 86' lang='lat' dir='ltr'>Saronich</span> <span class='ocrx_word' id='word_1_122' title='bbox 502 1990 532 2037; x_wconf 91' lang='lat' dir='ltr'>et</span> <span class='ocrx_word' id='word_1_123' title='bbox 557 1976 601 2036; x_wconf 88' lang='lat' dir='ltr'>sic</span> <span class='ocrx_word' id='word_1_124' title='bbox 625 1976 785 2038; x_wconf 86' lang='lat' dir='ltr'>hereditas</span> <span class='ocrx_word' id='word_1_125' title='bbox 802 1976 916 2038; x_wconf 88' lang='lat' dir='ltr'>avitica</span> <span class='ocrx_word' id='word_1_126' title='bbox 942 1975 981 2037; x_wconf 87' lang='lat' dir='ltr'>ad</span> <span class='ocrx_word' id='word_1_127' title='bbox 1007 1996 1059 2037; x_wconf 92' lang='lat' dir='ltr'>me</span> <span class='ocrx_word' id='word_1_128' title='bbox 1083 1991 1226 2059; x_wconf 87' lang='lat' dir='ltr'>spectare</span> <span class='ocrx_word' id='word_1_129' title='bbox 1251 1991 1283 2038; x_wconf 89' lang='lat' dir='ltr'>et</span> <span class='ocrx_word' id='word_1_130' title='bbox 1306 1977 1402 2059; x_wconf 89' lang='lat' dir='ltr'>perti·</span> 
     </span>
     <span class='ocr_line' id='line_1_15' title="bbox 143 2081 1404 2166; baseline -0.001 -21"><span class='ocrx_word' id='word_1_131' title='bbox 143 2105 212 2145; x_wconf 89' lang='lat' dir='ltr'>nere</span> <span class='ocrx_word' id='word_1_132' title='bbox 237 2083 425 2151; x_wconf 77' lang='lat' dir='ltr'>dinoscitur,</span> <span class='ocrx_word' id='word_1_133' title='bbox 458 2082 483 2143; x_wconf 93' lang='lat' dir='ltr'>si</span> <span class='ocrx_word' id='word_1_134' title='bbox 513 2083 614 2143; x_wconf 87' lang='lat' dir='ltr'>eciam</span> <span class='ocrx_word' id='word_1_135' title='bbox 646 2081 831 2143; x_wconf 87' lang='lat' dir='ltr'>vendicioni</span> <span class='ocrx_word' id='word_1_136' title='bbox 866 2098 1079 2166; x_wconf 86' lang='lat' dir='ltr'>exponeretur</span> <span class='ocrx_word' id='word_1_137' title='bbox 1112 2083 1217 2145; x_wconf 91' lang='lat' dir='ltr'>adhuc</span> <span class='ocrx_word' id='word_1_138' title='bbox 1242 2103 1342 2145; x_wconf 89' lang='lat' dir='ltr'>essem</span> <span class='ocrx_word' id='word_1_139' title='bbox 1367 2082 1404 2144; x_wconf 89' lang='lat' dir='ltr'>li·</span> 
     </span>
     <span class='ocr_line' id='line_1_16' title="bbox 142 2189 1404 2271; baseline -0.002 -20"><span class='ocrx_word' id='word_1_140' title='bbox 142 2192 242 2253; x_wconf 90' lang='lat' dir='ltr'>berior</span> <span class='ocrx_word' id='word_1_141' title='bbox 268 2191 353 2271; x_wconf 88' lang='lat' dir='ltr'>ipsas</span> <span class='ocrx_word' id='word_1_142' title='bbox 384 2189 601 2270; x_wconf 88' lang='lat' dir='ltr'>possessiones</span> <span class='ocrx_word' id='word_1_143' title='bbox 633 2208 739 2249; x_wconf 89' lang='lat' dir='ltr'>emere</span> <span class='ocrx_word' id='word_1_144' title='bbox 765 2209 861 2270; x_wconf 90' lang='lat' dir='ltr'>quarn</span> <span class='ocrx_word' id='word_1_145' title='bbox 895 2189 960 2252; x_wconf 90' lang='lat' dir='ltr'>alii.</span> <span class='ocrx_word' id='word_1_146' title='bbox 994 2189 1144 2251; x_wconf 87' lang='lat' dir='ltr'>Tandem</span> <span class='ocrx_word' id='word_1_147' title='bbox 1169 2190 1256 2251; x_wconf 92' lang='lat' dir='ltr'>idem</span> <span class='ocrx_word' id='word_1_148' title='bbox 1281 2189 1404 2251; x_wconf 86' lang='lat' dir='ltr'>Cristo·</span> 
     </span>
     <span class='ocr_line' id='line_1_17' title="bbox 142 2294 1405 2378; baseline 0 -22"><span class='ocrx_word' id='word_1_149' title='bbox 142 2295 224 2358; x_wconf 81' lang='lat' dir='ltr'>[orus</span> <span class='ocrx_word' id='word_1_150' title='bbox 248 2295 330 2358; x_wconf 87' lang='lat' dir='ltr'>dixit</span> <span class='ocrx_word' id='word_1_151' title='bbox 362 2294 451 2376; x_wconf 91' lang='lat' dir='ltr'>quod</span> <span class='ocrx_word' id='word_1_152' title='bbox 488 2295 641 2377; x_wconf 82' lang='lat' dir='ltr'>patruelis</span> <span class='ocrx_word' id='word_1_153' title='bbox 673 2315 763 2356; x_wconf 91' lang='lat' dir='ltr'>meus</span> <span class='ocrx_word' id='word_1_154' title='bbox 795 2296 910 2357; x_wconf 92' lang='lat' dir='ltr'>merito</span> <span class='ocrx_word' id='word_1_155' title='bbox 943 2295 1034 2357; x_wconf 83' lang='lat' dir='ltr'>fateri</span> <span class='ocrx_word' id='word_1_156' title='bbox 1066 2297 1165 2358; x_wconf 90' lang='lat' dir='ltr'>dictas</span> <span class='ocrx_word' id='word_1_157' title='bbox 1189 2297 1405 2378; x_wconf 88' lang='lat' dir='ltr'>possessiones</span> 
     </span>
     <span class='ocr_line' id='line_1_18' title="bbox 140 2402 1402 2486; baseline -0.001 -21"><span class='ocrx_word' id='word_1_158' title='bbox 140 2424 197 2465; x_wconf 92' lang='lat' dir='ltr'>non</span> <span class='ocrx_word' id='word_1_159' title='bbox 222 2404 331 2486; x_wconf 87' lang='lat' dir='ltr'>potuit</span> <span class='ocrx_word' id='word_1_160' title='bbox 355 2421 394 2463; x_wconf 88' lang='lat' dir='ltr'>ex</span> <span class='ocrx_word' id='word_1_161' title='bbox 418 2421 483 2482; x_wconf 90' lang='lat' dir='ltr'>quo</span> <span class='ocrx_word' id='word_1_162' title='bbox 509 2421 614 2482; x_wconf 88' lang='lat' dir='ltr'>neque</span> <span class='ocrx_word' id='word_1_163' title='bbox 640 2402 672 2463; x_wconf 90' lang='lat' dir='ltr'>in</span> <span class='ocrx_word' id='word_1_164' title='bbox 696 2402 833 2463; x_wconf 90' lang='lat' dir='ltr'>vinculis</span> <span class='ocrx_word' id='word_1_165' title='bbox 862 2402 1067 2463; x_wconf 91' lang='lat' dir='ltr'>Thurcorum</span> <span class='ocrx_word' id='word_1_166' title='bbox 1086 2422 1191 2483; x_wconf 91' lang='lat' dir='ltr'>neque</span> <span class='ocrx_word' id='word_1_167' title='bbox 1216 2404 1322 2484; x_wconf 89' lang='lat' dir='ltr'>aliqua</span> <span class='ocrx_word' id='word_1_168' title='bbox 1348 2422 1402 2464; x_wconf 92' lang='lat' dir='ltr'>ne-</span> 
     </span>
     <span class='ocr_line' id='line_1_19' title="bbox 140 2505 1401 2590; baseline 0.001 -21"><span class='ocrx_word' id='word_1_169' title='bbox 140 2510 279 2571; x_wconf 84' lang='lat' dir='ltr'>cessitate</span> <span class='ocrx_word' id='word_1_170' title='bbox 304 2522 439 2588; x_wconf 87' lang='lat' dir='ltr'>urgente</span> <span class='ocrx_word' id='word_1_171' title='bbox 463 2522 517 2568; x_wconf 91' lang='lat' dir='ltr'>aut</span> <span class='ocrx_word' id='word_1_172' title='bbox 541 2505 725 2568; x_wconf 89' lang='lat' dir='ltr'>infirmitate</span> <span class='ocrx_word' id='word_1_173' title='bbox 751 2522 932 2589; x_wconf 84' lang='lat' dir='ltr'>preventus,</span> <span class='ocrx_word' id='word_1_174' title='bbox 956 2509 1012 2569; x_wconf 91' lang='lat' dir='ltr'>sed</span> <span class='ocrx_word' id='word_1_175' title='bbox 1036 2529 1092 2590; x_wconf 92' lang='lat' dir='ltr'>per</span> <span class='ocrx_word' id='word_1_176' title='bbox 1117 2509 1344 2570; x_wconf 91' lang='lat' dir='ltr'>induccionem</span> <span class='ocrx_word' id='word_1_177' title='bbox 1370 2524 1401 2570; x_wconf 87' lang='lat' dir='ltr'>et</span> 
     </span>
     <span class='ocr_line' id='line_1_20' title="bbox 141 2612 1401 2696; baseline 0.003 -22"><span class='ocrx_word' id='word_1_178' title='bbox 141 2617 316 2677; x_wconf 75' lang='lat' dir='ltr'>suasionem</span> <span class='ocrx_word' id='word_1_179' title='bbox 343 2612 456 2696; x_wconf 87' lang='lat' dir='ltr'>prefati</span> <span class='ocrx_word' id='word_1_180' title='bbox 490 2613 623 2695; x_wconf 84' lang='lat' dir='ltr'>Georgii</span> <span class='ocrx_word' id='word_1_181' title='bbox 656 2614 842 2676; x_wconf 90' lang='lat' dir='ltr'>huiusmodi</span> <span class='ocrx_word' id='word_1_182' title='bbox 878 2614 1051 2677; x_wconf 76' lang='lat' dir='ltr'>fassionem</span> <span class='ocrx_word' id='word_1_183' title='bbox 1084 2615 1168 2694; x_wconf 84' lang='lat' dir='ltr'>fecit,</span> <span class='ocrx_word' id='word_1_184' title='bbox 1194 2637 1265 2678; x_wconf 92' lang='lat' dir='ltr'>cum</span> <span class='ocrx_word' id='word_1_185' title='bbox 1300 2616 1401 2678; x_wconf 90' lang='lat' dir='ltr'>eciam</span> 
     </span>
     <span class='ocr_line' id='line_1_21' title="bbox 142 2720 1402 2804; baseline 0.001 -21"><span class='ocrx_word' id='word_1_186' title='bbox 142 2720 276 2803; x_wconf 75' lang='lat' dir='ltr'>prefatus</span> <span class='ocrx_word' id='word_1_187' title='bbox 300 2720 463 2783; x_wconf 89' lang='lat' dir='ltr'>Johannes</span> <span class='ocrx_word' id='word_1_188' title='bbox 488 2721 643 2783; x_wconf 88' lang='lat' dir='ltr'>Saronich</span> <span class='ocrx_word' id='word_1_189' title='bbox 668 2721 822 2802; x_wconf 91' lang='lat' dir='ltr'>patruelis</span> <span class='ocrx_word' id='word_1_190' title='bbox 854 2740 945 2783; x_wconf 93' lang='lat' dir='ltr'>meus</span> <span class='ocrx_word' id='word_1_191' title='bbox 976 2742 1080 2804; x_wconf 90' lang='lat' dir='ltr'>neque</span> <span class='ocrx_word' id='word_1_192' title='bbox 1105 2744 1122 2783; x_wconf 92' lang='lat' dir='ltr'>a</span> <span class='ocrx_word' id='word_1_193' title='bbox 1148 2723 1282 2784; x_wconf 91' lang='lat' dir='ltr'>domino</span> <span class='ocrx_word' id='word_1_194' title='bbox 1308 2724 1402 2784; x_wconf 88' lang='lat' dir='ltr'>Eme·</span> 
     </span>
     <span class='ocr_line' id='line_1_22' title="bbox 143 2825 1402 2911; baseline 0.002 -24"><span class='ocrx_word' id='word_1_195' title='bbox 143 2829 202 2890; x_wconf 90' lang='lat' dir='ltr'>rico</span> <span class='ocrx_word' id='word_1_196' title='bbox 227 2827 359 2889; x_wconf 86' lang='lat' dir='ltr'>Therek</span> <span class='ocrx_word' id='word_1_197' title='bbox 384 2846 490 2908; x_wconf 88' lang='lat' dir='ltr'>neque</span> <span class='ocrx_word' id='word_1_198' title='bbox 514 2848 530 2887; x_wconf 90' lang='lat' dir='ltr'>a</span> <span class='ocrx_word' id='word_1_199' title='bbox 558 2825 701 2907; x_wconf 87' lang='lat' dir='ltr'>Georgio</span> <span class='ocrx_word' id='word_1_200' title='bbox 726 2827 765 2888; x_wconf 93' lang='lat' dir='ltr'>de</span> <span class='ocrx_word' id='word_1_201' title='bbox 791 2827 949 2889; x_wconf 89' lang='lat' dir='ltr'>Schitario</span> <span class='ocrx_word' id='word_1_202' title='bbox 984 2829 1015 2889; x_wconf 93' lang='lat' dir='ltr'>in</span> <span class='ocrx_word' id='word_1_203' title='bbox 1040 2844 1160 2890; x_wconf 90' lang='lat' dir='ltr'>sortem</span> <span class='ocrx_word' id='word_1_204' title='bbox 1185 2830 1402 2911; x_wconf 89' lang='lat' dir='ltr'>predictarum</span> 
     </span>
     <span class='ocr_line' id='line_1_23' title="bbox 143 2932 1398 3017; baseline 0.002 -23"><span class='ocrx_word' id='word_1_205' title='bbox 143 2933 376 3013; x_wconf 87' lang='lat' dir='ltr'>possessionum</span> <span class='ocrx_word' id='word_1_206' title='bbox 401 2932 526 2993; x_wconf 88' lang='lat' dir='ltr'>nullum</span> <span class='ocrx_word' id='word_1_207' title='bbox 560 2932 728 2993; x_wconf 88' lang='lat' dir='ltr'>denarium</span> <span class='ocrx_word' id='word_1_208' title='bbox 761 2935 912 3015; x_wconf 89' lang='lat' dir='ltr'>percepit.</span> <span class='ocrx_word' id='word_1_209' title='bbox 946 2935 1007 2995; x_wconf 89' lang='lat' dir='ltr'>Pro</span> <span class='ocrx_word' id='word_1_210' title='bbox 1040 2954 1079 2996; x_wconf 90' lang='lat' dir='ltr'>eo</span> <span class='ocrx_word' id='word_1_211' title='bbox 1105 2955 1163 2996; x_wconf 90' lang='lat' dir='ltr'>nos</span> <span class='ocrx_word' id='word_1_212' title='bbox 1188 2936 1331 2997; x_wconf 88' lang='lat' dir='ltr'>seniores</span> <span class='ocrx_word' id='word_1_213' title='bbox 1355 2935 1398 3017; x_wconf 91' lang='lat' dir='ltr'>ju·</span> 
     </span>
     <span class='ocr_line' id='line_1_24' title="bbox 145 3038 1405 3125; baseline 0.005 -27"><span class='ocrx_word' id='word_1_214' title='bbox 145 3039 224 3101; x_wconf 87' lang='lat' dir='ltr'>dices</span> <span class='ocrx_word' id='word_1_215' title='bbox 248 3038 367 3100; x_wconf 88' lang='lat' dir='ltr'>auditis</span> <span class='ocrx_word' id='word_1_216' title='bbox 391 3039 673 3121; x_wconf 82' lang='lat' dir='ltr'>propositionibus</span> <span class='ocrx_word' id='word_1_217' title='bbox 697 3053 728 3101; x_wconf 93' lang='lat' dir='ltr'>et</span> <span class='ocrx_word' id='word_1_218' title='bbox 759 3041 1024 3122; x_wconf 89' lang='lat' dir='ltr'>responsionibus</span> <span class='ocrx_word' id='word_1_219' title='bbox 1056 3043 1224 3104; x_wconf 90' lang='lat' dir='ltr'>ambarum</span> <span class='ocrx_word' id='word_1_220' title='bbox 1250 3043 1405 3125; x_wconf 86' lang='lat' dir='ltr'>parcium,</span> 
     </span>
     <span class='ocr_line' id='line_1_25' title="bbox 144 3145 1405 3232; baseline 0.006 -28"><span class='ocrx_word' id='word_1_221' title='bbox 144 3145 398 3226; x_wconf 83' lang='lat' dir='ltr'>sufficienterque</span> <span class='ocrx_word' id='word_1_222' title='bbox 423 3145 575 3206; x_wconf 91' lang='lat' dir='ltr'>hincinde</span> <span class='ocrx_word' id='word_1_223' title='bbox 599 3166 655 3227; x_wconf 91' lang='lat' dir='ltr'>per</span> <span class='ocrx_word' id='word_1_224' title='bbox 679 3167 738 3208; x_wconf 91' lang='lat' dir='ltr'>nos</span> <span class='ocrx_word' id='word_1_225' title='bbox 768 3148 966 3210; x_wconf 90' lang='lat' dir='ltr'>ruminantes</span> <span class='ocrx_word' id='word_1_226' title='bbox 991 3149 1023 3209; x_wconf 93' lang='lat' dir='ltr'>in</span> <span class='ocrx_word' id='word_1_227' title='bbox 1057 3169 1150 3211; x_wconf 91' lang='lat' dir='ltr'>causa</span> <span class='ocrx_word' id='word_1_228' title='bbox 1176 3149 1297 3232; x_wconf 82' lang='lat' dir='ltr'>prefata</span> <span class='ocrx_word' id='word_1_229' title='bbox 1323 3152 1405 3214; x_wconf 89' lang='lat' dir='ltr'>inter</span> 
     </span>
     <span class='ocr_line' id='line_1_26' title="bbox 147 3250 1406 3337; baseline 0.003 -24"><span class='ocrx_word' id='word_1_230' title='bbox 147 3267 243 3332; x_wconf 86' lang='lat' dir='ltr'>partes</span> <span class='ocrx_word' id='word_1_231' title='bbox 267 3250 427 3333; x_wconf 89' lang='lat' dir='ltr'>predictas</span> <span class='ocrx_word' id='word_1_232' title='bbox 450 3251 548 3312; x_wconf 88' lang='lat' dir='ltr'>talem</span> <span class='ocrx_word' id='word_1_233' title='bbox 573 3252 768 3313; x_wconf 90' lang='lat' dir='ltr'>decisionem</span> <span class='ocrx_word' id='word_1_234' title='bbox 786 3254 942 3335; x_wconf 90' lang='lat' dir='ltr'>presentis</span> <span class='ocrx_word' id='word_1_235' title='bbox 959 3274 1052 3316; x_wconf 89' lang='lat' dir='ltr'>cause</span> <span class='ocrx_word' id='word_1_236' title='bbox 1076 3253 1231 3316; x_wconf 81' lang='lat' dir='ltr'>fecimus:</span> <span class='ocrx_word' id='word_1_237' title='bbox 1258 3257 1406 3337; x_wconf 88' lang='lat' dir='ltr'>quamvis</span> 
     </span>
     <span class='ocr_line' id='line_1_27' title="bbox 146 3356 1404 3444; baseline 0.006 -26"><span class='ocrx_word' id='word_1_238' title='bbox 146 3357 279 3436; x_wconf 81' lang='lat' dir='ltr'>prefatus</span> <span class='ocrx_word' id='word_1_239' title='bbox 304 3356 467 3419; x_wconf 88' lang='lat' dir='ltr'>Johannes</span> <span class='ocrx_word' id='word_1_240' title='bbox 492 3358 656 3442; x_wconf 84' lang='lat' dir='ltr'>Saronych</span> <span class='ocrx_word' id='word_1_241' title='bbox 683 3359 714 3419; x_wconf 93' lang='lat' dir='ltr'>in</span> <span class='ocrx_word' id='word_1_242' title='bbox 739 3359 881 3435; x_wconf 89' lang='lat' dir='ltr'>juvenali</span> <span class='ocrx_word' id='word_1_243' title='bbox 905 3374 988 3422; x_wconf 89' lang='lat' dir='ltr'>etate</span> <span class='ocrx_word' id='word_1_244' title='bbox 1005 3361 1142 3423; x_wconf 87' lang='lat' dir='ltr'>existens</span> <span class='ocrx_word' id='word_1_245' title='bbox 1166 3382 1273 3423; x_wconf 89' lang='lat' dir='ltr'>coram</span> <span class='ocrx_word' id='word_1_246' title='bbox 1298 3363 1404 3444; x_wconf 88' lang='lat' dir='ltr'>judice</span> 
     </span>
     <span class='ocr_line' id='line_1_28' title="bbox 147 3462 1404 3549; baseline 0.006 -24"><span class='ocrx_word' id='word_1_247' title='bbox 147 3462 312 3529; x_wconf 78' lang='lat' dir='ltr'>iussionem</span> <span class='ocrx_word' id='word_1_248' title='bbox 338 3463 472 3545; x_wconf 82' lang='lat' dir='ltr'>iecisset,</span> <span class='ocrx_word' id='word_1_249' title='bbox 496 3466 552 3528; x_wconf 88' lang='lat' dir='ltr'>sed</span> <span class='ocrx_word' id='word_1_250' title='bbox 569 3467 660 3527; x_wconf 85' lang='lat' dir='ltr'>litere</span> <span class='ocrx_word' id='word_1_251' title='bbox 685 3468 901 3549; x_wconf 86' lang='lat' dir='ltr'>privilegiales</span> <span class='ocrx_word' id='word_1_252' title='bbox 919 3469 1051 3530; x_wconf 88' lang='lat' dir='ltr'>minime</span> <span class='ocrx_word' id='word_1_253' title='bbox 1077 3470 1239 3531; x_wconf 87' lang='lat' dir='ltr'>extradate</span> <span class='ocrx_word' id='word_1_254' title='bbox 1264 3486 1348 3548; x_wconf 90' lang='lat' dir='ltr'>sunt,</span> <span class='ocrx_word' id='word_1_255' title='bbox 1367 3491 1404 3531; x_wconf 93' lang='lat' dir='ltr'>ex</span> 
     </span>
     <span class='ocr_line' id='line_1_29' title="bbox 147 3571 1404 3657; baseline 0.002 -23"><span class='ocrx_word' id='word_1_256' title='bbox 147 3590 203 3652; x_wconf 89' lang='lat' dir='ltr'>quo</span> <span class='ocrx_word' id='word_1_257' title='bbox 235 3573 341 3634; x_wconf 90' lang='lat' dir='ltr'>dictus</span> <span class='ocrx_word' id='word_1_258' title='bbox 367 3571 562 3634; x_wconf 80' lang='lat' dir='ltr'>Cristoforus</span> <span class='ocrx_word' id='word_1_259' title='bbox 593 3573 740 3634; x_wconf 91' lang='lat' dir='ltr'>similiter</span> <span class='ocrx_word' id='word_1_260' title='bbox 773 3574 926 3636; x_wconf 89' lang='lat' dir='ltr'>Saronich</span> <span class='ocrx_word' id='word_1_261' title='bbox 964 3575 1117 3657; x_wconf 87' lang='lat' dir='ltr'>patruelis</span> <span class='ocrx_word' id='word_1_262' title='bbox 1149 3576 1299 3638; x_wconf 90' lang='lat' dir='ltr'>videlicet</span> <span class='ocrx_word' id='word_1_263' title='bbox 1329 3576 1404 3637; x_wconf 88' lang='lat' dir='ltr'>dicti</span> 
     </span>
     <span class='ocr_line' id='line_1_30' title="bbox 147 3677 1403 3762; baseline 0.006 -26"><span class='ocrx_word' id='word_1_264' title='bbox 147 3677 295 3741; x_wconf 91' lang='lat' dir='ltr'>Johannis</span> <span class='ocrx_word' id='word_1_265' title='bbox 319 3693 415 3761; x_wconf 93' lang='lat' dir='ltr'>prout</span> <span class='ocrx_word' id='word_1_266' title='bbox 445 3680 533 3761; x_wconf 92' lang='lat' dir='ltr'>prius</span> <span class='ocrx_word' id='word_1_267' title='bbox 566 3680 686 3741; x_wconf 85' lang='lat' dir='ltr'>dictum</span> <span class='ocrx_word' id='word_1_268' title='bbox 712 3695 758 3741; x_wconf 91' lang='lat' dir='ltr'>est</span> <span class='ocrx_word' id='word_1_269' title='bbox 790 3679 920 3742; x_wconf 86' lang='lat' dir='ltr'>fassioni</span> <span class='ocrx_word' id='word_1_270' title='bbox 945 3680 1057 3762; x_wconf 79' lang='lat' dir='ltr'>prefati</span> <span class='ocrx_word' id='word_1_271' title='bbox 1091 3683 1247 3743; x_wconf 88' lang='lat' dir='ltr'>Johannis</span> <span class='ocrx_word' id='word_1_272' title='bbox 1280 3696 1403 3743; x_wconf 91' lang='lat' dir='ltr'>contra·</span> 
     </span>
     <span class='ocr_line' id='line_1_31' title="bbox 148 3786 1391 3870; baseline 0.003 -25"><span class='ocrx_word' id='word_1_273' title='bbox 148 3787 255 3849; x_wconf 89' lang='lat' dir='ltr'>dixerit</span> <span class='ocrx_word' id='word_1_274' title='bbox 280 3787 495 3868; x_wconf 91' lang='lat' dir='ltr'>inhibensque</span> <span class='ocrx_word' id='word_1_275' title='bbox 519 3788 648 3869; x_wconf 89' lang='lat' dir='ltr'>publice</span> <span class='ocrx_word' id='word_1_276' title='bbox 674 3802 704 3848; x_wconf 92' lang='lat' dir='ltr'>et</span> <span class='ocrx_word' id='word_1_277' title='bbox 729 3786 894 3849; x_wconf 72' lang='lat' dir='ltr'>manifeste</span> <span class='ocrx_word' id='word_1_278' title='bbox 920 3808 960 3849; x_wconf 93' lang='lat' dir='ltr'>ne</span> <span class='ocrx_word' id='word_1_279' title='bbox 977 3790 1149 3870; x_wconf 88' lang='lat' dir='ltr'>superinde</span> <span class='ocrx_word' id='word_1_280' title='bbox 1173 3789 1264 3850; x_wconf 90' lang='lat' dir='ltr'>litere</span> <span class='ocrx_word' id='word_1_281' title='bbox 1288 3808 1391 3870; x_wconf 87' lang='lat' dir='ltr'>oppor</span> 
     </span>
     <span class='ocr_line' id='line_1_32' title="bbox 151 3894 1403 3977; baseline 0.001 -22"><span class='ocrx_word' id='word_1_282' title='bbox 151 3904 220 3956; x_wconf 85' lang='lat' dir='ltr'>tune</span> <span class='ocrx_word' id='word_1_283' title='bbox 245 3913 345 3977; x_wconf 87' lang='lat' dir='ltr'>penes</span> <span class='ocrx_word' id='word_1_284' title='bbox 369 3894 631 3955; x_wconf 91' lang='lat' dir='ltr'>consvetudinem</span> <span class='ocrx_word' id='word_1_285' title='bbox 658 3895 859 3955; x_wconf 89' lang='lat' dir='ltr'>observatam</span> <span class='ocrx_word' id='word_1_286' title='bbox 880 3896 1128 3974; x_wconf 87' lang='lat' dir='ltr'>extradarentur,</span> <span class='ocrx_word' id='word_1_287' title='bbox 1152 3896 1227 3957; x_wconf 93' lang='lat' dir='ltr'>ideo</span> <span class='ocrx_word' id='word_1_288' title='bbox 1252 3916 1310 3956; x_wconf 94' lang='lat' dir='ltr'>nos</span> <span class='ocrx_word' id='word_1_289' title='bbox 1334 3896 1403 3956; x_wconf 91' lang='lat' dir='ltr'>uni·</span> 
     </span>
     <span class='ocr_line' id='line_1_33' title="bbox 146 4001 1403 4085; baseline 0.003 -26"><span class='ocrx_word' id='word_1_290' title='bbox 146 4019 244 4064; x_wconf 88' lang='lat' dir='ltr'>versas</span> <span class='ocrx_word' id='word_1_291' title='bbox 269 4001 471 4084; x_wconf 87' lang='lat' dir='ltr'>possessione</span> <span class='ocrx_word' id='word_1_292' title='bbox 488 4021 583 4084; x_wconf 88' lang='lat' dir='ltr'>supra</span> <span class='ocrx_word' id='word_1_293' title='bbox 608 4003 798 4080; x_wconf 87' lang='lat' dir='ltr'>nominatas,</span> <span class='ocrx_word' id='word_1_294' title='bbox 820 4022 899 4083; x_wconf 90' lang='lat' dir='ltr'>quas</span> <span class='ocrx_word' id='word_1_295' title='bbox 916 4001 1055 4085; x_wconf 79' lang='lat' dir='ltr'>prefatus</span> <span class='ocrx_word' id='word_1_296' title='bbox 1073 4004 1234 4064; x_wconf 89' lang='lat' dir='ltr'>Johannes</span> <span class='ocrx_word' id='word_1_297' title='bbox 1249 4002 1403 4064; x_wconf 88' lang='lat' dir='ltr'>Saronich</span> 
     </span>
     <span class='ocr_line' id='line_1_34' title="bbox 148 4104 1403 4190; baseline 0.001 -22"><span class='ocrx_word' id='word_1_298' title='bbox 148 4104 243 4170; x_wconf 77' lang='lat' dir='ltr'>fassus</span> <span class='ocrx_word' id='word_1_299' title='bbox 267 4107 381 4186; x_wconf 87' lang='lat' dir='ltr'>fuerat,</span> <span class='ocrx_word' id='word_1_300' title='bbox 405 4108 510 4170; x_wconf 90' lang='lat' dir='ltr'>eidem</span> <span class='ocrx_word' id='word_1_301' title='bbox 536 4108 1032 4190; x_wconf 78' lang='lat' dir='ltr'>possidendasadjudicavimus3</span> <span class='ocrx_word' id='word_1_302' title='bbox 1051 4111 1104 4170; x_wconf 92' lang='lat' dir='ltr'>ubi</span> <span class='ocrx_word' id='word_1_303' title='bbox 1130 4124 1237 4171; x_wconf 90' lang='lat' dir='ltr'>autem</span> <span class='ocrx_word' id='word_1_304' title='bbox 1263 4108 1403 4190; x_wconf 83' lang='lat' dir='ltr'>prefatus</span> 
     </span>
     <span class='ocr_line' id='line_1_35' title="bbox 147 4213 1405 4295; baseline 0.002 -20"><span class='ocrx_word' id='word_1_305' title='bbox 147 4213 296 4277; x_wconf 89' lang='lat' dir='ltr'>dominus</span> <span class='ocrx_word' id='word_1_306' title='bbox 320 4215 487 4277; x_wconf 88' lang='lat' dir='ltr'>Emericus</span> <span class='ocrx_word' id='word_1_307' title='bbox 511 4215 639 4278; x_wconf 88' lang='lat' dir='ltr'>Therek</span> <span class='ocrx_word' id='word_1_308' title='bbox 657 4229 711 4276; x_wconf 88' lang='lat' dir='ltr'>aut</span> <span class='ocrx_word' id='word_1_309' title='bbox 728 4216 879 4277; x_wconf 91' lang='lat' dir='ltr'>dominus</span> <span class='ocrx_word' id='word_1_310' title='bbox 897 4215 1012 4276; x_wconf 82' lang='lat' dir='ltr'>Sowan</span> <span class='ocrx_word' id='word_1_311' title='bbox 1032 4231 1218 4295; x_wconf 88' lang='lat' dir='ltr'>procurator</span> <span class='ocrx_word' id='word_1_312' title='bbox 1235 4236 1310 4276; x_wconf 90' lang='lat' dir='ltr'>suus</span> <span class='ocrx_word' id='word_1_313' title='bbox 1328 4216 1405 4278; x_wconf 91' lang='lat' dir='ltr'>dicit</span> 
     </span>
     <span class='ocr_line' id='line_1_36' title="bbox 143 4320 1404 4403; baseline 0.002 -22"><span class='ocrx_word' id='word_1_314' title='bbox 143 4322 333 4383; x_wconf 76' lang='lat' dir='ltr'>sodomum</span> <span class='ocrx_word' id='word_1_315' title='bbox 358 4320 544 4383; x_wconf 82' lang='lat' dir='ltr'>reformasse</span> <span class='ocrx_word' id='word_1_316' title='bbox 570 4335 601 4383; x_wconf 90' lang='lat' dir='ltr'>et</span> <span class='ocrx_word' id='word_1_317' title='bbox 625 4337 743 4383; x_wconf 90' lang='lat' dir='ltr'>certam</span> <span class='ocrx_word' id='word_1_318' title='bbox 771 4322 941 4403; x_wconf 88' lang='lat' dir='ltr'>pecuniam</span> <span class='ocrx_word' id='word_1_319' title='bbox 967 4321 1006 4382; x_wconf 91' lang='lat' dir='ltr'>ad</span> <span class='ocrx_word' id='word_1_320' title='bbox 1032 4321 1167 4383; x_wconf 89' lang='lat' dir='ltr'>eandem</span> <span class='ocrx_word' id='word_1_321' title='bbox 1192 4321 1327 4383; x_wconf 92' lang='lat' dir='ltr'>domum</span> <span class='ocrx_word' id='word_1_322' title='bbox 1353 4342 1404 4383; x_wconf 90' lang='lat' dir='ltr'>ex·</span> 
     </span>
     <span class='ocr_line' id='line_1_37' title="bbox 142 4426 1405 4509; baseline -0.001 -20"><span class='ocrx_word' id='word_1_323' title='bbox 142 4429 295 4508; x_wconf 87' lang='lat' dir='ltr'>posuisse,</span> <span class='ocrx_word' id='word_1_324' title='bbox 331 4427 374 4488; x_wconf 91' lang='lat' dir='ltr'>ita</span> <span class='ocrx_word' id='word_1_325' title='bbox 410 4427 684 4508; x_wconf 88' lang='lat' dir='ltr'>adjudicavimus,</span> <span class='ocrx_word' id='word_1_326' title='bbox 717 4448 813 4509; x_wconf 89' lang='lat' dir='ltr'>super</span> <span class='ocrx_word' id='word_1_327' title='bbox 848 4447 1056 4508; x_wconf 90' lang='lat' dir='ltr'>quocumque</span> <span class='ocrx_word' id='word_1_328' title='bbox 1088 4426 1227 4509; x_wconf 80' lang='lat' dir='ltr'>prefatus</span> <span class='ocrx_word' id='word_1_329' title='bbox 1259 4429 1405 4509; x_wconf 86' lang='lat' dir='ltr'>egregius</span> 
     </span>
     <span class='ocr_line' id='line_1_38' title="bbox 141 4533 1403 4616; baseline 0 -22"><span class='ocrx_word' id='word_1_330' title='bbox 141 4533 307 4596; x_wconf 86' lang='lat' dir='ltr'>Emericus</span> <span class='ocrx_word' id='word_1_331' title='bbox 341 4533 471 4596; x_wconf 87' lang='lat' dir='ltr'>Therek</span> <span class='ocrx_word' id='word_1_332' title='bbox 502 4549 557 4596; x_wconf 91' lang='lat' dir='ltr'>aut</span> <span class='ocrx_word' id='word_1_333' title='bbox 589 4549 776 4616; x_wconf 87' lang='lat' dir='ltr'>procurator</span> <span class='ocrx_word' id='word_1_334' title='bbox 812 4554 888 4594; x_wconf 91' lang='lat' dir='ltr'>suus</span> <span class='ocrx_word' id='word_1_335' title='bbox 919 4535 1132 4614; x_wconf 85' lang='lat' dir='ltr'>juramentum</span> <span class='ocrx_word' id='word_1_336' title='bbox 1166 4534 1347 4616; x_wconf 89' lang='lat' dir='ltr'>prestiterit,</span> <span class='ocrx_word' id='word_1_337' title='bbox 1372 4535 1403 4594; x_wconf 92' lang='lat' dir='ltr'>id</span> 
     </span>
     <span class='ocr_line' id='line_1_39' title="bbox 139 4637 1404 4722; baseline 0.001 -22"><span class='ocrx_word' id='word_1_338' title='bbox 139 4637 279 4722; x_wconf 83' lang='lat' dir='ltr'>prefatus</span> <span class='ocrx_word' id='word_1_339' title='bbox 304 4638 466 4702; x_wconf 89' lang='lat' dir='ltr'>Johannes</span> <span class='ocrx_word' id='word_1_340' title='bbox 492 4640 647 4702; x_wconf 91' lang='lat' dir='ltr'>Saronich</span> <span class='ocrx_word' id='word_1_341' title='bbox 673 4641 731 4722; x_wconf 93' lang='lat' dir='ltr'>ipsi</span> <span class='ocrx_word' id='word_1_342' title='bbox 758 4640 891 4700; x_wconf 93' lang='lat' dir='ltr'>domino</span> <span class='ocrx_word' id='word_1_343' title='bbox 915 4641 1062 4701; x_wconf 86' lang='lat' dir='ltr'>Emerico</span> <span class='ocrx_word' id='word_1_344' title='bbox 1087 4641 1216 4702; x_wconf 88' lang='lat' dir='ltr'>Therek</span> <span class='ocrx_word' id='word_1_345' title='bbox 1240 4641 1404 4701; x_wconf 89' lang='lat' dir='ltr'>restituere</span> 
     </span>
     <span class='ocr_line' id='line_1_40' title="bbox 138 4746 1405 4828; baseline -0.002 -19"><span class='ocrx_word' id='word_1_346' title='bbox 138 4761 287 4809; x_wconf 84' lang='lat' dir='ltr'>teneatur</span> <span class='ocrx_word' id='word_1_347' title='bbox 304 4760 335 4806; x_wconf 90' lang='lat' dir='ltr'>et</span> <span class='ocrx_word' id='word_1_348' title='bbox 352 4746 478 4825; x_wconf 91' lang='lat' dir='ltr'>debeat,</span> <span class='ocrx_word' id='word_1_349' title='bbox 495 4747 664 4828; x_wconf 90' lang='lat' dir='ltr'>pecuniam</span> <span class='ocrx_word' id='word_1_350' title='bbox 683 4761 790 4808; x_wconf 89' lang='lat' dir='ltr'>autern</span> <span class='ocrx_word' id='word_1_351' title='bbox 809 4766 906 4827; x_wconf 89' lang='lat' dir='ltr'>quam</span> <span class='ocrx_word' id='word_1_352' title='bbox 924 4747 1076 4807; x_wconf 91' lang='lat' dir='ltr'>dominus</span> <span class='ocrx_word' id='word_1_353' title='bbox 1094 4747 1259 4807; x_wconf 87' lang='lat' dir='ltr'>Emericus</span> <span class='ocrx_word' id='word_1_354' title='bbox 1276 4746 1405 4806; x_wconf 87' lang='lat' dir='ltr'>Therek</span> 
     </span>
     <span class='ocr_line' id='line_1_41' title="bbox 135 4849 1403 4935; baseline -0.003 -20"><span class='ocrx_word' id='word_1_355' title='bbox 135 4867 192 4917; x_wconf 89' lang='lat' dir='ltr'>aut</span> <span class='ocrx_word' id='word_1_356' title='bbox 225 4871 303 4914; x_wconf 89' lang='lat' dir='ltr'>suus</span> <span class='ocrx_word' id='word_1_357' title='bbox 335 4866 521 4935; x_wconf 89' lang='lat' dir='ltr'>procurator</span> <span class='ocrx_word' id='word_1_358' title='bbox 554 4851 696 4931; x_wconf 86' lang='lat' dir='ltr'>Georgio</span> <span class='ocrx_word' id='word_1_359' title='bbox 733 4853 771 4912; x_wconf 91' lang='lat' dir='ltr'>de</span> <span class='ocrx_word' id='word_1_360' title='bbox 803 4851 960 4913; x_wconf 88' lang='lat' dir='ltr'>Schitario</span> <span class='ocrx_word' id='word_1_361' title='bbox 993 4852 1024 4911; x_wconf 94' lang='lat' dir='ltr'>in</span> <span class='ocrx_word' id='word_1_362' title='bbox 1057 4865 1174 4913; x_wconf 91' lang='lat' dir='ltr'>sortem</span> <span class='ocrx_word' id='word_1_363' title='bbox 1210 4849 1403 4932; x_wconf 85' lang='lat' dir='ltr'>prefatarum</span> 
     </span>
     <span class='ocr_line' id='line_1_42' title="bbox 136 4956 1411 5046; baseline -0.002 -24"><span class='ocrx_word' id='word_1_364' title='bbox 136 4959 381 5046; x_wconf 82' lang='lat' dir='ltr'>possessionum</span> <span class='ocrx_word' id='word_1_365' title='bbox 407 4958 532 5021; x_wconf 88' lang='lat' dir='ltr'>dedisse</span> <span class='ocrx_word' id='word_1_366' title='bbox 555 4958 681 5037; x_wconf 92' lang='lat' dir='ltr'>dicitur,</span> <span class='ocrx_word' id='word_1_367' title='bbox 706 4959 801 5020; x_wconf 92' lang='lat' dir='ltr'>talem</span> <span class='ocrx_word' id='word_1_368' title='bbox 835 4959 1006 5040; x_wconf 88' lang='lat' dir='ltr'>pecuniam</span> <span class='ocrx_word' id='word_1_369' title='bbox 1031 4960 1070 5019; x_wconf 94' lang='lat' dir='ltr'>ab</span> <span class='ocrx_word' id='word_1_370' title='bbox 1103 4958 1173 5042; x_wconf 89' lang='lat' dir='ltr'>ipso</span> <span class='ocrx_word' id='word_1_371' title='bbox 1198 4957 1345 5040; x_wconf 65' lang='lat' dir='ltr'>Georgia</span> <span class='ocrx_word' id='word_1_372' title='bbox 1369 4956 1411 5019; x_wconf 80' lang='lat' dir='ltr'>dc</span> 
     </span>
    </p>
   </div>
   <div class='ocr_carea' id='block_1_2' title="bbox 0 0 1589 5356">
    <p class='ocr_par' dir='ltr' id='par_1_2' title="bbox 0 0 1589 5356">
     <span class='ocr_line' id='line_1_43' title="bbox 0 0 1589 5356; baseline 0 0"><span class='ocrx_word' id='word_1_373' title='bbox 0 0 1589 5356; x_wconf 95' lang='lat' dir='ltr'> </span> 
     </span>
    </p>
   </div>
  </div>
 </body>
</html>
