<?xml version="1.0" encoding="UTF-8"?>
<!DOCTYPE html PUBLIC "-//W3C//DTD XHTML 1.0 Transitional//EN"
    "http://www.w3.org/TR/xhtml1/DTD/xhtml1-transitional.dtd">
<html xmlns="http://www.w3.org/1999/xhtml" xml:lang="en" lang="en">
 <head>
  <title>
</title>
<meta http-equiv="Content-Type" content="text/html;charset=utf-8" />
  <meta name='ocr-system' content='tesseract 3.04.00' />
  <meta name='ocr-capabilities' content='ocr_page ocr_carea ocr_par ocr_line ocrx_word'/>
</head>
<body>
  <div class='ocr_page' id='page_1' title='image "./monumentahistor17laszgoog_0646.png"; bbox 0 0 3142 5356; ppageno 0'>
   <div class='ocr_carea' id='block_1_1' title="bbox 684 349 1417 431">
    <p class='ocr_par' dir='ltr' id='par_1_1' title="bbox 684 349 1417 431">
     <span class='ocr_line' id='line_1_1' title="bbox 684 349 1417 431; baseline 0.004 -25"><span class='ocrx_word' id='word_1_1' title='bbox 684 351 771 406; x_wconf 84' lang='lat' dir='ltr'><strong>Anno</strong></span> <span class='ocrx_word' id='word_1_2' title='bbox 794 363 885 426; x_wconf 75' lang='lat'><em>1434.</em></span> <span class='ocrx_word' id='word_1_3' title='bbox 1355 349 1417 431; x_wconf 86' lang='lat'><strong>267</strong></span> 
     </span>
    </p>
   </div>
   <div class='ocr_carea' id='block_1_2' title="bbox 148 452 619 463">
    <p class='ocr_par' dir='ltr' id='par_1_2' title="bbox 148 452 619 463">
     <span class='ocr_line' id='line_1_2' title="bbox 148 452 619 463; baseline 0.002 -2"><span class='ocrx_word' id='word_1_4' title='bbox 148 452 419 462; x_wconf 53' lang='lat'>*--——=—--—</span> <span class='ocrx_word' id='word_1_5' title='bbox 433 458 440 463; x_wconf 94' lang='lat'><em>.</em></span> <span class='ocrx_word' id='word_1_6' title='bbox 466 457 502 462; x_wconf 80' lang='grc'>....</span> <span class='ocrx_word' id='word_1_7' title='bbox 519 457 603 462; x_wconf 53' lang='lat' dir='ltr'><strong>-nm</strong></span> <span class='ocrx_word' id='word_1_8' title='bbox 616 458 619 462; x_wconf 84' lang='lat'><strong>.</strong></span> 
     </span>
    </p>
   </div>
   <div class='ocr_carea' id='block_1_3' title="bbox 148 557 1419 857">
    <p class='ocr_par' dir='ltr' id='par_1_3' title="bbox 148 557 1419 857">
     <span class='ocr_line' id='line_1_3' title="bbox 149 557 1419 644; baseline 0.002 -24"><span class='ocrx_word' id='word_1_9' title='bbox 149 557 219 620; x_wconf 87' lang='lat' dir='ltr'><strong>filie</strong></span> <span class='ocrx_word' id='word_1_10' title='bbox 254 561 390 622; x_wconf 91' lang='lat' dir='ltr'><strong>condam</strong></span> <span class='ocrx_word' id='word_1_11' title='bbox 430 561 582 644; x_wconf 83' lang='lat' dir='ltr'>Stephani</span> <span class='ocrx_word' id='word_1_12' title='bbox 620 561 760 622; x_wconf 89' lang='lat' dir='ltr'><strong>salivene</strong></span> <span class='ocrx_word' id='word_1_13' title='bbox 793 581 849 643; x_wconf 90' lang='lat' dir='ltr'><strong>per</strong></span> <span class='ocrx_word' id='word_1_14' title='bbox 885 562 1085 643; x_wconf 85' lang='lat' dir='ltr'>legacionem</span> <span class='ocrx_word' id='word_1_15' title='bbox 1118 563 1261 624; x_wconf 90' lang='lat' dir='ltr'><strong>eiusdem</strong></span> <span class='ocrx_word' id='word_1_16' title='bbox 1298 576 1328 624; x_wconf 91' lang='lat' dir='ltr'><strong>et</strong></span> <span class='ocrx_word' id='word_1_17' title='bbox 1363 582 1419 644; x_wconf 90' lang='lat' dir='ltr'><strong>per</strong></span> 
     </span>
     <span class='ocr_line' id='line_1_4' title="bbox 150 667 1417 751; baseline 0.002 -25"><span class='ocrx_word' id='word_1_18' title='bbox 150 669 460 748; x_wconf 75' lang='lat' dir='ltr'><strong>comprobationem</strong></span> <span class='ocrx_word' id='word_1_19' title='bbox 495 669 594 749; x_wconf 88' lang='lat' dir='ltr'><strong>ipsius</strong></span> <span class='ocrx_word' id='word_1_20' title='bbox 619 667 819 747; x_wconf 85' lang='lat' dir='ltr'><strong>Margarethe</strong></span> <span class='ocrx_word' id='word_1_21' title='bbox 852 669 1025 730; x_wconf 83' lang='lat' dir='ltr'>literatorie</span> <span class='ocrx_word' id='word_1_22' title='bbox 1057 683 1132 730; x_wconf 88' lang='lat' dir='ltr'><strong>sunt</strong></span> <span class='ocrx_word' id='word_1_23' title='bbox 1154 683 1270 731; x_wconf 91' lang='lat' dir='ltr'><strong>statute</strong></span> <span class='ocrx_word' id='word_1_24' title='bbox 1295 682 1325 729; x_wconf 92' lang='lat' dir='ltr'><strong>et</strong></span> <span class='ocrx_word' id='word_1_25' title='bbox 1348 688 1417 751; x_wconf 89' lang='lat' dir='ltr'><strong>per·</strong></span> 
     </span>
     <span class='ocr_line' id='line_1_5' title="bbox 148 772 1358 857; baseline 0.002 -24"><span class='ocrx_word' id='word_1_26' title='bbox 148 786 282 854; x_wconf 91' lang='lat' dir='ltr'><strong>petuate</strong></span> <span class='ocrx_word' id='word_1_27' title='bbox 307 794 343 835; x_wconf 90' lang='lat' dir='ltr'><strong>ac</strong></span> <span class='ocrx_word' id='word_1_28' title='bbox 367 775 474 855; x_wconf 82' lang='lat' dir='ltr'><strong>sigillo</strong></span> <span class='ocrx_word' id='word_1_29' title='bbox 499 776 738 835; x_wconf 83' lang='lat' dir='ltr'><strong>communitatis</strong></span> <span class='ocrx_word' id='word_1_30' title='bbox 763 772 949 836; x_wconf 87' lang='lat' dir='ltr'><strong>confirmate</strong></span> <span class='ocrx_word' id='word_1_31' title='bbox 975 790 1130 857; x_wconf 91' lang='lat' dir='ltr'><strong>perpetuo</strong></span> <span class='ocrx_word' id='word_1_32' title='bbox 1155 775 1358 857; x_wconf 82' lang='lat' dir='ltr'><strong>possidenda.</strong></span> 
     </span>
    </p>
   </div>
   <div class='ocr_carea' id='block_1_4' title="bbox 204 994 1353 1208">
    <p class='ocr_par' dir='ltr' id='par_1_4' title="bbox 204 994 1353 1208">
     <span class='ocr_line' id='line_1_6' title="bbox 204 994 1353 1085; baseline 0.002 -21"><span class='ocrx_word' id='word_1_33' title='bbox 204 994 289 1065; x_wconf 87' lang='lat' dir='ltr'><strong>Item</strong></span> <span class='ocrx_word' id='word_1_34' title='bbox 317 995 402 1066; x_wconf 87' lang='lat' dir='ltr'><strong>leria</strong></span> <span class='ocrx_word' id='word_1_35' title='bbox 432 1003 531 1066; x_wconf 82' lang='lat' dir='ltr'><strong>sexta</strong></span> <span class='ocrx_word' id='word_1_36' title='bbox 560 994 713 1084; x_wconf 84' lang='lat' dir='ltr'><strong>proxima</strong></span> <span class='ocrx_word' id='word_1_37' title='bbox 742 1005 818 1085; x_wconf 86' lang='lat' dir='ltr'><strong>post</strong></span> <span class='ocrx_word' id='word_1_38' title='bbox 847 997 968 1067; x_wconf 84' lang='lat' dir='ltr'><strong>festum</strong></span> <span class='ocrx_word' id='word_1_39' title='bbox 998 995 1228 1068; x_wconf 83' lang='lat' dir='ltr'><strong>Conversionis</strong></span> <span class='ocrx_word' id='word_1_40' title='bbox 1265 995 1353 1067; x_wconf 88' lang='lat' dir='ltr'><strong>beati</strong></span> 
     </span>
     <span class='ocr_line' id='line_1_7' title="bbox 644 1119 925 1208; baseline 0.004 -20"><span class='ocrx_word' id='word_1_41' title='bbox 644 1119 740 1191; x_wconf 89' lang='lat' dir='ltr'><strong>Pauli</strong></span> <span class='ocrx_word' id='word_1_42' title='bbox 769 1120 925 1208; x_wconf 86' lang='lat' dir='ltr'><strong>apostoli.</strong></span> 
     </span>
    </p>
   </div>
   <div class='ocr_carea' id='block_1_5' title="bbox 662 1273 904 1350">
    <p class='ocr_par' dir='ltr' id='par_1_5' title="bbox 662 1273 904 1350">
     <span class='ocr_line' id='line_1_8' title="bbox 662 1273 904 1350; baseline 0.017 -20"><span class='ocrx_word' id='word_1_43' title='bbox 662 1273 726 1347; x_wconf 73' lang='lat'><strong>(29.</strong></span> <span class='ocrx_word' id='word_1_44' title='bbox 743 1273 904 1350; x_wconf 68' lang='lat' dir='ltr'><strong>januaria).</strong></span> 
     </span>
    </p>
   </div>
   <div class='ocr_carea' id='block_1_6' title="bbox 146 1413 1417 4906">
    <p class='ocr_par' dir='ltr' id='par_1_6' title="bbox 148 1413 1417 2773">
     <span class='ocr_line' id='line_1_9' title="bbox 258 1413 1417 1496; baseline 0.003 -23"><span class='ocrx_word' id='word_1_45' title='bbox 258 1413 334 1474; x_wconf 83' lang='lat' dir='ltr'><strong>Item</strong></span> <span class='ocrx_word' id='word_1_46' title='bbox 368 1413 501 1496; x_wconf 89' lang='lat' dir='ltr'><strong>provida</strong></span> <span class='ocrx_word' id='word_1_47' title='bbox 534 1415 649 1476; x_wconf 88' lang='lat' dir='ltr'><strong>mulier</strong></span> <span class='ocrx_word' id='word_1_48' title='bbox 677 1415 791 1476; x_wconf 91' lang='lat' dir='ltr'><strong>Vrsula</strong></span> <span class='ocrx_word' id='word_1_49' title='bbox 823 1429 937 1476; x_wconf 89' lang='lat' dir='ltr'><strong>vocata</strong></span> <span class='ocrx_word' id='word_1_50' title='bbox 976 1414 1084 1476; x_wconf 92' lang='lat' dir='ltr'><strong>relicta</strong></span> <span class='ocrx_word' id='word_1_51' title='bbox 1118 1414 1256 1475; x_wconf 89' lang='lat' dir='ltr'><strong>condam</strong></span> <span class='ocrx_word' id='word_1_52' title='bbox 1289 1413 1417 1476; x_wconf 91' lang='lat' dir='ltr'><strong>Thome</strong></span> 
     </span>
     <span class='ocr_line' id='line_1_10' title="bbox 149 1519 1417 1601; baseline 0.001 -20"><span class='ocrx_word' id='word_1_53' title='bbox 149 1520 272 1581; x_wconf 88' lang='lat' dir='ltr'><strong>sutoris</strong></span> <span class='ocrx_word' id='word_1_54' title='bbox 296 1520 371 1581; x_wconf 90' lang='lat' dir='ltr'><strong>dicti</strong></span> <span class='ocrx_word' id='word_1_55' title='bbox 396 1520 528 1581; x_wconf 88' lang='lat' dir='ltr'><strong>Kriuich</strong></span> <span class='ocrx_word' id='word_1_56' title='bbox 561 1519 617 1581; x_wconf 88' lang='lat' dir='ltr'><strong>filii</strong></span> <span class='ocrx_word' id='word_1_57' title='bbox 645 1521 800 1582; x_wconf 86' lang='lat' dir='ltr'><strong>lobannis</strong></span> <span class='ocrx_word' id='word_1_58' title='bbox 831 1521 906 1582; x_wconf 89' lang='lat' dir='ltr'><strong>dicti</strong></span> <span class='ocrx_word' id='word_1_59' title='bbox 933 1521 1107 1601; x_wconf 85' lang='lat' dir='ltr'><strong>Orgowan,</strong></span> <span class='ocrx_word' id='word_1_60' title='bbox 1133 1521 1274 1582; x_wconf 89' lang='lat' dir='ltr'>concivis</span> <span class='ocrx_word' id='word_1_61' title='bbox 1298 1534 1417 1598; x_wconf 91' lang='lat' dir='ltr'><strong>nostra,</strong></span> 
     </span>
     <span class='ocr_line' id='line_1_11' title="bbox 149 1624 1416 1708; baseline -0.001 -21"><span class='ocrx_word' id='word_1_62' title='bbox 149 1626 315 1708; x_wconf 91' lang='lat' dir='ltr'><strong>quandam</strong></span> <span class='ocrx_word' id='word_1_63' title='bbox 342 1626 476 1687; x_wconf 94' lang='lat' dir='ltr'><strong>domum</strong></span> <span class='ocrx_word' id='word_1_64' title='bbox 502 1647 593 1687; x_wconf 89' lang='lat' dir='ltr'><strong>suam</strong></span> <span class='ocrx_word' id='word_1_65' title='bbox 618 1627 714 1688; x_wconf 87' lang='lat' dir='ltr'><strong>simul</strong></span> <span class='ocrx_word' id='word_1_66' title='bbox 743 1647 815 1688; x_wconf 93' lang='lat' dir='ltr'><strong>cum</strong></span> <span class='ocrx_word' id='word_1_67' title='bbox 851 1625 953 1688; x_wconf 86' lang='lat' dir='ltr'><strong>fundo</strong></span> <span class='ocrx_word' id='word_1_68' title='bbox 979 1639 1009 1688; x_wconf 90' lang='lat' dir='ltr'><strong>et</strong></span> <span class='ocrx_word' id='word_1_69' title='bbox 1034 1624 1188 1687; x_wconf 88' lang='lat' dir='ltr'><strong>hedificiis</strong></span> <span class='ocrx_word' id='word_1_70' title='bbox 1213 1627 1244 1687; x_wconf 96' lang='lat' dir='ltr'><strong>in</strong></span> <span class='ocrx_word' id='word_1_71' title='bbox 1270 1627 1341 1687; x_wconf 88' lang='lat' dir='ltr'><strong>vico</strong></span> <span class='ocrx_word' id='word_1_72' title='bbox 1366 1647 1416 1686; x_wconf 85' lang='lat' dir='ltr'><strong>ex-</strong></span> 
     </span>
     <span class='ocr_line' id='line_1_12' title="bbox 148 1732 1416 1814; baseline 0.001 -21"><span class='ocrx_word' id='word_1_73' title='bbox 148 1733 260 1794; x_wconf 83' lang='lat' dir='ltr'><strong>teriori</strong></span> <span class='ocrx_word' id='word_1_74' title='bbox 286 1748 431 1794; x_wconf 91' lang='lat' dir='ltr'><strong>sutorum</strong></span> <span class='ocrx_word' id='word_1_75' title='bbox 458 1734 539 1794; x_wconf 90' lang='lat' dir='ltr'><strong>inter</strong></span> <span class='ocrx_word' id='word_1_76' title='bbox 563 1733 678 1795; x_wconf 90' lang='lat' dir='ltr'><strong>domos</strong></span> <span class='ocrx_word' id='word_1_77' title='bbox 712 1749 742 1794; x_wconf 92' lang='lat' dir='ltr'><strong>et</strong></span> <span class='ocrx_word' id='word_1_78' title='bbox 770 1732 888 1794; x_wconf 83' lang='lat' dir='ltr'><strong>fundos</strong></span> <span class='ocrx_word' id='word_1_79' title='bbox 921 1734 1044 1794; x_wconf 93' lang='lat' dir='ltr'><strong>domini</strong></span> <span class='ocrx_word' id='word_1_80' title='bbox 1070 1732 1226 1794; x_wconf 83' lang='lat' dir='ltr'><strong>Anthonii</strong></span> <span class='ocrx_word' id='word_1_81' title='bbox 1252 1733 1416 1814; x_wconf 84' lang='lat' dir='ltr'><strong>presbiteri</strong></span> 
     </span>
     <span class='ocr_line' id='line_1_13' title="bbox 152 1838 1417 1922; baseline -0.001 -22"><span class='ocrx_word' id='word_1_82' title='bbox 152 1839 356 1922; x_wconf 91' lang='lat' dir='ltr'><strong>prebendarii</strong></span> <span class='ocrx_word' id='word_1_83' title='bbox 391 1840 525 1901; x_wconf 86' lang='lat' dir='ltr'><strong>ecclesie</strong></span> <span class='ocrx_word' id='word_1_84' title='bbox 558 1841 658 1901; x_wconf 90' lang='lat' dir='ltr'><strong>sancti</strong></span> <span class='ocrx_word' id='word_1_85' title='bbox 692 1841 775 1921; x_wconf 91' lang='lat' dir='ltr'><strong>regis</strong></span> <span class='ocrx_word' id='word_1_86' title='bbox 807 1839 960 1922; x_wconf 85' lang='lat' dir='ltr'><strong>Stephani</strong></span> <span class='ocrx_word' id='word_1_87' title='bbox 997 1856 1027 1900; x_wconf 88' lang='lat' dir='ltr'><strong>et</strong></span> <span class='ocrx_word' id='word_1_88' title='bbox 1059 1839 1190 1920; x_wconf 85' lang='lat' dir='ltr'><strong>Georgii</strong></span> <span class='ocrx_word' id='word_1_89' title='bbox 1225 1839 1300 1899; x_wconf 91' lang='lat' dir='ltr'><strong>dicti</strong></span> <span class='ocrx_word' id='word_1_90' title='bbox 1334 1838 1417 1901; x_wconf 92' lang='lat' dir='ltr'><strong>Gur·</strong></span> 
     </span>
     <span class='ocr_line' id='line_1_14' title="bbox 150 1945 1416 2027; baseline 0.001 -21"><span class='ocrx_word' id='word_1_91' title='bbox 150 1947 267 2027; x_wconf 88' lang='lat' dir='ltr'><strong>gethek</strong></span> <span class='ocrx_word' id='word_1_92' title='bbox 292 1947 331 2008; x_wconf 91' lang='lat' dir='ltr'><strong>de</strong></span> <span class='ocrx_word' id='word_1_93' title='bbox 356 1947 489 2024; x_wconf 88' lang='lat' dir='ltr'><strong>Nowak,</strong></span> <span class='ocrx_word' id='word_1_94' title='bbox 516 1948 555 2007; x_wconf 89' lang='lat' dir='ltr'><strong>ab</strong></span> <span class='ocrx_word' id='word_1_95' title='bbox 581 1966 643 2007; x_wconf 89' lang='lat' dir='ltr'><strong>una</strong></span> <span class='ocrx_word' id='word_1_96' title='bbox 669 1962 769 2027; x_wconf 87' lang='lat' dir='ltr'><strong>parte,</strong></span> <span class='ocrx_word' id='word_1_97' title='bbox 795 1949 834 2007; x_wconf 90' lang='lat' dir='ltr'><strong>ab</strong></span> <span class='ocrx_word' id='word_1_98' title='bbox 856 1947 955 2007; x_wconf 90' lang='lat' dir='ltr'><strong>altera</strong></span> <span class='ocrx_word' id='word_1_99' title='bbox 979 1966 1055 2006; x_wconf 90' lang='lat' dir='ltr'><strong>vero</strong></span> <span class='ocrx_word' id='word_1_100' title='bbox 1078 1945 1253 2007; x_wconf 93' lang='lat' dir='ltr'><strong>liberorum</strong></span> <span class='ocrx_word' id='word_1_101' title='bbox 1279 1945 1416 2007; x_wconf 87' lang='lat' dir='ltr'><strong>condam</strong></span> 
     </span>
     <span class='ocr_line' id='line_1_15' title="bbox 152 2051 1416 2133; baseline 0 -21"><span class='ocrx_word' id='word_1_102' title='bbox 152 2051 243 2113; x_wconf 87' lang='lat' dir='ltr'><strong>Pauli</strong></span> <span class='ocrx_word' id='word_1_103' title='bbox 276 2051 351 2112; x_wconf 92' lang='lat' dir='ltr'><strong>dicti</strong></span> <span class='ocrx_word' id='word_1_104' title='bbox 386 2051 587 2113; x_wconf 88' lang='lat' dir='ltr'><strong>Dauidowch</strong></span> <span class='ocrx_word' id='word_1_105' title='bbox 619 2052 771 2131; x_wconf 88' lang='lat' dir='ltr'><strong>habitam,</strong></span> <span class='ocrx_word' id='word_1_106' title='bbox 805 2072 900 2113; x_wconf 89' lang='lat' dir='ltr'><strong>unam</strong></span> <span class='ocrx_word' id='word_1_107' title='bbox 934 2067 1080 2133; x_wconf 91' lang='lat' dir='ltr'><strong>quartam</strong></span> <span class='ocrx_word' id='word_1_108' title='bbox 1114 2053 1200 2113; x_wconf 92' lang='lat' dir='ltr'><strong>curie</strong></span> <span class='ocrx_word' id='word_1_109' title='bbox 1229 2053 1260 2112; x_wconf 93' lang='lat' dir='ltr'><strong>in</strong></span> <span class='ocrx_word' id='word_1_110' title='bbox 1287 2071 1319 2113; x_wconf 90' lang='lat' dir='ltr'><strong>se</strong></span> <span class='ocrx_word' id='word_1_111' title='bbox 1345 2053 1416 2114; x_wconf 90' lang='lat' dir='ltr'><strong>reti-</strong></span> 
     </span>
     <span class='ocr_line' id='line_1_16' title="bbox 151 2158 1416 2240; baseline 0.001 -22"><span class='ocrx_word' id='word_1_112' title='bbox 151 2173 293 2235; x_wconf 91' lang='lat' dir='ltr'><strong>nentem,</strong></span> <span class='ocrx_word' id='word_1_113' title='bbox 318 2159 414 2218; x_wconf 90' lang='lat' dir='ltr'><strong>simul</strong></span> <span class='ocrx_word' id='word_1_114' title='bbox 439 2178 510 2219; x_wconf 91' lang='lat' dir='ltr'><strong>curn</strong></span> <span class='ocrx_word' id='word_1_115' title='bbox 545 2159 684 2238; x_wconf 90' lang='lat' dir='ltr'><strong>quadam</strong></span> <span class='ocrx_word' id='word_1_116' title='bbox 720 2159 874 2240; x_wconf 89' lang='lat' dir='ltr'><strong>particula</strong></span> <span class='ocrx_word' id='word_1_117' title='bbox 908 2175 989 2220; x_wconf 91' lang='lat' dir='ltr'><strong>terre</strong></span> <span class='ocrx_word' id='word_1_118' title='bbox 1014 2161 1073 2220; x_wconf 90' lang='lat' dir='ltr'><strong>sub</strong></span> <span class='ocrx_word' id='word_1_119' title='bbox 1106 2158 1217 2220; x_wconf 89' lang='lat' dir='ltr'><strong>eadem</strong></span> <span class='ocrx_word' id='word_1_120' title='bbox 1243 2159 1341 2220; x_wconf 92' lang='lat' dir='ltr'><strong>domo</strong></span> <span class='ocrx_word' id='word_1_121' title='bbox 1366 2158 1416 2219; x_wconf 86' lang='lat' dir='ltr'><strong>vel</strong></span> 
     </span>
     <span class='ocr_line' id='line_1_17' title="bbox 151 2263 1416 2349; baseline 0 -23"><span class='ocrx_word' id='word_1_122' title='bbox 151 2266 228 2326; x_wconf 90' lang='lat' dir='ltr'><strong>citra</strong></span> <span class='ocrx_word' id='word_1_123' title='bbox 255 2265 420 2342; x_wconf 87' lang='lat' dir='ltr'><strong>existente,</strong></span> <span class='ocrx_word' id='word_1_124' title='bbox 444 2266 526 2325; x_wconf 85' lang='lat' dir='ltr'><strong>inter</strong></span> <span class='ocrx_word' id='word_1_125' title='bbox 550 2266 684 2347; x_wconf 86' lang='lat' dir='ltr'><strong>(h)ortos</strong></span> <span class='ocrx_word' id='word_1_126' title='bbox 714 2265 867 2347; x_wconf 87' lang='lat' dir='ltr'><strong>Stephani</strong></span> <span class='ocrx_word' id='word_1_127' title='bbox 900 2265 1047 2349; x_wconf 87' lang='lat' dir='ltr'><strong>pellificis</strong></span> <span class='ocrx_word' id='word_1_128' title='bbox 1078 2280 1110 2327; x_wconf 91' lang='lat' dir='ltr'><strong>et</strong></span> <span class='ocrx_word' id='word_1_129' title='bbox 1135 2266 1296 2326; x_wconf 88' lang='lat' dir='ltr'><strong>Dominici</strong></span> <span class='ocrx_word' id='word_1_130' title='bbox 1320 2263 1416 2327; x_wconf 84' lang='lat' dir='ltr'><strong>freni-</strong></span> 
     </span>
     <span class='ocr_line' id='line_1_18' title="bbox 149 2370 1416 2454; baseline 0 -22"><span class='ocrx_word' id='word_1_131' title='bbox 149 2371 237 2454; x_wconf 86' lang='lat' dir='ltr'><strong>paris</strong></span> <span class='ocrx_word' id='word_1_132' title='bbox 261 2371 339 2432; x_wconf 89' lang='lat' dir='ltr'><strong>alias</strong></span> <span class='ocrx_word' id='word_1_133' title='bbox 364 2370 457 2450; x_wconf 89' lang='lat' dir='ltr'><strong>jurati</strong></span> <span class='ocrx_word' id='word_1_134' title='bbox 483 2386 514 2432; x_wconf 93' lang='lat' dir='ltr'><strong>et</strong></span> <span class='ocrx_word' id='word_1_135' title='bbox 531 2372 672 2433; x_wconf 89' lang='lat' dir='ltr'><strong>concivis</strong></span> <span class='ocrx_word' id='word_1_136' title='bbox 697 2372 796 2433; x_wconf 90' lang='lat' dir='ltr'><strong>nostri</strong></span> <span class='ocrx_word' id='word_1_137' title='bbox 813 2371 933 2449; x_wconf 91' lang='lat' dir='ltr'><strong>habita,</strong></span> <span class='ocrx_word' id='word_1_138' title='bbox 958 2388 988 2433; x_wconf 89' lang='lat' dir='ltr'><strong>et</strong></span> <span class='ocrx_word' id='word_1_139' title='bbox 1012 2372 1083 2433; x_wconf 90' lang='lat' dir='ltr'><strong>aliis</strong></span> <span class='ocrx_word' id='word_1_140' title='bbox 1104 2373 1225 2433; x_wconf 92' lang='lat' dir='ltr'><strong>cunctis</strong></span> <span class='ocrx_word' id='word_1_141' title='bbox 1249 2372 1314 2432; x_wconf 90' lang='lat' dir='ltr'><strong>suis</strong></span> <span class='ocrx_word' id='word_1_142' title='bbox 1331 2371 1416 2432; x_wconf 92' lang='lat' dir='ltr'><strong>utili·</strong></span> 
     </span>
     <span class='ocr_line' id='line_1_19' title="bbox 149 2476 1416 2559; baseline -0.002 -19"><span class='ocrx_word' id='word_1_143' title='bbox 149 2478 271 2540; x_wconf 88' lang='lat' dir='ltr'><strong>tatibus</strong></span> <span class='ocrx_word' id='word_1_144' title='bbox 295 2491 326 2539; x_wconf 92' lang='lat' dir='ltr'><strong>et</strong></span> <span class='ocrx_word' id='word_1_145' title='bbox 349 2478 555 2559; x_wconf 88' lang='lat' dir='ltr'><strong>pertinenciis</strong></span> <span class='ocrx_word' id='word_1_146' title='bbox 592 2479 748 2540; x_wconf 89' lang='lat' dir='ltr'><strong>universis</strong></span> <span class='ocrx_word' id='word_1_147' title='bbox 772 2479 945 2540; x_wconf 83' lang='lat' dir='ltr'><strong>Valentino</strong></span> <span class='ocrx_word' id='word_1_148' title='bbox 979 2476 1046 2539; x_wconf 90' lang='lat' dir='ltr'><strong>filio</strong></span> <span class='ocrx_word' id='word_1_149' title='bbox 1072 2477 1203 2559; x_wconf 82' lang='lat' dir='ltr'><strong>Georgii</strong></span> <span class='ocrx_word' id='word_1_150' title='bbox 1229 2476 1416 2555; x_wconf 89' lang='lat' dir='ltr'><strong>Grabarich‚</strong></span> 
     </span>
     <span class='ocr_line' id='line_1_20' title="bbox 148 2584 1416 2664; baseline 0.001 -19"><span class='ocrx_word' id='word_1_151' title='bbox 148 2584 214 2663; x_wconf 91' lang='lat' dir='ltr'><strong>jam</strong></span> <span class='ocrx_word' id='word_1_152' title='bbox 240 2604 326 2646; x_wconf 94' lang='lat' dir='ltr'><strong>novo</strong></span> <span class='ocrx_word' id='word_1_153' title='bbox 350 2585 474 2646; x_wconf 90' lang='lat' dir='ltr'><strong>concivi</strong></span> <span class='ocrx_word' id='word_1_154' title='bbox 502 2600 623 2664; x_wconf 87' lang='lat' dir='ltr'><strong>nostro,</strong></span> <span class='ocrx_word' id='word_1_155' title='bbox 648 2585 782 2646; x_wconf 94' lang='lat' dir='ltr'><strong>domino</strong></span> <span class='ocrx_word' id='word_1_156' title='bbox 811 2605 887 2646; x_wconf 91' lang='lat' dir='ltr'><strong>vero</strong></span> <span class='ocrx_word' id='word_1_157' title='bbox 913 2600 943 2646; x_wconf 91' lang='lat' dir='ltr'><strong>et</strong></span> <span class='ocrx_word' id='word_1_158' title='bbox 967 2585 1082 2646; x_wconf 92' lang='lat' dir='ltr'><strong>marito</strong></span> <span class='ocrx_word' id='word_1_159' title='bbox 1107 2605 1165 2646; x_wconf 88' lang='lat' dir='ltr'><strong>suo</strong></span> <span class='ocrx_word' id='word_1_160' title='bbox 1189 2584 1349 2664; x_wconf 91' lang='lat' dir='ltr'><strong>legittimo</strong></span> <span class='ocrx_word' id='word_1_161' title='bbox 1373 2585 1416 2646; x_wconf 93' lang='lat' dir='ltr'><strong>ob</strong></span> 
     </span>
     <span class='ocr_line' id='line_1_21' title="bbox 150 2691 1370 2773; baseline 0.001 -21"><span class='ocrx_word' id='word_1_162' title='bbox 150 2710 294 2752; x_wconf 90' lang='lat' dir='ltr'><strong>amorem</strong></span> <span class='ocrx_word' id='word_1_163' title='bbox 320 2693 440 2752; x_wconf 87' lang='lat' dir='ltr'><strong>sincere</strong></span> <span class='ocrx_word' id='word_1_164' title='bbox 465 2692 567 2752; x_wconf 91' lang='lat' dir='ltr'><strong>virilis</strong></span> <span class='ocrx_word' id='word_1_165' title='bbox 584 2692 772 2753; x_wconf 88' lang='lat' dir='ltr'><strong>dileccionis</strong></span> <span class='ocrx_word' id='word_1_166' title='bbox 795 2691 928 2753; x_wconf 90' lang='lat' dir='ltr'><strong>donavit</strong></span> <span class='ocrx_word' id='word_1_167' title='bbox 953 2706 1109 2773; x_wconf 91' lang='lat' dir='ltr'><strong>perpetuo</strong></span> <span class='ocrx_word' id='word_1_168' title='bbox 1133 2691 1370 2772; x_wconf 87' lang='lat' dir='ltr'><strong>possidendam.</strong></span> 
     </span>
    </p>

    <p class='ocr_par' dir='ltr' id='par_1_7' title="bbox 148 2797 1415 3946">
     <span class='ocr_line' id='line_1_22' title="bbox 258 2797 1414 2879; baseline -0.002 -20"><span class='ocrx_word' id='word_1_169' title='bbox 258 2797 335 2860; x_wconf 90' lang='lat' dir='ltr'><strong>ltem</strong></span> <span class='ocrx_word' id='word_1_170' title='bbox 361 2798 517 2860; x_wconf 88' lang='lat' dir='ltr'><strong>medietas</strong></span> <span class='ocrx_word' id='word_1_171' title='bbox 542 2798 707 2859; x_wconf 90' lang='lat' dir='ltr'><strong>cuiusdam</strong></span> <span class='ocrx_word' id='word_1_172' title='bbox 739 2798 867 2876; x_wconf 91' lang='lat' dir='ltr'><strong>domus,</strong></span> <span class='ocrx_word' id='word_1_173' title='bbox 892 2797 995 2878; x_wconf 87' lang='lat' dir='ltr'><strong>fundi,</strong></span> <span class='ocrx_word' id='word_1_174' title='bbox 1021 2798 1193 2879; x_wconf 89' lang='lat' dir='ltr'><strong>celariique</strong></span> <span class='ocrx_word' id='word_1_175' title='bbox 1217 2797 1414 2859; x_wconf 89' lang='lat' dir='ltr'><strong>subterranei</strong></span> 
     </span>
     <span class='ocr_line' id='line_1_23' title="bbox 149 2903 1414 2988; baseline -0.002 -22"><span class='ocrx_word' id='word_1_176' title='bbox 149 2925 187 2966; x_wconf 92' lang='lat' dir='ltr'><strong>ac</strong></span> <span class='ocrx_word' id='word_1_177' title='bbox 210 2903 434 2966; x_wconf 92' lang='lat' dir='ltr'><strong>hedificiorum</strong></span> <span class='ocrx_word' id='word_1_178' title='bbox 460 2906 490 2965; x_wconf 95' lang='lat' dir='ltr'><strong>in</strong></span> <span class='ocrx_word' id='word_1_179' title='bbox 524 2906 678 2966; x_wconf 92' lang='lat' dir='ltr'><strong>suburbio</strong></span> <span class='ocrx_word' id='word_1_180' title='bbox 711 2906 847 2967; x_wconf 93' lang='lat' dir='ltr'><strong>civitatis</strong></span> <span class='ocrx_word' id='word_1_181' title='bbox 880 2906 911 2966; x_wconf 96' lang='lat' dir='ltr'><strong>in</strong></span> <span class='ocrx_word' id='word_1_182' title='bbox 945 2906 1050 2988; x_wconf 87' lang='lat' dir='ltr'><strong>platea</strong></span> <span class='ocrx_word' id='word_1_183' title='bbox 1082 2905 1233 2966; x_wconf 90' lang='lat' dir='ltr'><strong>videlicet</strong></span> <span class='ocrx_word' id='word_1_184' title='bbox 1256 2918 1414 2981; x_wconf 90' lang='lat' dir='ltr'><strong>sutorum,</strong></span> 
     </span>
     <span class='ocr_line' id='line_1_24' title="bbox 151 3010 1414 3097; baseline -0.001 -25"><span class='ocrx_word' id='word_1_185' title='bbox 151 3012 233 3073; x_wconf 90' lang='lat' dir='ltr'><strong>inter</strong></span> <span class='ocrx_word' id='word_1_186' title='bbox 257 3011 373 3073; x_wconf 91' lang='lat' dir='ltr'><strong>domos</strong></span> <span class='ocrx_word' id='word_1_187' title='bbox 397 3027 428 3073; x_wconf 91' lang='lat' dir='ltr'><strong>et</strong></span> <span class='ocrx_word' id='word_1_188' title='bbox 453 3010 571 3072; x_wconf 85' lang='lat' dir='ltr'><strong>fundos</strong></span> <span class='ocrx_word' id='word_1_189' title='bbox 595 3012 724 3093; x_wconf 90' lang='lat' dir='ltr'><strong>Mathye</strong></span> <span class='ocrx_word' id='word_1_190' title='bbox 756 3013 873 3072; x_wconf 92' lang='lat' dir='ltr'><strong>sutoris</strong></span> <span class='ocrx_word' id='word_1_191' title='bbox 897 3026 927 3072; x_wconf 91' lang='lat' dir='ltr'><strong>et</strong></span> <span class='ocrx_word' id='word_1_192' title='bbox 956 3017 1083 3097; x_wconf 85' lang='lat' dir='ltr'><strong>Agycze</strong></span> <span class='ocrx_word' id='word_1_193' title='bbox 1108 3011 1263 3089; x_wconf 88' lang='lat' dir='ltr'><strong>mulieris,</strong></span> <span class='ocrx_word' id='word_1_194' title='bbox 1287 3012 1327 3071; x_wconf 95' lang='lat' dir='ltr'><strong>ab</strong></span> <span class='ocrx_word' id='word_1_195' title='bbox 1351 3030 1414 3071; x_wconf 92' lang='lat' dir='ltr'><strong>una</strong></span> 
     </span>
     <span class='ocr_line' id='line_1_25' title="bbox 150 3117 1413 3200; baseline -0.002 -21"><span class='ocrx_word' id='word_1_196' title='bbox 150 3131 251 3200; x_wconf 90' lang='lat' dir='ltr'><strong>parte,</strong></span> <span class='ocrx_word' id='word_1_197' title='bbox 275 3119 315 3178; x_wconf 88' lang='lat' dir='ltr'><strong>ab</strong></span> <span class='ocrx_word' id='word_1_198' title='bbox 349 3118 446 3180; x_wconf 90' lang='lat' dir='ltr'><strong>altera</strong></span> <span class='ocrx_word' id='word_1_199' title='bbox 471 3138 547 3179; x_wconf 91' lang='lat' dir='ltr'><strong>vero</strong></span> <span class='ocrx_word' id='word_1_200' title='bbox 580 3117 708 3179; x_wconf 86' lang='lat' dir='ltr'><strong>Thome</strong></span> <span class='ocrx_word' id='word_1_201' title='bbox 739 3120 856 3180; x_wconf 89' lang='lat' dir='ltr'><strong>sutoris</strong></span> <span class='ocrx_word' id='word_1_202' title='bbox 888 3117 944 3180; x_wconf 88' lang='lat' dir='ltr'><strong>filii</strong></span> <span class='ocrx_word' id='word_1_203' title='bbox 976 3118 1124 3199; x_wconf 82' lang='lat' dir='ltr'><strong>Gregorii</strong></span> <span class='ocrx_word' id='word_1_204' title='bbox 1157 3117 1263 3178; x_wconf 90' lang='lat' dir='ltr'><strong>habite</strong></span> <span class='ocrx_word' id='word_1_205' title='bbox 1288 3131 1319 3179; x_wconf 93' lang='lat' dir='ltr'><strong>et</strong></span> <span class='ocrx_word' id='word_1_206' title='bbox 1350 3119 1413 3179; x_wconf 84' lang='lat' dir='ltr'><strong>exi·</strong></span> 
     </span>
     <span class='ocr_line' id='line_1_26' title="bbox 149 3224 1415 3306; baseline 0 -22"><span class='ocrx_word' id='word_1_207' title='bbox 149 3225 272 3302; x_wconf 90' lang='lat' dir='ltr'><strong>stentis,</strong></span> <span class='ocrx_word' id='word_1_208' title='bbox 298 3244 394 3284; x_wconf 91' lang='lat' dir='ltr'><strong>unam</strong></span> <span class='ocrx_word' id='word_1_209' title='bbox 412 3225 562 3286; x_wconf 90' lang='lat' dir='ltr'><strong>videlicet</strong></span> <span class='ocrx_word' id='word_1_210' title='bbox 586 3238 733 3306; x_wconf 89' lang='lat' dir='ltr'><strong>quartam</strong></span> <span class='ocrx_word' id='word_1_211' title='bbox 758 3225 844 3286; x_wconf 91' lang='lat' dir='ltr'><strong>curie</strong></span> <span class='ocrx_word' id='word_1_212' title='bbox 863 3227 893 3286; x_wconf 93' lang='lat' dir='ltr'><strong>in</strong></span> <span class='ocrx_word' id='word_1_213' title='bbox 919 3246 950 3287; x_wconf 90' lang='lat' dir='ltr'><strong>se</strong></span> <span class='ocrx_word' id='word_1_214' title='bbox 970 3226 1148 3303; x_wconf 93' lang='lat' dir='ltr'><strong>continens,</strong></span> <span class='ocrx_word' id='word_1_215' title='bbox 1174 3243 1245 3285; x_wconf 91' lang='lat' dir='ltr'><strong>cum</strong></span> <span class='ocrx_word' id='word_1_216' title='bbox 1263 3224 1415 3285; x_wconf 90' lang='lat' dir='ltr'><strong>omnibus</strong></span> 
     </span>
     <span class='ocr_line' id='line_1_27' title="bbox 148 3330 1413 3413; baseline -0.001 -22"><span class='ocrx_word' id='word_1_217' title='bbox 148 3331 215 3391; x_wconf 91' lang='lat' dir='ltr'><strong>suis</strong></span> <span class='ocrx_word' id='word_1_218' title='bbox 239 3330 431 3392; x_wconf 88' lang='lat' dir='ltr'><strong>utilitatibus</strong></span> <span class='ocrx_word' id='word_1_219' title='bbox 456 3345 486 3392; x_wconf 90' lang='lat' dir='ltr'><strong>et</strong></span> <span class='ocrx_word' id='word_1_220' title='bbox 510 3332 718 3413; x_wconf 87' lang='lat' dir='ltr'><strong>pertinenciis</strong></span> <span class='ocrx_word' id='word_1_221' title='bbox 747 3332 903 3393; x_wconf 90' lang='lat' dir='ltr'><strong>universis</strong></span> <span class='ocrx_word' id='word_1_222' title='bbox 922 3352 978 3412; x_wconf 91' lang='lat' dir='ltr'><strong>per</strong></span> <span class='ocrx_word' id='word_1_223' title='bbox 1004 3331 1170 3413; x_wconf 85' lang='lat' dir='ltr'><strong>providam</strong></span> <span class='ocrx_word' id='word_1_224' title='bbox 1189 3330 1325 3391; x_wconf 91' lang='lat' dir='ltr'><strong>condam</strong></span> <span class='ocrx_word' id='word_1_225' title='bbox 1345 3349 1413 3391; x_wconf 95' lang='lat' dir='ltr'><strong>mu-</strong></span> 
     </span>
     <span class='ocr_line' id='line_1_28' title="bbox 149 3435 1413 3499; baseline -0.002 -1"><span class='ocrx_word' id='word_1_226' title='bbox 149 3437 260 3499; x_wconf 89' lang='lat' dir='ltr'><strong>lierem</strong></span> <span class='ocrx_word' id='word_1_227' title='bbox 287 3438 385 3498; x_wconf 91' lang='lat' dir='ltr'><strong>Lucia</strong></span> <span class='ocrx_word' id='word_1_228' title='bbox 410 3452 554 3499; x_wconf 89' lang='lat' dir='ltr'><strong>vocatam</strong></span> <span class='ocrx_word' id='word_1_229' title='bbox 580 3438 722 3499; x_wconf 89' lang='lat' dir='ltr'><strong>relictam</strong></span> <span class='ocrx_word' id='word_1_230' title='bbox 749 3437 886 3499; x_wconf 90' lang='lat' dir='ltr'><strong>condam</strong></span> <span class='ocrx_word' id='word_1_231' title='bbox 913 3437 1041 3499; x_wconf 88' lang='lat' dir='ltr'><strong>Thome</strong></span> <span class='ocrx_word' id='word_1_232' title='bbox 1066 3437 1182 3498; x_wconf 87' lang='lat' dir='ltr'><strong>sutoris</strong></span> <span class='ocrx_word' id='word_1_233' title='bbox 1206 3436 1281 3496; x_wconf 91' lang='lat' dir='ltr'><strong>dicti</strong></span> <span class='ocrx_word' id='word_1_234' title='bbox 1312 3435 1413 3498; x_wconf 91' lang='lat' dir='ltr'><strong>Gerd-</strong></span> 
     </span>
     <span class='ocr_line' id='line_1_29' title="bbox 148 3543 1413 3626; baseline 0 -22"><span class='ocrx_word' id='word_1_235' title='bbox 148 3543 275 3626; x_wconf 88' lang='lat' dir='ltr'><strong>sewych</strong></span> <span class='ocrx_word' id='word_1_236' title='bbox 300 3544 404 3626; x_wconf 87' lang='lat' dir='ltr'><strong>legata</strong></span> <span class='ocrx_word' id='word_1_237' title='bbox 429 3561 474 3605; x_wconf 91' lang='lat' dir='ltr'><strong>est</strong></span> <span class='ocrx_word' id='word_1_238' title='bbox 507 3545 768 3606; x_wconf 88' lang='lat' dir='ltr'><strong>testamentaliter</strong></span> <span class='ocrx_word' id='word_1_239' title='bbox 798 3543 935 3625; x_wconf 89' lang='lat' dir='ltr'><strong>provido</strong></span> <span class='ocrx_word' id='word_1_240' title='bbox 969 3547 1036 3605; x_wconf 91' lang='lat' dir='ltr'><strong>viro</strong></span> <span class='ocrx_word' id='word_1_241' title='bbox 1063 3544 1162 3605; x_wconf 88' lang='lat' dir='ltr'><strong>Paulo</strong></span> <span class='ocrx_word' id='word_1_242' title='bbox 1195 3543 1294 3604; x_wconf 89' lang='lat' dir='ltr'><strong>sutori</strong></span> <span class='ocrx_word' id='word_1_243' title='bbox 1328 3543 1413 3604; x_wconf 93' lang='lat' dir='ltr'><strong>dicto</strong></span> 
     </span>
     <span class='ocr_line' id='line_1_30' title="bbox 150 3650 1412 3734; baseline 0.002 -24"><span class='ocrx_word' id='word_1_244' title='bbox 150 3651 332 3733; x_wconf 92' lang='lat' dir='ltr'><strong>Kerpanich</strong></span> <span class='ocrx_word' id='word_1_245' title='bbox 364 3650 432 3714; x_wconf 91' lang='lat' dir='ltr'><strong>filio</strong></span> <span class='ocrx_word' id='word_1_246' title='bbox 466 3652 608 3733; x_wconf 84' lang='lat' dir='ltr'><strong>Georgii,</strong></span> <span class='ocrx_word' id='word_1_247' title='bbox 642 3673 727 3714; x_wconf 92' lang='lat' dir='ltr'><strong>novo</strong></span> <span class='ocrx_word' id='word_1_248' title='bbox 759 3654 883 3714; x_wconf 91' lang='lat' dir='ltr'><strong>concivi</strong></span> <span class='ocrx_word' id='word_1_249' title='bbox 917 3668 1037 3731; x_wconf 89' lang='lat' dir='ltr'><strong>nostro,</strong></span> <span class='ocrx_word' id='word_1_250' title='bbox 1070 3669 1100 3714; x_wconf 91' lang='lat' dir='ltr'><strong>et</strong></span> <span class='ocrx_word' id='word_1_251' title='bbox 1134 3672 1190 3734; x_wconf 91' lang='lat' dir='ltr'><strong>per</strong></span> <span class='ocrx_word' id='word_1_252' title='bbox 1215 3672 1273 3713; x_wconf 92' lang='lat' dir='ltr'><strong>nos</strong></span> <span class='ocrx_word' id='word_1_253' title='bbox 1306 3651 1412 3713; x_wconf 91' lang='lat' dir='ltr'><strong>eidem</strong></span> 
     </span>
     <span class='ocr_line' id='line_1_31' title="bbox 149 3756 1414 3841; baseline 0.001 -24"><span class='ocrx_word' id='word_1_254' title='bbox 149 3757 251 3818; x_wconf 89' lang='lat' dir='ltr'><strong>Paulo</strong></span> <span class='ocrx_word' id='word_1_255' title='bbox 274 3759 373 3819; x_wconf 91' lang='lat' dir='ltr'><strong>sutori</strong></span> <span class='ocrx_word' id='word_1_256' title='bbox 391 3759 565 3821; x_wconf 87' lang='lat' dir='ltr'><strong>literatorie</strong></span> <span class='ocrx_word' id='word_1_257' title='bbox 583 3761 642 3820; x_wconf 94' lang='lat' dir='ltr'><strong>sub</strong></span> <span class='ocrx_word' id='word_1_258' title='bbox 667 3760 819 3841; x_wconf 90' lang='lat' dir='ltr'><strong>pendenti</strong></span> <span class='ocrx_word' id='word_1_259' title='bbox 838 3760 946 3841; x_wconf 90' lang='lat' dir='ltr'><strong>sigillo</strong></span> <span class='ocrx_word' id='word_1_260' title='bbox 963 3759 1203 3821; x_wconf 88' lang='lat' dir='ltr'><strong>communitatis</strong></span> <span class='ocrx_word' id='word_1_261' title='bbox 1226 3756 1414 3820; x_wconf 88' lang='lat' dir='ltr'><strong>confirmata</strong></span> 
     </span>
     <span class='ocr_line' id='line_1_32' title="bbox 148 3865 533 3946; baseline 0.01 -22"><span class='ocrx_word' id='word_1_262' title='bbox 148 3877 305 3946; x_wconf 88' lang='lat' dir='ltr'><strong>perpetuo</strong></span> <span class='ocrx_word' id='word_1_263' title='bbox 329 3865 533 3946; x_wconf 90' lang='lat' dir='ltr'><strong>possidenda.</strong></span> 
     </span>
    </p>

    <p class='ocr_par' dir='ltr' id='par_1_8' title="bbox 147 3971 1413 4586">
     <span class='ocr_line' id='line_1_33' title="bbox 256 3971 1413 4053; baseline 0 -21"><span class='ocrx_word' id='word_1_264' title='bbox 256 3971 333 4032; x_wconf 89' lang='lat' dir='ltr'><strong>ltem</strong></span> <span class='ocrx_word' id='word_1_265' title='bbox 359 3973 573 4033; x_wconf 91' lang='lat' dir='ltr'><strong>communitas</strong></span> <span class='ocrx_word' id='word_1_266' title='bbox 598 3973 760 4053; x_wconf 90' lang='lat' dir='ltr'><strong>quendam</strong></span> <span class='ocrx_word' id='word_1_267' title='bbox 786 3972 922 4034; x_wconf 84' lang='lat' dir='ltr'><strong>fundum</strong></span> <span class='ocrx_word' id='word_1_268' title='bbox 942 3973 1066 4034; x_wconf 89' lang='lat' dir='ltr'><strong>Herrici</strong></span> <span class='ocrx_word' id='word_1_269' title='bbox 1092 3973 1168 4032; x_wconf 91' lang='lat' dir='ltr'><strong>dicti</strong></span> <span class='ocrx_word' id='word_1_270' title='bbox 1186 3972 1413 4049; x_wconf 75' lang='lat' dir='ltr'><strong>paternoster,</strong></span> 
     </span>
     <span class='ocr_line' id='line_1_34' title="bbox 148 4077 1412 4160; baseline -0.002 -20"><span class='ocrx_word' id='word_1_271' title='bbox 148 4077 287 4140; x_wconf 88' lang='lat' dir='ltr'><strong>condam</strong></span> <span class='ocrx_word' id='word_1_272' title='bbox 315 4079 456 4140; x_wconf 87' lang='lat' dir='ltr'><strong>concivis</strong></span> <span class='ocrx_word' id='word_1_273' title='bbox 480 4080 592 4154; x_wconf 88' lang='lat' dir='ltr'><strong>nostri,</strong></span> <span class='ocrx_word' id='word_1_274' title='bbox 618 4080 648 4139; x_wconf 92' lang='lat' dir='ltr'><strong>in</strong></span> <span class='ocrx_word' id='word_1_275' title='bbox 675 4080 830 4140; x_wconf 91' lang='lat' dir='ltr'><strong>suburbio</strong></span> <span class='ocrx_word' id='word_1_276' title='bbox 855 4080 991 4140; x_wconf 91' lang='lat' dir='ltr'><strong>civitatis</strong></span> <span class='ocrx_word' id='word_1_277' title='bbox 1016 4080 1098 4140; x_wconf 93' lang='lat' dir='ltr'><strong>inter</strong></span> <span class='ocrx_word' id='word_1_278' title='bbox 1122 4077 1240 4139; x_wconf 87' lang='lat' dir='ltr'><strong>fundos</strong></span> <span class='ocrx_word' id='word_1_279' title='bbox 1265 4077 1412 4160; x_wconf 88' lang='lat' dir='ltr'><strong>Dyonisii</strong></span> 
     </span>
     <span class='ocr_line' id='line_1_35' title="bbox 147 4182 1412 4269; baseline 0 -22"><span class='ocrx_word' id='word_1_280' title='bbox 147 4182 316 4266; x_wconf 81' lang='lat' dir='ltr'><strong>ireniparis</strong></span> <span class='ocrx_word' id='word_1_281' title='bbox 340 4199 370 4246; x_wconf 94' lang='lat' dir='ltr'><strong>et</strong></span> <span class='ocrx_word' id='word_1_282' title='bbox 395 4185 542 4269; x_wconf 89' lang='lat' dir='ltr'><strong>Dyonisii</strong></span> <span class='ocrx_word' id='word_1_283' title='bbox 568 4187 680 4246; x_wconf 87' lang='lat' dir='ltr'><strong>decani</strong></span> <span class='ocrx_word' id='word_1_284' title='bbox 706 4202 889 4247; x_wconf 90' lang='lat' dir='ltr'><strong>nostrorum</strong></span> <span class='ocrx_word' id='word_1_285' title='bbox 923 4187 1104 4246; x_wconf 90' lang='lat' dir='ltr'><strong>concivium</strong></span> <span class='ocrx_word' id='word_1_286' title='bbox 1130 4184 1282 4263; x_wconf 91' lang='lat' dir='ltr'><strong>habitam,</strong></span> <span class='ocrx_word' id='word_1_287' title='bbox 1315 4205 1412 4247; x_wconf 89' lang='lat' dir='ltr'><strong>unam</strong></span> 
     </span>
     <span class='ocr_line' id='line_1_36' title="bbox 147 4291 1412 4374; baseline -0.001 -20"><span class='ocrx_word' id='word_1_288' title='bbox 147 4306 295 4374; x_wconf 89' lang='lat' dir='ltr'><strong>quartam</strong></span> <span class='ocrx_word' id='word_1_289' title='bbox 320 4292 405 4353; x_wconf 92' lang='lat' dir='ltr'><strong>curie</strong></span> <span class='ocrx_word' id='word_1_290' title='bbox 431 4293 462 4352; x_wconf 95' lang='lat' dir='ltr'><strong>in</strong></span> <span class='ocrx_word' id='word_1_291' title='bbox 488 4314 519 4352; x_wconf 90' lang='lat' dir='ltr'><strong>se</strong></span> <span class='ocrx_word' id='word_1_292' title='bbox 546 4294 775 4369; x_wconf 92' lang='lat' dir='ltr'><strong>continentem,</strong></span> <span class='ocrx_word' id='word_1_293' title='bbox 805 4313 900 4373; x_wconf 91' lang='lat' dir='ltr'><strong>super</strong></span> <span class='ocrx_word' id='word_1_294' title='bbox 933 4293 1197 4353; x_wconf 87' lang='lat' dir='ltr'><strong>communitatem</strong></span> <span class='ocrx_word' id='word_1_295' title='bbox 1223 4291 1412 4353; x_wconf 90' lang='lat' dir='ltr'><strong>devolutum</strong></span> 
     </span>
     <span class='ocr_line' id='line_1_37' title="bbox 147 4397 1411 4481; baseline -0.001 -20"><span class='ocrx_word' id='word_1_296' title='bbox 147 4419 206 4481; x_wconf 91' lang='lat' dir='ltr'><strong>pro</strong></span> <span class='ocrx_word' id='word_1_297' title='bbox 231 4417 295 4459; x_wconf 95' lang='lat' dir='ltr'><strong>non</strong></span> <span class='ocrx_word' id='word_1_298' title='bbox 312 4398 479 4459; x_wconf 87' lang='lat' dir='ltr'><strong>solucione</strong></span> <span class='ocrx_word' id='word_1_299' title='bbox 497 4399 674 4475; x_wconf 77' lang='lat' dir='ltr'><strong>deciorum,</strong></span> <span class='ocrx_word' id='word_1_300' title='bbox 693 4400 828 4459; x_wconf 91' lang='lat' dir='ltr'><strong>Nicolao</strong></span> <span class='ocrx_word' id='word_1_301' title='bbox 846 4399 944 4459; x_wconf 91' lang='lat' dir='ltr'><strong>sutori</strong></span> <span class='ocrx_word' id='word_1_302' title='bbox 964 4397 1030 4458; x_wconf 88' lang='lat' dir='ltr'><strong>filio</strong></span> <span class='ocrx_word' id='word_1_303' title='bbox 1056 4397 1210 4479; x_wconf 85' lang='lat' dir='ltr'><strong>Stephani</strong></span> <span class='ocrx_word' id='word_1_304' title='bbox 1228 4418 1285 4480; x_wconf 93' lang='lat' dir='ltr'><strong>pro</strong></span> <span class='ocrx_word' id='word_1_305' title='bbox 1303 4399 1411 4460; x_wconf 91' lang='lat' dir='ltr'><strong>medio</strong></span> 
     </span>
     <span class='ocr_line' id='line_1_38' title="bbox 147 4504 929 4586; baseline -0.001 -19"><span class='ocrx_word' id='word_1_306' title='bbox 147 4504 217 4567; x_wconf 89' lang='lat' dir='ltr'><strong>flor.</strong></span> <span class='ocrx_word' id='word_1_307' title='bbox 242 4505 310 4565; x_wconf 93' lang='lat' dir='ltr'><strong>auri</strong></span> <span class='ocrx_word' id='word_1_308' title='bbox 335 4504 481 4566; x_wconf 93' lang='lat' dir='ltr'><strong>vendidit</strong></span> <span class='ocrx_word' id='word_1_309' title='bbox 505 4519 661 4586; x_wconf 89' lang='lat' dir='ltr'><strong>perpetuo</strong></span> <span class='ocrx_word' id='word_1_310' title='bbox 687 4505 929 4585; x_wconf 89' lang='lat' dir='ltr'><strong>possidendum.</strong></span> 
     </span>
    </p>

    <p class='ocr_par' dir='ltr' id='par_1_9' title="bbox 146 4611 1412 4906">
     <span class='ocr_line' id='line_1_39' title="bbox 254 4611 1410 4692; baseline 0.001 -21"><span class='ocrx_word' id='word_1_311' title='bbox 254 4611 331 4671; x_wconf 88' lang='lat' dir='ltr'><strong>ltem</strong></span> <span class='ocrx_word' id='word_1_312' title='bbox 357 4612 571 4672; x_wconf 89' lang='lat' dir='ltr'><strong>communitas</strong></span> <span class='ocrx_word' id='word_1_313' title='bbox 596 4613 754 4692; x_wconf 90' lang='lat' dir='ltr'><strong>quosdam</strong></span> <span class='ocrx_word' id='word_1_314' title='bbox 780 4613 862 4673; x_wconf 93' lang='lat' dir='ltr'><strong>duos</strong></span> <span class='ocrx_word' id='word_1_315' title='bbox 887 4611 1014 4689; x_wconf 83' lang='lat' dir='ltr'><strong>fundos,</strong></span> <span class='ocrx_word' id='word_1_316' title='bbox 1039 4631 1138 4672; x_wconf 92' lang='lat' dir='ltr'><strong>unum</strong></span> <span class='ocrx_word' id='word_1_317' title='bbox 1164 4612 1339 4673; x_wconf 87' lang='lat' dir='ltr'><strong>liberorum</strong></span> <span class='ocrx_word' id='word_1_318' title='bbox 1364 4632 1410 4673; x_wconf 92' lang='lat' dir='ltr'><strong>re·</strong></span> 
     </span>
     <span class='ocr_line' id='line_1_40' title="bbox 146 4716 1412 4800; baseline 0.001 -21"><span class='ocrx_word' id='word_1_319' title='bbox 146 4717 223 4779; x_wconf 86' lang='lat' dir='ltr'><strong>licre</strong></span> <span class='ocrx_word' id='word_1_320' title='bbox 250 4716 385 4800; x_wconf 87' lang='lat' dir='ltr'><strong>Paulyn,</strong></span> <span class='ocrx_word' id='word_1_321' title='bbox 411 4732 441 4778; x_wconf 90' lang='lat' dir='ltr'><strong>et</strong></span> <span class='ocrx_word' id='word_1_322' title='bbox 465 4718 563 4779; x_wconf 90' lang='lat' dir='ltr'><strong>alium</strong></span> <span class='ocrx_word' id='word_1_323' title='bbox 592 4718 716 4779; x_wconf 92' lang='lat' dir='ltr'><strong>Nicolai</strong></span> <span class='ocrx_word' id='word_1_324' title='bbox 742 4718 889 4800; x_wconf 88' lang='lat' dir='ltr'><strong>pellificis</strong></span> <span class='ocrx_word' id='word_1_325' title='bbox 922 4720 952 4779; x_wconf 95' lang='lat' dir='ltr'><strong>in</strong></span> <span class='ocrx_word' id='word_1_326' title='bbox 978 4719 1134 4779; x_wconf 92' lang='lat' dir='ltr'><strong>suburbio</strong></span> <span class='ocrx_word' id='word_1_327' title='bbox 1159 4718 1294 4779; x_wconf 89' lang='lat' dir='ltr'><strong>civitatis</strong></span> <span class='ocrx_word' id='word_1_328' title='bbox 1330 4719 1412 4780; x_wconf 91' lang='lat' dir='ltr'><strong>inter</strong></span> 
     </span>
     <span class='ocr_line' id='line_1_41' title="bbox 147 4823 1411 4906; baseline 0 -20"><span class='ocrx_word' id='word_1_329' title='bbox 147 4823 267 4886; x_wconf 87' lang='lat' dir='ltr'><strong>fundos</strong></span> <span class='ocrx_word' id='word_1_330' title='bbox 291 4824 439 4886; x_wconf 87' lang='lat' dir='ltr'><strong>similiter</strong></span> <span class='ocrx_word' id='word_1_331' title='bbox 463 4845 581 4886; x_wconf 90' lang='lat' dir='ltr'><strong>vacuos</strong></span> <span class='ocrx_word' id='word_1_332' title='bbox 608 4824 739 4905; x_wconf 87' lang='lat' dir='ltr'><strong>Georgii</strong></span> <span class='ocrx_word' id='word_1_333' title='bbox 766 4825 891 4904; x_wconf 88' lang='lat' dir='ltr'><strong>judicis,</strong></span> <span class='ocrx_word' id='word_1_334' title='bbox 916 4827 955 4886; x_wconf 89' lang='lat' dir='ltr'><strong>ab</strong></span> <span class='ocrx_word' id='word_1_335' title='bbox 984 4845 1058 4903; x_wconf 88' lang='lat' dir='ltr'><strong>una,</strong></span> <span class='ocrx_word' id='word_1_336' title='bbox 1082 4838 1112 4885; x_wconf 89' lang='lat' dir='ltr'><strong>et</strong></span> <span class='ocrx_word' id='word_1_337' title='bbox 1136 4838 1224 4906; x_wconf 88' lang='lat' dir='ltr'><strong>parte</strong></span> <span class='ocrx_word' id='word_1_338' title='bbox 1249 4827 1288 4886; x_wconf 91' lang='lat' dir='ltr'><strong>ab</strong></span> <span class='ocrx_word' id='word_1_339' title='bbox 1313 4825 1411 4887; x_wconf 91' lang='lat' dir='ltr'><strong>altera</strong></span> 
     </span>
    </p>
   </div>
   <div class='ocr_carea' id='block_1_7' title="bbox 0 0 1576 5356">
    <p class='ocr_par' dir='ltr' id='par_1_10' title="bbox 0 0 1576 5356">
     <span class='ocr_line' id='line_1_42' title="bbox 0 0 1576 5356; baseline 0 1"><span class='ocrx_word' id='word_1_340' title='bbox 0 0 1576 5356; x_wconf 95' lang='lat' dir='ltr'><strong> </strong></span> 
     </span>
    </p>
   </div>
  </div>
 </body>
</html>
