3142 5356
540 505 628 563 Anno
652 517 745 580 1499.
769 516 883 576 -19.
906 503 1020 576 aprilis.

152 719 360 780 commissum
385 716 445 780 tuit
469 719 528 780 sibi
547 738 600 779 eas
616 716 785 794 extradari,
810 730 841 777 et
865 715 904 776 de
921 714 1060 797 presenti
1080 727 1264 794 compertus
1289 726 1416 775 estnon

152 825 378 904 extradedisae,
402 846 460 908 pro
485 846 523 887 eo
541 826 627 887 idern
646 823 837 886 Dominicus
859 822 959 883 tercio
976 841 1009 882 se
1034 821 1158 883 civibus
1174 833 1229 882 aut
1253 820 1418 882 nobilibus

153 930 256 1011 jurare
282 932 413 995 debebit
437 933 470 993 in
494 932 633 994 termino
655 930 801 1012 predicto
819 930 850 990 in
877 948 927 1007 e0,
952 928 1040 1009 quod
1065 928 1133 1010 ipse
1149 940 1255 1010 preter
1280 927 1351 989 illas
1368 947 1418 989 res

155 1057 235 1119 quas
259 1052 461 1121 comportare
486 1038 547 1100 huc
572 1039 678 1116 debet,
703 1037 778 1098 dicti
805 1034 957 1118 Gasparis
973 1035 1029 1096 sed
1054 1054 1112 1096 nec
1137 1035 1289 1117 pecunias
1313 1034 1420 1096 nullas

152 1142 248 1206 habet
272 1164 345 1226 erga
370 1165 403 1206 se
429 1164 533 1226 neque
558 1145 606 1205 sui
632 1144 791 1222 homines,
824 1162 882 1204 nec
907 1161 965 1224 pro
990 1162 1023 1203 se
1055 1141 1214 1203 convertit
1237 1160 1343 1222 neque
1369 1140 1419 1202 sui

151 1249 317 1326 bornines;
354 1253 407 1313 ubi
440 1271 516 1313 vero
551 1250 692 1334 prefatus
725 1250 915 1311 Dominicus
947 1268 1012 1309 non
1049 1261 1156 1329 posset
1187 1247 1309 1329 jurare,
1342 1261 1421 1309 tunc

152 1357 396 1438 quintodecimo
421 1359 471 1419 die
497 1359 561 1421 diei
586 1357 761 1440 supradicti
787 1356 871 1417 dicta
897 1355 1029 1416 domina
1054 1354 1218 1416 Dorothea
1244 1354 1284 1416 ad
1316 1374 1420 1434 quan·

150 1477 361 1546 tumcumque
386 1485 443 1546 pro
469 1467 564 1527 rebus
587 1465 759 1546 propositis
784 1464 814 1523 in
840 1461 962 1542 judicio
991 1461 1094 1542 jurare
1119 1462 1246 1543 poterit,
1270 1461 1420 1521 similiter

153 1570 248 1632 tercia
272 1590 305 1631 se
339 1572 502 1646 nobilibus
534 1572 747 1649 juramentum
782 1570 944 1651 deponere
977 1568 1108 1630 debebit
1140 1582 1217 1642 etc.;
1250 1581 1281 1627 et
1304 1588 1321 1628 a
1347 1588 1419 1628 sen-

151 1677 253 1738 tencia
268 1677 335 1758 ipsa
350 1693 537 1758 procurator
553 1678 698 1739 eiusdem
715 1676 847 1738 domine
865 1676 1040 1758 appellavit
1056 1675 1095 1735 ad
1114 1656 1282 1735 dominum
1301 1674 1420 1736 ducem

151 1784 303 1865 eoquod
329 1784 497 1846 videbatur
530 1785 589 1847 sibi
624 1804 696 1846 cum
730 1783 840 1866 paucis
872 1782 1046 1844 Dominico
1072 1780 1168 1842 fuisse
1200 1780 1418 1861 juramentum

152 1890 383 1971 adjudicatum.

311 2128 405 2201 Faria
435 2141 531 2202 sexta
559 2139 637 2203 ante
666 2132 789 2204 festum
818 2129 907 2203 beati
936 2128 1067 2218 Georgii
1097 2131 1264 2200 martiris.

679 2290 742 2361 (19.
766 2285 894 2359 aprilis).

258 2422 362 2484 Causa
389 2425 469 2485 inter
494 2424 657 2485 Andream
689 2425 870 2486 carnificem
896 2439 927 2485 et
952 2424 1148 2504 Gregorium
1180 2425 1343 2485 literatum
1369 2444 1416 2485 ra-

152 2529 243 2590 cione
269 2532 493 2611 percussionis,
517 2532 556 2592 ad
589 2532 728 2613 primum
761 2531 915 2611 judicium
941 2534 1035 2592 ambe
1067 2544 1171 2612 partes
1194 2530 1417 2591 testimonium

151 2635 329 2717 producere
353 2638 526 2701 debebunt.

257 2742 363 2805 Causa
387 2745 469 2806 inter
494 2746 613 2806 Lucam
639 2759 779 2807 sutorem
806 2759 835 2805 et
864 2743 1031 2804 Elizabeth
1066 2744 1234 2804 mulierem
1260 2743 1417 2821 relictam,

152 2865 285 2911 matrem
304 2850 465 2912 Valentini
484 2851 640 2913 carnificis
657 2852 786 2912 racione
804 2851 970 2911 cuiusdam
990 2848 1132 2925 inlamie,
1158 2849 1213 2910 ubi
1227 2849 1294 2929 ipse
1314 2850 1418 2910 Lucas

151 2955 285 3017 eandem
309 2958 411 3038 capite
435 2978 493 3018 suo
519 2958 653 3019 detineri
679 2957 797 3035 lecerit,
822 2959 864 3017 ob
889 2956 971 3017 hanc
997 2975 1125 3017 causam
1150 2969 1185 3016 ut
1209 2955 1313 3016 eidem
1340 2975 1414 3016 cum

151 3060 215 3122 filia
240 3083 294 3123 sua
320 3084 480 3125 venenum
504 3079 630 3143 gustare
656 3064 826 3139 dedissent,
860 3064 935 3144 quia
960 3064 991 3123 in
1018 3063 1185 3123 tormentis
1208 3058 1290 3123 fassa
1316 3061 1416 3123 nichil

151 3183 208 3245 est,
233 3169 306 3231 ideo
324 3169 416 3249 jurati
434 3170 699 3249 adjudicaverunt
715 3186 750 3231 ut
768 3172 833 3251 ipsa
854 3169 1019 3230 Elizabeth
1039 3169 1155 3230 mulier
1171 3168 1416 3230 tredecimamet

152 3276 296 3355 personis
313 3276 372 3337 sibi
389 3277 548 3337 similibus
565 3297 581 3337 a
600 3276 675 3338 feria
694 3277 790 3337 tercia
808 3277 847 3336 ad
865 3275 1179 3356 quintumdecimum
1199 3273 1283 3334 diem
1310 3273 1415 3351 jurare

151 3380 280 3442 debebit
311 3382 399 3462 quod
423 3383 489 3463 ipsa
522 3383 626 3443 cidem
654 3383 738 3442 Luce
772 3383 810 3443 de
843 3383 912 3463 ipso
936 3402 1060 3442 veneno
1093 3401 1158 3442 non
1184 3380 1282 3456 dedit,
1308 3400 1416 3461 neque

151 3506 223 3546 cum
249 3487 329 3548 scitu
353 3508 412 3548 suo
436 3487 500 3549 filia
525 3509 580 3549 sua
606 3489 713 3564 dedit3
746 3488 823 3548 dum
849 3488 1009 3565 juraverit,
1042 3486 1207 3548 infamiam
1237 3506 1328 3546 suam
1363 3507 1415 3547 ex-

150 3593 310 3672 purgabit,
335 3594 400 3674 ipse
425 3615 501 3655 vero
527 3596 628 3655 Lucas
645 3596 704 3656 erit
728 3610 836 3655 contra
862 3595 997 3659 eandem
1016 3595 1180 3655 convictus
1205 3593 1235 3653 in
1263 3592 1416 3674 homagio

150 3699 241 3775 viv03
274 3714 377 3780 partes
408 3702 500 3761 ambe
525 3701 563 3760 de
596 3700 716 3780 judicio
740 3716 889 3762 contente
914 3716 997 3762 sunt.

256 3805 361 3867 Causa
387 3807 466 3867 inter
490 3807 697 3868 Valentinum
724 3807 954 3868 Konthoschak
979 3823 1010 3868 et
1036 3808 1243 3868 Mathkouem
1271 3807 1417 3885 Pungra·

150 3910 241 3973 chich
266 3913 393 3973 racione
417 3914 618 3974 vendicionis
643 3915 808 3975 cuiusdam
834 3915 936 3989 bovis,
969 3934 1064 3994 quem
1096 3916 1162 3997 ipse
1188 3913 1319 3974 Mathko
1345 3933 1417 3994 pre-

148 4016 215 4080 fato
240 4019 412 4080 Valentino
437 4020 476 4080 ad
501 4021 706 4082 mactandum
724 4021 764 4081 ad
790 4041 881 4081 usum
907 4022 1147 4082 communitatis
1171 4020 1361 4081 vendiderat
1385 4036 1417 4082 et

151 4144 247 4207 quem
273 4140 411 4187 mactare
429 4125 555 4204 lecerat,
572 4141 678 4187 tamen
697 4127 862 4187 audiverat
879 4128 966 4207 quod
986 4130 1052 4209 ipse
1071 4130 1128 4188 bos
1150 4146 1215 4186 non
1242 4124 1301 4186 luit
1318 4146 1417 4187 sanus

151 4232 225 4293 ideo
242 4252 353 4294 carnes
377 4232 515 4295 vendere
533 4253 598 4293 non
623 4233 733 4294 debuit
751 4233 896 4293 timendo
914 4235 1190 4310 communitatem,
1208 4252 1287 4313 quas
1304 4252 1417 4294 carnes

150 4335 289 4420 prefatus
313 4340 503 4400 Valentinus
527 4339 565 4400 ad
585 4340 717 4400 domum
744 4340 887 4400 eiusdem
907 4340 1091 4401 Mathlronis
1116 4341 1254 4417 miserat,
1281 4339 1416 4421 ipseque

150 4444 189 4505 ad
214 4464 307 4505 usum
325 4465 418 4506 suum
436 4445 520 4522 lecit,
538 4445 630 4525 jurati
648 4445 923 4525 adjudicaverunt,
942 4447 1028 4526 quod
1056 4448 1121 4527 ipse
1147 4446 1279 4507 Mathko
1297 4466 1314 4506 a
1332 4445 1412 4508 feria

148 4552 245 4612 tercia
262 4553 302 4612 ad
319 4553 633 4633 quintumdecimum
650 4554 737 4614 diem
754 4555 940 4615 terciusmet
958 4555 1060 4630 jurare
1078 4555 1219 4630 debebit,
1237 4553 1325 4634 quod
1344 4554 1412 4635 ipse

149 4657 270 4718 nullam
297 4656 514 4721 infirmitatem
539 4660 631 4720 scivit
655 4660 687 4719 in
717 4661 798 4720 bove
831 4659 965 4742 prefato,
990 4675 1020 4720 et
1053 4661 1130 4721 dum
1156 4661 1272 4740 jurabit
1297 4680 1414 4740 expur-

147 4764 236 4844 gabit
260 4762 426 4826 infamiam
451 4785 539 4826 suam
565 4781 596 4827 et
620 4768 790 4847 pecuniam
819 4788 915 4848 quam
934 4769 1001 4849 ipse
1025 4768 1215 4829 Valentinus
1239 4768 1270 4828 in
1294 4781 1416 4829 sortem

147 4870 239 4931 bovis
263 4870 396 4933 dederat
411 4871 516 4932 eidem
542 4871 675 4934 reddere
693 4873 825 4950 debeat;
849 4872 988 4956 prefatus
1007 4875 1138 4935 Mathko
1157 4894 1221 4935 non
1241 4887 1415 4936 contentus

149 4975 189 5037 ad
213 4977 356 5039 seniores
378 4978 562 5059 appellavit.
