3142 5356
617 339 703 395 Anno
726 335 817 412 1436.
1285 354 1346 414 293

82 549 217 625 dendas,
246 549 386 629 ideoque
403 547 545 628 predicte
570 548 717 608 universe
745 547 962 627 possessiones
987 560 1017 605 et
1034 545 1202 626 porciones
1226 565 1347 626 posses-

81 654 224 715 sionarie
250 654 350 736 ipsius
375 652 528 734 Stephani
556 651 649 734 jurati
675 652 825 713 videlicet
850 664 984 732 utraque
1002 651 1118 712 domus
1142 665 1206 712 tam
1225 665 1346 711 murata

82 779 179 841 quam
198 760 316 840 lignea,
333 779 431 821 unam
451 759 607 841 integram
631 759 752 820 curiam
771 759 854 821 inse
875 759 1054 838 continens,
1078 778 1113 819 ac
1130 758 1238 820 totalis
1255 758 1348 819 vinea

81 867 178 928 simul
211 887 284 928 cum
309 866 400 946 silva,
432 866 569 945 koucha,
598 866 694 927 doliis
727 880 758 928 et
788 866 1003 928 torcularibus
1026 885 1061 926 ac
1093 880 1174 928 terre
1200 865 1347 926 universe

81 972 229 1050 arabiles,
255 992 312 1033 nec
337 991 403 1033 non
430 971 566 1053 (hlortus
583 972 692 1033 totalis
716 991 788 1033 cum
807 971 945 1050 stabulo,
970 991 1005 1032 ac
1023 969 1102 1032 silva
1125 971 1232 1032 totalis
1249 971 1348 1053 ipsius

83 1077 238 1160 Stephani
263 1077 356 1158 jurati
383 1079 415 1138 in
440 1078 605 1139 montibus
630 1091 661 1140 et
685 1097 801 1159 campo
833 1096 869 1138 ac
893 1077 1056 1139 territorio
1080 1077 1217 1138 civitatis
1241 1077 1347 1138 habite

82 1199 113 1246 et
137 1185 318 1263 existentes,
342 1204 415 1246 cum
441 1184 593 1245 omnibus
617 1184 682 1245 suis
701 1184 893 1245 utilitatibus
910 1197 941 1245 et
964 1183 1170 1265 pertinenciis
1192 1182 1349 1245 universis

83 1304 260 1352 memorate
292 1290 406 1351 Vrsule
439 1290 566 1351 mulieri
591 1304 665 1352 sunt
698 1289 798 1352 literis
832 1290 924 1351 novis
948 1288 1204 1371 privilegialibus
1234 1288 1347 1351 confir-

84 1412 170 1458 mate
196 1411 353 1479 perpetuo
377 1396 572 1479 possidende
597 1411 628 1457 et
652 1397 961 1477 quomodocumque
986 1395 1125 1458 voluerit
1148 1396 1348 1479 disponende

83 1502 170 1585 juxta
196 1502 423 1565 condicionem
448 1502 594 1564 civitatis.

191 1610 269 1671 ltem
294 1609 427 1691 quidam
453 1608 588 1691 (hlortus
621 1628 677 1670 seu
712 1608 830 1670 fundus
854 1610 887 1670 in
911 1609 1072 1671 territorio
1104 1609 1239 1671 civitatis
1261 1622 1348 1671 extra

83 1719 210 1780 Novam
234 1733 360 1800 portam
385 1717 530 1778 eiusdem
556 1717 703 1796 civitatis,
728 1718 810 1779 inter
827 1718 962 1801 (h)ortos
986 1718 1121 1779 Fabiani
1138 1717 1231 1798 jurati
1248 1718 1347 1778 nostri

83 1824 232 1886 moderni
256 1823 313 1885 filii
343 1823 509 1903 lobannis,
526 1838 558 1885 et
575 1824 728 1884 Demetrii
753 1822 858 1885 fratris
875 1825 924 1885 sui
941 1823 1087 1903 carnalis,
1112 1824 1150 1885 ab
1168 1844 1243 1903 una,
1259 1836 1348 1906 parte

83 1933 123 1993 ab
148 1931 248 1992 altera
275 1949 350 1992 vero
376 1930 460 1990 Petri
484 1929 599 2010 judicis
623 1928 680 1991 filii
705 1930 807 2008 Pauli,
836 1930 973 2012 desuper
996 1950 1013 1991 a
1038 1931 1089 1991 via
1114 1929 1280 1991 communi
1317 1943 1348 1992 et

83 2036 167 2099 infra
191 2056 293 2118 usque
318 2037 458 2097 rivulum
483 2055 515 2096 se
541 2036 726 2115 extendens,
744 2056 841 2097 unam
866 2051 1013 2117 quartam
1038 2037 1123 2098 curie
1141 2035 1174 2096 in
1198 2055 1230 2096 se
1247 2035 1348 2096 conti·

87 2164 178 2222 nens,
203 2163 259 2225 per
283 2143 509 2204 vendicionem
534 2142 732 2204 daciatorum
758 2157 940 2204 nostrorum
968 2142 1190 2204 communium
1207 2155 1238 2204 et
1255 2140 1347 2226 Gyan

85 2248 233 2332 pellificis
256 2249 316 2330 ipsi
341 2249 486 2310 Fabiano
509 2248 613 2330 jurato
639 2262 685 2310 est
708 2249 808 2310 literis
839 2250 932 2312 novis
955 2249 1210 2332 privilegialibus
1233 2246 1348 2310 confir·

84 2369 189 2417 matus
213 2369 369 2438 perpetuo
393 2355 617 2437 possidendus.

191 2461 268 2524 ltem
293 2462 448 2524 discretus
480 2463 528 2522 vir
562 2462 714 2523 dominus
746 2461 916 2523 Ladislaus
940 2462 1095 2545 presbiter
1128 2462 1285 2544 plebanus
1309 2461 1347 2522 de

84 2568 243 2646 Zanabor,
268 2567 475 2630 medietatem
500 2567 666 2630 cuiusdam
692 2569 809 2629 domus
832 2587 887 2629 sue
912 2582 943 2630 et
966 2566 1057 2629 fundi
1082 2587 1118 2629 ac
1142 2567 1250 2630 celarii
1274 2567 1347 2628 sub·

83 2675 222 2736 terranei
247 2694 304 2735 nec
330 2693 394 2735 non
426 2672 650 2736 hedificiorum
681 2676 713 2735 in
747 2674 874 2736 civitate
899 2675 1041 2757 predicta
1071 2675 1154 2736 iuter
1178 2675 1294 2736 domos
1318 2687 1349 2735 et

84 2779 203 2843 fundos
227 2781 403 2843 liberorum
436 2780 574 2842 condam
607 2780 739 2863 Georgii
774 2781 980 2865 Pechathnylr
1012 2795 1042 2843 et
1067 2781 1234 2843 Laurencii
1259 2781 1347 2842 insti-

83 2889 164 2951 toris
188 2887 306 2963 habite,
330 2907 428 2948 unam
454 2887 604 2950 videlicet
635 2902 781 2969 quartam
807 2889 893 2950 curie
926 2889 957 2949 in
982 2909 1015 2949 se
1039 2888 1269 2965 coutinentem,
1293 2887 1346 2948 Jo-

84 2994 183 3056 banni
216 2992 283 3055 filio
308 2993 437 3055 Thome
469 2993 508 3055 de
533 2994 672 3056 livanich
705 3014 741 3056 ac
772 3015 829 3076 per
859 3014 933 3055 eum
959 2994 1059 3055 Elene
1096 2992 1161 3055 filie
1185 2992 1347 3055 Valentini

84 3100 228 3163 consorti
252 3120 308 3162 sue
332 3100 500 3182 legittime,
526 3102 619 3162 novis
635 3101 751 3162 nostris
773 3101 969 3179 concivibus,
995 3120 1031 3162 ac
1047 3120 1103 3182 per
1125 3118 1180 3161 eos
1204 3099 1346 3181 ipsorum

84 3206 257 3269 heredibus
281 3206 415 3269 donavit
437 3222 593 3289 perpetuo
618 3207 857 3289 possidendam.

189 3312 268 3374 Item
293 3313 393 3375 Elena
419 3314 535 3375 mulier
558 3312 624 3374 filia
648 3314 745 3375 Blasii
781 3312 890 3374 relicta
915 3312 1053 3374 condam
1078 3311 1233 3373 Anthonii
1270 3332 1346 3374 con·

81 3420 161 3482 civis
184 3420 263 3481 olim
288 3422 387 3481 nostri
411 3420 467 3482 lilii
493 3421 577 3482 Petri
603 3421 681 3482 dicti
714 3419 899 3498 Wllranich,
928 3439 1012 3481 nunc
1036 3438 1167 3481 consors
1190 3420 1347 3501 legittima

82 3526 239 3589 iohannis
264 3526 379 3589 Croaci
404 3527 568 3606 institoris,
593 3528 734 3589 concivis
759 3527 869 3605 nostri,
894 3541 1002 3588 nostra
1025 3527 1172 3588 similiter
1196 3527 1346 3606 concivis,

82 3632 248 3715 quandam
272 3634 459 3715 porcionem
479 3635 638 3695 minorem
663 3634 829 3695 cuiusdam
854 3634 947 3695 vinee
965 3654 1020 3695 sue
1037 3633 1070 3694 in
1094 3634 1254 3697 territorio
1271 3633 1346 3696 civi-

82 3741 155 3802 tatis
179 3740 320 3821 predicte
345 3741 427 3801 inter
456 3740 566 3802 vineas
598 3740 775 3802 liberorum
799 3759 855 3801 seu
886 3759 1104 3801 successorum
1130 3740 1266 3802 condam
1291 3742 1346 3802 Ni·

82 3845 164 3908 colai
190 3846 266 3907 dicti
292 3845 453 3906 Werchek
478 3844 535 3907 filii
553 3845 720 3923 lobannis,
745 3848 785 3906 ab
811 3865 883 3924 una,
908 3860 997 3927 parte
1014 3847 1053 3906 ab
1070 3846 1168 3908 altera
1192 3866 1269 3907 vero
1286 3847 1345 3908 viri

83 3953 210 4036 providi
236 3952 366 4037 Mathye
392 3953 468 4014 dicti
493 3952 636 4032 Philech,
669 3966 853 4014 nostrorum
878 3953 1071 4031 concivium,
1096 3952 1203 4015 habite
1227 3967 1258 4015 et
1281 3954 1344 4015 exi·

83 4059 207 4137 stentis,
241 4059 378 4141 desuper
410 4080 426 4120 a
452 4059 502 4120 via
532 4060 707 4137 communi,
740 4058 820 4120 iufra
847 4079 946 4140 usque
978 4059 1129 4136 rivulum,
1153 4059 1249 4120 simul
1272 4079 1345 4121 cum

83 4166 226 4247 virgulto
252 4166 356 4226 eidem
382 4167 475 4226 vinee
500 4166 676 4245 subjacenti
713 4187 746 4227 se
780 4165 989 4243 extendentis,
1013 4166 1199 4246 porcionem
1225 4166 1347 4228 scilicet

84 4274 178 4333 vinee
203 4292 259 4333 sue
284 4273 454 4351 minorem,
479 4293 496 4333 a
521 4272 603 4333 dicta
628 4273 721 4333 vinea
746 4273 888 4354 ipsorum
917 4271 1092 4337 liberorum
1120 4272 1195 4334 dicti
1220 4273 1344 4334 Nicolai

85 4378 249 4440 Werchek
281 4398 337 4460 per
361 4394 477 4440 metam
511 4379 541 4439 in
577 4380 667 4440 litera
700 4378 891 4460 privilegiali
916 4391 1064 4439 contenta
1088 4379 1180 4439 sitam
1205 4392 1236 4440 et
1259 4379 1345 4459 adja-

85 4498 223 4562 centem,
248 4484 414 4545 Demetrio
440 4485 575 4545 institori
608 4484 675 4545 lilio
700 4484 854 4546 Johannis
878 4504 936 4566 pro
970 4484 1082 4565 viginti
1107 4485 1250 4566 quinque
1274 4483 1344 4548 flor.

84 4592 153 4653 auri
179 4591 325 4652 vendidit
347 4606 503 4673 perpetuo
528 4590 765 4673 possidendam.

192 4699 269 4760 ltem
295 4698 433 4779 quedam
460 4698 553 4758 vinea
578 4698 674 4758 Blasii
700 4698 830 4758 cultoris
854 4696 911 4758 filii
938 4697 1046 4775 Marci,
1070 4697 1211 4758 concivis
1235 4699 1344 4776 nostri,

85 4806 187 4868 libera
212 4820 242 4867 et
267 4807 306 4867 ab
324 4806 413 4866 omni
437 4825 534 4868 censu
552 4819 582 4868 et
602 4804 793 4867 condicione
810 4804 937 4888 penitus
955 4819 1112 4887 exempta,
1137 4804 1168 4865 in
1186 4805 1344 4868 territorio
