3142 5356
483 524 569 580 Anno
593 518 686 599 1482.
711 555 755 566 —
777 537 829 583 20.
852 523 1012 585 decembris.
1348 546 1384 607 17

227 734 297 796 ltem
326 735 428 794 Lucas
446 733 607 817 Ribarych
632 733 745 795 citatus
762 734 867 816 primo
885 747 996 796 contra
1021 735 1159 797 Paulum
1183 735 1382 799 aurifabrum

149 857 197 898 oon
217 840 396 922 comparuit.

228 946 327 1008 Causa
353 948 436 1008 inter
460 945 675 1007 Laurencium
709 949 945 1028 carpentarium
978 962 1009 1010 et
1041 949 1219 1009 Jankonem
1252 945 1383 1011 fratrem
1471 1009 1475 1016 ,

151 1051 257 1113 condam
288 1053 389 1115 Elene
425 1053 611 1114 Mlinaricze
644 1052 772 1114 racione
812 1052 1027 1134 quorumdam
1060 1054 1148 1133 flor,
1181 1073 1264 1136 quos
1296 1055 1382 1116 idem

151 1153 225 1218 lanlo
246 1160 286 1220 uti
313 1158 442 1220 dicebat
465 1158 664 1220 Laurencius
681 1159 721 1219 ah
746 1178 843 1220 uxore
861 1180 917 1220 sua
938 1159 1159 1221 fraudulenter
1176 1159 1382 1242 expetiverat,

151 1260 218 1338 jurati
239 1266 510 1346 adjudicaverunt,
542 1266 631 1348 quod
656 1267 732 1347 quia
766 1268 962 1329 Laurencius
994 1269 1025 1329 in
1058 1268 1134 1330 sede
1159 1267 1325 1347 judiciaria
1349 1287 1382 1329 se

153 1371 279 1433 etsedem
305 1392 370 1434 non
403 1373 575 1434 honoravit
606 1373 772 1434 convictus
803 1372 939 1435 habetur
970 1370 1045 1434 sedi
1069 1373 1100 1434 in
1127 1373 1237 1435 decem
1263 1373 1381 1455 pensis,

153 1489 260 1550 preterea
282 1479 384 1540 Janko
402 1479 499 1540 habet
515 1478 618 1558 jurare
636 1480 821 1541 terciusmet
844 1479 896 1540 die
914 1479 1159 1560 quintodecimo
1183 1499 1278 1561 super
1294 1498 1382 1540 aram

153 1597 230 1643 sancte
251 1584 361 1647 Crucis
384 1587 416 1647 in
442 1605 492 1664 eo,
517 1585 604 1667 quod
633 1599 843 1647 memoratam
873 1587 1043 1667 pecuniam
1064 1606 1081 1647 a
1099 1585 1249 1666 jamdicta
1267 1603 1377 1646 sorore

154 1703 193 1745 sua
212 1708 294 1753 uxore
320 1692 490 1753 Laurencii
515 1711 621 1773 neque
653 1692 731 1753 alias
763 1712 811 1753 res
843 1691 955 1753 habuit
979 1712 1083 1773 neque
1119 1692 1237 1774 recepit
1262 1705 1380 1773 preter·

154 1808 224 1868 quam
244 1798 310 1859 illos
333 1798 479 1880 quinque
504 1794 573 1860 flor.
598 1818 680 1880 quos
704 1799 736 1859 in
754 1817 858 1879 agone
875 1818 934 1859 suo
951 1799 1215 1861 testamentaliter
1238 1797 1381 1858 ecclesiis

153 1893 249 1980 legavit,
263 1905 390 1965 racione
408 1923 548 1985 quorum
566 1904 711 1985 quinque
733 1903 802 1967 flor.
828 1925 921 1965 causa
939 1905 979 1966 ad
996 1905 1151 1965 vicarium
1176 1917 1222 1964 est
1239 1903 1380 1965 dimissa.

231 2007 341 2071 varko
366 2009 514 2092 plathnar
538 2010 729 2072 secundario
752 2011 866 2072 citatus
882 2024 992 2072 contra
1010 2010 1211 2072 Demetrium
1229 2009 1380 2071 Wseczlxi

154 2123 200 2167 non
219 2117 393 2198 comparuit.

231 2220 297 2284 ltem
322 2223 468 2284 Andreas
497 2236 529 2284 et
562 2223 753 2284 Valentinus
784 2221 896 2284 famuli
924 2220 1073 2304 Gregorii
1105 2221 1222 2283 sutoris
1246 2220 1381 2283 senioris

155 2313 220 2390 iurari
241 2343 265 2389 et
288 2329 454 2391 Michaelis
472 2328 578 2409 Orzag
602 2329 642 2389 ad
660 2328 815 2405 judicium
837 2328 1056 2389 consistoriale
1083 2327 1157 2410 ipsis
1183 2347 1238 2409 per
1263 2327 1379 2388 Deme·

155 2422 224 2490 trium
243 2434 387 2496 Waeczlxi
413 2435 570 2496 indictum
596 2455 660 2495 non
687 2448 945 2516 comparuerunt.

298 2672 396 2746 Feria
425 2682 523 2746 sexta
553 2677 585 2745 in
614 2675 733 2763 vigilia
762 2674 852 2745 beati
881 2673 1006 2744 Thome
1034 2673 1192 2761 apostoli.

617 2829 679 2903 (20.
704 2827 878 2901 decembris).

230 2963 324 3027 Causa
351 2969 433 3029 inter
459 2968 661 3050 Stephanycz
686 2969 824 3048 juratum
842 2967 1013 3044 seniorem,
1038 2980 1072 3026 ut
1096 2980 1249 3043 actorem,
1267 2980 1296 3026 et
1314 2966 1377 3026 Do·

155 3056 270 3132 ninicum
295 3073 465 3156 Perovvyth
490 3074 648 3136 seniorem
675 3074 813 3153 judicem
847 3074 975 3134 racione
1008 3072 1201 3133 retencionis
1225 3092 1377 3153 quarum·

154 3159 205 3228 ¹³11]
223 3175 376 3241 literarum
401 3195 432 3241 et
449 3181 663 3261 percussionis
684 3179 763 3262 (per)
782 3181 886 3261 ipsum
906 3179 1113 3240 Dominicum¹
1128 3179 1313 3260 Perowych,
1331 3179 1376 3239 uti

153 3266 245 3346 ¹¹lebat
267 3286 470 3369 Stephanych
488 3285 568 3347 facte
593 3303 624 3347 et
642 3287 716 3349 item
743 3287 937 3348 exclusionis
954 3301 984 3346 et
1001 3286 1198 3369 expulsionis
1222 3286 1320 3366 ipsius
1338 3286 1377 3346 de

153 3371 222 3446 domo
247 3392 387 3454 eiusdem
407 3406 438 3453 et
461 3393 638 3455 ablacionis
662 3393 877 3474 quorumdam
904 3393 1065 3472 sexaginta
1084 3391 1152 3453 flor.
1178 3392 1257 3470 auri,
1282 3392 1374 3472 jurati

152 3481 388 3576 ldiudicaverunt,
412 3499 499 3580 quod
526 3500 726 3584 Stephanycz
741 3500 856 3560 debeat
870 3498 971 3579 jurare
993 3518 1056 3558 una
1071 3517 1167 3558 manu
1182 3499 1213 3558 in
1232 3517 1270 3558 eo
1288 3497 1376 3578 quod

151 3597 265 3680 troipas
280 3605 381 3666 literis
398 3625 477 3686 quas
495 3605 605 3666 hahuit
621 3606 706 3687 apud
725 3606 829 3688 ipsum
848 3604 1068 3681 Dominicum‚
1087 3603 1171 3664 idem
1187 3603 1377 3665 Dominicus

152 3707 237 3784 re(epit
251 3732 344 3794 supra
361 3713 506 3773 debitum
524 3712 694 3793 superflue,
712 3713 799 3793 quod
817 3713 877 3772 sibi
896 3711 1042 3788 debehat,
1060 3711 1141 3770 duos
1158 3710 1226 3772 fior.
1248 3711 1327 3789 auri,
1345 3724 1375 3771 et

150 3815 246 3878 quando
257 3818 384 3898 jurabit,
397 3819 587 3880 Dominicus
600 3819 760 3900 persolvet
768 3819 828 3878 sibi
839 3818 920 3877 duos
931 3817 998 3879 flor.
1010 3839 1017 3892 ;
1033 3817 1107 3877 item
1120 3817 1204 3877 idem
1219 3816 1314 3877 debet
1327 3815 1373 3894 ju-

150 3923 197 3974 ¹¹le
215 3941 264 4002 pro
288 3925 518 3986 verberacione
535 3925 783 3986 secundusmeth
809 3939 839 3984 et
862 3924 978 3984 tercius
994 3923 1083 3984 testis
1107 3936 1153 3982 est
1177 3923 1237 3982 sihi
1262 3921 1375 3983 effusio

149 4029 288 4110 unguinis,
312 4031 402 4113 quod
429 4031 495 4113 ipse
520 4031 710 4092 Dominicus
735 4031 822 4091 illam
845 4029 1105 4090 verberationem
1133 4042 1163 4088 et
1187 4026 1376 4087 effusionem

148 4135 276 4207 unguinis
301 4137 377 4199 lecit
401 4157 497 4218 super
521 4158 606 4215 eum,
632 4151 662 4199 et
687 4137 817 4218 quando
850 4136 966 4216 jurabit
997 4150 1072 4195 tunc
1098 4134 1287 4195 Dominicus
1312 4153 1377 4194 ma·

148 4229 210 4297 ¹¹¹llt
233 4244 289 4305 sibi
315 4245 347 4305 in
382 4245 521 4324 birsagio
554 4244 666 4324 viginti
700 4263 871 4326 pensarum
904 4242 1109 4303 denariorum
1142 4254 1172 4302 et
1205 4241 1314 4319 juratis
1345 4240 1376 4301 in

148 4336 257 4439 luitque
280 4351 398 4433 pensis.
426 4351 503 4411 Item
528 4370 585 4432 pro
611 4351 675 4411 illis
698 4350 860 4429 sexaginta
886 4349 955 4408 flor.
981 4349 1048 4408 auri
1076 4347 1264 4407 Dominicus
1281 4346 1379 4407 dehet

148 4450 222 4546 ¹¹¹³st
242 4457 425 4518 terciusmet
449 4457 537 4538 quod
562 4477 621 4518 nec
646 4458 677 4517 in
702 4477 801 4538 parvo
827 4475 930 4536 neque
957 4455 987 4514 in
1014 4455 1143 4514 modico
1168 4467 1213 4513 est
1230 4453 1378 4514 conscius

150 4557 172 4600 ¹¹¹
190 4555 292 4624 eisdem
318 4563 482 4643 sexaginta
507 4562 588 4641 flor,
614 4582 718 4643 neque
744 4562 863 4643 recepit
887 4581 942 4622 eos
974 4560 1012 4620 de
1038 4561 1136 4620 domo
1161 4579 1235 4635 sua3
1261 4560 1379 4620 dehent

151 4661 227 4725 ¹¹¹10ro
248 4667 348 4749 jurare
374 4667 452 4730 feria
476 4683 563 4730 sexta
588 4683 659 4750 post
684 4668 800 4730 festum
826 4668 1006 4748 Epiphanio
1032 4666 1175 4727 Domini.

228 4770 327 4838 Causa
353 4775 435 4837 inter
460 4775 667 4837 Dominicum
694 4773 871 4856 Perowych
896 4787 926 4834 et
951 4773 1128 4852 Georgium
1153 4772 1291 4852 judicem
1311 4792 1378 4834 mo·

153 4855 254 4940 deinum
268 4901 325 4965 pro
342 4881 537 4964 quibusdam
555 4883 722 4964 vituperiis
739 4901 810 4942 cum
830 4881 916 4960 regia
935 4881 1083 4940 Maiestas
1101 4880 1255 4959 Zagrabie
1270 4877 1381 4940 fuisset

154 4979 261 5066 latratis,
282 4987 401 5051 dilacio
425 4985 507 5052 facta
533 5003 580 5051 est
603 4988 642 5049 ad
666 4989 806 5071 primum
838 4986 994 5067 judicium
1025 4984 1248 5051 consistoriale
1272 4983 1315 5051 acl
1336 5007 1385 5053 xe-

1287 5103 1307 5148 2
