3142 5356
529 517 735 602 Ann01488.
761 556 802 565 —
825 532 854 598 7.
882 518 997 582 martii.

660 736 822 798 Nicolaus.

658 842 846 924 Gregorius.

661 950 797 1013 Blasius.

659 1058 803 1119 Kirinus.

661 1163 877 1227 Sebastianus.

662 1270 854 1354 Stephanus.

662 1376 847 1459 Gregorius.

661 1483 918 1546 Bartholomeus.

660 1591 817 1653 Andreas.

655 1697 825 1779 Georgius.

658 1804 783 1868 Gallus.

660 1912 868 1976 Laurencius.

658 2019 859 2082 Valentinus.

323 2205 420 2279 Faria
449 2216 546 2280 sexta
575 2209 731 2296 proxima
760 2215 837 2279 ante
867 2205 1066 2280 dominicam
1096 2204 1202 2278 Oculi.

662 2349 703 2419 (7.
728 2342 854 2418 martii).

236 2464 342 2528 Causa
360 2466 443 2528 inter
458 2466 666 2528 Valentinum
684 2466 844 2528 seniorem
862 2465 1013 2547 judicem,
1037 2467 1156 2529 abuma
1181 2480 1217 2528 ut
1241 2480 1395 2546 actorem,

123 2587 157 2633 et
182 2571 352 2634 dominam
384 2572 620 2654 Margaretham
653 2573 797 2634 relictam
829 2573 966 2634 condam
999 2572 1109 2634 Jacobi
1134 2573 1274 2650 sartoris,
1298 2586 1333 2633 ut
1363 2573 1395 2633 in

122 2698 258 2741 causam
284 2693 447 2758 attactam,
472 2680 641 2761 quomodo
658 2680 848 2741 Valentinus
871 2680 978 2742 senior
995 2679 1089 2754 iudex
1107 2693 1217 2741 contra
1241 2676 1396 2761 prefatam

124 2785 366 2866 Margaretbam
384 2787 598 2868 proponebat,
623 2799 658 2847 ut
674 2785 760 2847 idern
785 2786 918 2848 domina
935 2785 1135 2867 Margaretha
1153 2785 1231 2846 dum
1256 2784 1397 2867 prelatus

124 2893 270 2953 lacobus
293 2905 394 2953 sartor
411 2893 545 2954 maritus
568 2912 645 2954 suus
661 2893 803 2970 obiisset,
829 2893 917 2974 quod
935 2893 1021 2954 idem
1046 2891 1176 2952 domina
1196 2889 1397 2972 Margaretba

124 2997 192 3059 alta
218 3016 298 3059 voca
322 2998 485 3078 clamaret,
510 2999 599 3080 quod
623 2999 662 3060 de
688 2999 827 3080 quadam
856 2999 1061 3080 percussione
1088 3011 1119 3059 et
1142 2998 1265 3059 lesione
1290 2997 1321 3057 in
1347 3016 1397 3058 ca·

123 3105 194 3188 pite
219 3103 281 3166 luit
303 3125 360 3187 per
384 3125 499 3168 manus
516 3104 661 3168 eiusdem
685 3106 848 3168 Valentini
877 3105 993 3187 judicis
1017 3104 1132 3168 factam
1158 3117 1328 3166 annotatus
1345 3104 1396 3165 Ja-

127 3213 234 3273 cobus
265 3226 367 3273 sartor
390 3211 429 3272 de
454 3211 510 3273 tali
536 3212 658 3274 lesione
690 3225 836 3274 mortuus
861 3225 961 3288 esset,
985 3210 1107 3293 prefata
1131 3224 1239 3273 autem
1265 3210 1396 3272 domina

127 3316 335 3398 Margaretba
358 3318 392 3379 in
421 3317 543 3399 judicio
567 3319 622 3380 tali
655 3317 755 3380 modo
787 3317 963 3400 respondit,
996 3317 1084 3399 quod
1116 3319 1182 3400 ipsa
1215 3318 1298 3379 trina
1329 3317 1397 3378 vice

124 3423 307 3504 suspiciose
325 3422 456 3486 dixisset
471 3423 511 3486 ad
530 3443 603 3485 eum
622 3438 656 3485 ut
672 3424 711 3485 de
729 3424 934 3506 percussione
952 3424 1053 3506 ipsius
1069 3424 1231 3485 Valentini
1249 3437 1396 3486 mortuus

128 3529 255 3591 fuisset.
282 3529 368 3591 ldem
386 3530 577 3592 Valentinus
601 3531 697 3612 judex
713 3531 820 3592 senior
843 3531 1065 3592 testimonium
1082 3531 1251 3613 produxit:
1270 3530 1395 3591 Primus

125 3635 221 3697 testis
245 3635 433 3698 Franciscus
457 3636 617 3699 Chwkaro
639 3638 679 3698 de
701 3637 818 3719 Segnia
835 3638 893 3698 sub
911 3637 1091 3718 juramento
1109 3638 1164 3698 tali
1189 3637 1288 3698 modo
1305 3636 1396 3715 dixit,

126 3740 222 3824 quod
247 3741 333 3804 idern
366 3743 504 3805 lacobus
535 3742 656 3824 juratus
686 3763 751 3805 non
784 3758 864 3805 esset
888 3759 1035 3805 mortuus
1068 3764 1105 3805 ex
1129 3743 1333 3825 percussione
1367 3755 1399 3802 et

125 3849 257 3911 lesione
280 3847 393 3930 prefati
419 3849 583 3911 Valentini
607 3849 733 3930 judicis,
757 3850 811 3912 sed
831 3850 943 3912 habuit
966 3851 1062 3911 aliam
1088 3848 1316 3910 infirmitatem.
1342 3848 1397 3910 Se·

126 3953 258 4017 cundus
282 3954 369 4015 testis
393 3955 547 4017 Nicolaus
565 3956 769 4018 barbitonsor
791 3957 851 4018 sub
868 3955 1049 4036 juramento
1075 3956 1164 4033 dixit,
1190 3955 1320 4036 quando
1345 3975 1398 4016 ve·

127 4061 254 4123 nissent
277 4059 308 4120 in
335 4060 468 4122 domurn
487 4059 600 4142 prelati
619 4063 729 4124 Jacobi
747 4063 885 4141 sartoris,
910 4063 996 4124 idern
1014 4064 1045 4123 in
1064 4062 1162 4124 domo
1180 4082 1236 4123 sua
1253 4076 1398 4123 mortuus

125 4167 267 4249 jacebat,
285 4165 371 4228 idem
396 4167 550 4229 Nicolaus
566 4168 646 4230 dixit
662 4169 749 4250 quod
767 4169 893 4230 nullum
911 4170 1038 4250 signum
1057 4170 1186 4230 vidisset
1203 4189 1261 4230 nec
1278 4188 1398 4249 cogno·

125 4273 229 4334 visset
252 4271 293 4333 de
315 4273 522 4354 percussione
547 4274 647 4356 ipsius
671 4276 844 4338 Valentini.
877 4276 1013 4337 Tercins
1037 4278 1124 4338 testis
1150 4277 1262 4337 Simon
1289 4277 1393 4338 barbi·

124 4395 244 4442 tonsor
267 4378 415 4442 similiter
432 4380 564 4462 quando
588 4381 786 4444 devenerunt
810 4383 849 4444 nd
874 4382 1009 4445 domum
1034 4383 1178 4445 eiusdem
1197 4384 1318 4461 Jacobi,
1342 4384 1397 4444 tali

125 4484 233 4548 modo
258 4483 346 4563 dixit,
373 4486 462 4568 quod
479 4506 575 4570 super
592 4500 687 4570 caput
710 4489 779 4550 eius
803 4489 936 4570 aliquod
955 4510 1089 4571 parvum
1114 4491 1240 4570 signum
1259 4491 1400 4568 vidisset,

123 4591 185 4654 sed
211 4590 252 4651 de
276 4591 334 4654 illo
356 4593 450 4674 signo
474 4593 617 4656 vulneris
642 4614 705 4656 non
731 4610 813 4658 esset
837 4610 982 4657 mortuus
1000 4597 1051 4657 vel
1075 4616 1139 4657 non
1166 4611 1247 4657 esset
1271 4597 1398 4677 signum

125 4697 255 4762 mortis.
282 4697 360 4760 ltem
384 4699 483 4761 semel
508 4715 729 4764 convenerunt
752 4702 784 4762 in
809 4702 943 4763 domum
972 4703 1071 4783 ipsius
1095 4702 1256 4762 Valentini
1282 4701 1396 4781 judicis

125 4802 276 4888 prelatus
306 4804 445 4867 lacobus
475 4821 587 4883 sartor,
619 4807 809 4869 Valentinus
840 4808 1031 4889 calcaripar,
1064 4809 1208 4869 Andreas
1241 4810 1399 4889 bursipar,

126 4909 348 4994 Tbkalycbalr
371 4924 402 4973 et
425 4909 466 4972 ad
491 4912 629 4974 invicem
663 4913 815 4976 biberunt
838 4928 869 4975 et
901 4915 1121 4991 comederunt,
1147 4929 1177 4976 et
1202 4916 1286 4975 idem
1312 4916 1398 4977 dixe-

124 5031 207 5083 runt
230 5017 292 5079 sub
307 5015 489 5099 juramento
505 5018 661 5103 ipsorum,
685 5021 772 5102 quod
785 5019 929 5105 prelatus
948 5022 1140 5091 Valentinus
1156 5026 1257 5114 judex
1274 5025 1414 5116 (elidem

1315 5136 1332 5169 s
