3142 5356
507 470 593 526 Anno
613 481 706 546 1492.
733 503 774 512 —
799 485 849 548 24.
866 473 1017 548 januarii.
1352 494 1391 556 75

162 569 486 580 *w*
691 576 1023 585 --,-.-.--——„
1055 581 1160 586 „v—„m-

166 675 224 737 alios
243 680 337 740 bonos
369 679 455 740 viros
488 678 527 739 ad
560 679 621 740 hoc
654 679 824 762 deputatos
855 683 1060 745 revideantur
1092 685 1158 766 ipsa
1192 685 1331 767 dampna
1363 699 1394 747 et

164 782 315 846 estimentur
338 785 451 866 quanti
477 785 595 846 valoris
619 784 759 865 luerunt,
796 789 899 850 reviso
924 809 1001 851 vero
1032 790 1219 851 huiusmodi
1252 793 1394 873 dampno

164 900 187 945 et
204 891 342 970 estimato,
368 892 408 953 de
432 891 523 953 totali
548 911 672 953 summa
705 895 841 974 pecunie
874 895 933 976 ipsi
967 895 1098 957 domine
1124 896 1314 978 Magdalene
1339 898 1394 958 ad·

165 990 269 1067 iudicata
291 997 382 1059 valor
407 998 625 1059 estimacionis
649 999 792 1060 eiusdem
815 1000 946 1082 dampni
965 1001 1116 1063 defalcari
1142 1017 1172 1063 et
1196 1004 1255 1085 ipsi
1282 1003 1393 1065 Domi·

163 1097 216 1160 nito
236 1103 401 1187 Perorvych
426 1124 485 1186 pro
508 1103 730 1167 satisfaccione
755 1106 855 1188 ipsius
881 1107 1013 1189 dampni
1038 1108 1184 1189 deputari
1209 1109 1349 1173 debebit.

242 1208 310 1271 ltem
335 1211 360 1271 si
386 1210 561 1272 verisimile
587 1209 693 1291 fuerit,
718 1212 806 1292 quod
840 1213 924 1274 dicta
949 1214 1080 1275 domina
1106 1215 1298 1297 Magdalena
1323 1232 1395 1297 post

165 1327 267 1376 mortem
289 1317 364 1379 dicti
391 1316 525 1398 Georgii
543 1318 647 1378 mariti
665 1318 714 1378 sui
740 1317 779 1378 de
797 1318 913 1380 debitis
930 1319 1075 1381 eiusdem
1093 1321 1306 1403 quadraginta
1324 1322 1393 1385 flor.

165 1415 270 1500 solverit,
293 1438 387 1505 prout
411 1424 443 1484 in
468 1423 583 1484 eodem
606 1423 726 1499 judicio
751 1444 807 1506 per
839 1426 939 1506 ipsam
965 1427 1067 1488 extitit
1098 1427 1282 1508 allegatum,
1313 1429 1393 1490 etsi

166 1516 208 1581 hoc
227 1529 348 1606 probare
373 1529 502 1610 poterit,
527 1542 641 1590 extunc
659 1529 700 1591 ad
725 1531 914 1592 eorumdem
936 1532 1136 1593 solucionem
1154 1533 1240 1593 idem
1266 1534 1394 1596 Domlro

168 1628 208 1689 erit
227 1637 373 1718 obligatus
397 1638 440 1698 ita
464 1637 624 1715 videlicet,
642 1639 666 1698 si
693 1638 731 1698 de
749 1640 843 1699 bonis
860 1639 1037 1700 mobilibus
1062 1640 1134 1701 talis
1158 1641 1282 1702 solucio
1300 1639 1395 1703 suerit

167 1750 313 1820 comperta3
338 1744 446 1806 debita
473 1764 549 1804 vero
574 1764 636 1825 que
662 1746 728 1826 ipsa
758 1745 889 1806 domina
914 1745 1104 1825 Magdalcna
1138 1747 1323 1809 exsolvisset
1354 1748 1394 1809 de

167 1851 337 1916 proventibus
360 1851 541 1912 stacionum
574 1852 700 1929 domus,
729 1852 796 1932 ipse
829 1853 957 1912 Domlco
983 1853 1022 1912 ad
1056 1853 1243 1913 eorumdem
1270 1855 1393 1914 restitu-

166 1944 227 2010 cioui
247 1976 302 2018 non
327 1959 386 2020 erit
411 1958 584 2038 obligatus,
608 1973 639 2019 et
671 1978 765 2040 super
789 1959 907 2019 talibus
939 1958 1055 2019 debitis
1089 1959 1250 2020 racionem
1274 1979 1393 2041 ponere

168 2048 294 2125 debebunt
316 2065 356 2125 ad
382 2063 470 2145 quod
495 2065 555 2125 sibi
580 2065 754 2125 terminum
783 2078 971 2127 statuerunt.

243 2169 362 2232 ludices
385 2191 463 2232 vero
488 2171 639 2232 antedicti
657 2170 877 2249 decreverunt,
899 2185 933 2232 ut
956 2185 1028 2252 post
1047 2171 1188 2232 habitam
1208 2170 1392 2232 huiusmodi

166 2267 291 2338 racionem
314 2293 345 2340 et
370 2278 555 2339 debitorum
572 2279 814 2358 probacionem,
833 2278 1036 2338 medietatem
1056 2278 1161 2338 totalis
1185 2296 1310 2337 summe
1328 2277 1393 2358 ipse

167 2363 261 2442 Domko
282 2385 385 2445 eidem
412 2384 545 2444 dornine
571 2384 762 2463 Magdalene
780 2383 1024 2464 quintodecimo
1044 2383 1095 2443 die
1114 2385 1189 2445 dare
1215 2398 1245 2444 et
1269 2382 1393 2444 solvere

165 2483 296 2568 tenebitur,
320 2491 417 2552 aliam
443 2510 520 2552 vero
545 2490 751 2551 medietatem
784 2490 971 2568 solucionis,
1004 2491 1080 2551 dum
1106 2503 1137 2551 et
1168 2489 1299 2570 quando
1323 2508 1394 2571 pre-

101 2606 105 2614 ·
165 2589 311 2657 nOtnintrtus
334 2597 488 2658 dominus
512 2597 575 2657 dux
601 2597 743 2657 Domino
767 2597 895 2657 volente
927 2596 989 2657 huc
1014 2596 1180 2657 advenerit
1204 2609 1235 2657 et
1259 2594 1393 2656 domurn

164 2681 242 2761 ipsum
260 2699 373 2764 habere
398 2703 538 2764 voluerit
562 2715 592 2763 et
616 2702 782 2779 exolvent,
807 2716 923 2764 eotunc
949 2703 1015 2783 ipsa
1040 2702 1195 2762 medietas
1219 2699 1394 2761 solucionis

165 2786 227 2858 dicte
245 2805 368 2869 domine
394 2809 588 2889 Magdalene
612 2809 773 2884 solvetur;
798 2810 851 2869 ubi
871 2828 946 2869 vero
971 2809 1132 2890 predictus
1156 2807 1306 2868 dominus
1330 2807 1394 2868 dux

164 2891 252 2970 lteram
274 2914 405 2976 domurn
432 2915 549 2976 habere
574 2931 604 2976 et
629 2936 736 2977 emere
755 2936 818 2976 non
843 2916 940 2976 vellet
964 2930 994 2977 et
1019 2916 1077 2997 ipsi
1105 2915 1276 2975 Dorninico
1294 2915 1393 2975 libere

164 3009 296 3098 runirent,
327 3035 404 3082 tunc
438 3021 541 3083 dictus
573 3022 764 3083 Dominicus
797 3021 950 3104 prefatam
984 3022 1188 3083 medietatem
1220 3021 1395 3082 solucionis

166 3108 261 3186 ⁸⁰¹ltte
288 3129 448 3190 tenebitur
479 3143 510 3191 et
534 3129 659 3191 debeat.
693 3130 795 3211 Super
828 3150 893 3211 quo
925 3129 1045 3209 judicio
1074 3143 1178 3211 partes
1209 3129 1302 3190 ambe
1326 3147 1393 3188 sese

167 3228 359 3296 c⁰¹¹leutarunt
384 3248 415 3296 et
439 3235 562 3296 nullam
587 3235 843 3317 appellacionem
869 3237 1137 3318 interposuerunt.

207 3455 284 3541 luia
311 3471 418 3545 tercia
447 3465 479 3543 in
509 3474 657 3562 profesto
687 3467 922 3545 Conversionis
951 3473 1039 3545 beati
1069 3474 1164 3544 Pauli
1194 3475 1348 3562 apostoli.

537 3627 604 3708 (24.
621 3633 773 3706 januarii,
795 3650 864 3691 ann.
892 3629 1001 3706 1492).

245 3764 375 3831 Causam
401 3771 482 3831 inter
499 3771 668 3831 mulierem
688 3770 804 3831 Jelicza
829 3771 971 3831 relictam
989 3771 1125 3830 condam
1145 3768 1293 3850 Gregorii
1312 3768 1393 3828 Ban-

166 3850 309 3954 sehalorch
334 3891 364 3938 et
388 3876 597 3960 Vythlcouecz
623 3876 749 3938 fratrem
776 3877 919 3938 eiusdem
946 3876 1093 3957 Gregorii
1118 3876 1244 3937 racione
1269 3889 1300 3936 et
1323 3893 1394 3956 pre·

165 3966 230 4030 textu
248 3979 357 4044 domus
382 3997 413 4045 et
436 3985 597 4045 bonorum
623 3984 722 4064 ipsius
747 3983 884 4044 condam
909 3983 1069 4064 Gregorii,
1094 3983 1148 4043 ubi
1174 3983 1239 4064 ipse
1264 3981 1393 4063 Vythlro
1433 4022 1436 4027 -

166 4077 316 4177 P⁰fci0nem
348 4091 381 4151 in
416 4089 568 4151 domibus
600 4090 744 4152 eiusdem
777 4091 836 4150 sibi
869 4090 989 4170 legasse
1022 4091 1230 4165 asserebatur,
1256 4102 1286 4149 et
1318 4087 1394 4168 quia

165 4186 348 4274 ¹P⁸0Vythko
374 4197 585 4278 comprobare
610 4216 674 4258 non
699 4197 815 4278 potuit,
848 4209 943 4278 prout
967 4197 1068 4256 eciam
1101 4210 1189 4277 pater
1220 4194 1394 4276 spiritualis

166 4271 239 4391 ,fmus
258 4316 300 4364 est
324 4304 385 4364 sibi
410 4303 574 4386 Vythkoni
600 4303 646 4365 nil
667 4303 788 4384 legasse
813 4304 845 4363 in
871 4303 985 4364 ultimo
1003 4315 1203 4379 testament0,
1227 4300 1321 4381 jurati
1338 4301 1393 4362 ad·

164 4390 362 4487 adiuverunt,
387 4410 476 4491 quod
502 4411 569 4492 ipsa
594 4410 713 4471 Jelicza
739 4410 777 4470 ad
796 4409 907 4471 leriam
932 4411 1063 4471 terciam
1085 4409 1264 4490 proximam
1289 4407 1393 4489 jurare

164 4488 272 4591 habebit,
295 4516 384 4596 quod
410 4517 476 4597 ipsa
503 4517 629 4597 ignorat
653 4516 692 4577 de
716 4517 771 4577 tali
792 4517 959 4597 legacione
985 4536 1041 4576 nec
1066 4515 1192 4575 conscia
1218 4529 1273 4592 est,
1297 4515 1322 4574 si
1346 4515 1394 4594 ju·

164 4608 228 4696 rabir,
248 4633 322 4683 tunc
345 4623 412 4704 ipsa
438 4623 496 4683 erit
520 4637 551 4683 ct
583 4639 745 4704 comperta
779 4638 824 4684 est
848 4642 1011 4704 possessor
1043 4622 1189 4682 omnium
1215 4623 1393 4697 bonorum;

160 4716 228 4786 vinea
249 4748 324 4790 vero
348 4749 446 4810 quarn
472 4729 557 4790 idern
588 4729 764 4810 Gregorius
795 4749 853 4810 pro
879 4730 985 4790 anima
1018 4748 1074 4788 sua
1100 4728 1261 4788 commisit
1285 4728 1393 4807 vendi,

154 4824 204 4910 ipsa
225 4832 337 4897 debeat
360 4835 498 4897 vendere
516 4848 547 4897 et
563 4856 621 4918 pro
646 4837 752 4897 anima
777 4856 833 4897 sua
851 4836 978 4919 erponi.
1006 4835 1037 4894 ln
1060 4855 1125 4916 quo
1144 4835 1264 4897 nullam
1283 4835 1392 4917 appel-

145 4935 290 5007 lrcionem
313 4943 436 5029 aliquia
459 4944 603 5028 parcium
629 4944 829 5030 interposuit.
