3142 5356
577 544 665 601 Anno
687 541 782 621 1496.
807 577 848 588 —
873 543 904 606 ό.
928 546 1009 604 maii.

204 638 267 648 -—-

380 761 478 833 Feria
506 777 605 834 senta
633 779 710 852 post
739 767 941 836 dominicam
970 765 1071 855 Quasi
1100 770 1206 838 modo.

679 921 740 994 (15.
766 918 898 992 aprilis).

280 1055 373 1119 Causa
399 1059 482 1120 inter
507 1060 717 1122 Valentinum
743 1059 1006 1122 Kontltowschak
1031 1075 1061 1121 et
1087 1061 1251 1123 Thomam
1276 1077 1430 1143 sutorem,

201 1160 287 1222 citacio
306 1165 414 1246 prima.

278 1270 370 1334 Causa
397 1273 480 1334 inter
502 1273 704 1335 Anthonium
730 1289 872 1336 sutorem
898 1289 929 1336 et
954 1274 1163 1336 Katherinam
1189 1295 1322 1337 uxorem
1348 1275 1429 1338 Gre-

199 1371 258 1443 gorii
279 1377 423 1441 Kaliczne
447 1386 576 1441 racione
594 1381 677 1441 male
703 1379 937 1455 infamationis,
956 1382 1009 1442 ubi
1035 1401 1114 1442 uxor
1139 1381 1250 1462 prefati
1270 1383 1428 1444 Anthonii

199 1470 333 1547 iunonis
355 1487 493 1548 articulo
518 1486 659 1565 dixisset,
672 1488 846 1570 suspiciose
872 1503 990 1565 tamen,
1004 1489 1092 1569 quod
1117 1490 1156 1549 ab
1179 1489 1292 1551 eadem
1317 1487 1428 1552 fuisset

197 1575 351 1662 impocinata
376 1593 434 1654 sed
458 1593 613 1654 veraciter
637 1595 783 1673 nesciret,
808 1609 904 1675 prout
928 1594 988 1655 hoc
1005 1609 1101 1656 testes
1125 1595 1354 1676 deposuerunt,
1379 1595 1427 1676 ju-

196 1689 236 1748 rati
255 1696 519 1776 adjudicaverunt,
542 1701 632 1781 quod
650 1700 690 1761 ad
708 1701 1023 1782 quintumdecimum
1054 1701 1139 1762 diem
1158 1701 1225 1783 ipsa
1252 1702 1427 1763 Katherina

195 1809 311 1868 sertamet
333 1806 394 1867 sibi
419 1806 580 1868 similibus
604 1806 636 1866 in
655 1827 707 1868 ara
732 1822 839 1867 sancte
866 1807 979 1868 Crucis
996 1807 1100 1888 jurare
1126 1808 1257 1869 debebit
1280 1809 1368 1889 quod
1386 1811 1426 1870 ab

195 1902 276 1969 eadem
296 1913 360 1994 ipsa
385 1933 466 1974 uxor
491 1913 647 1975 Anthonii
682 1913 809 1974 nullum
842 1914 964 1975 malum
990 1914 1103 1974 sumsit
1135 1933 1240 1994 neque
1273 1914 1426 1994 comedit,

195 2020 271 2088 ntque
290 2019 326 2080 de
349 2019 463 2081 eadem
497 2019 693 2100 impocinata
730 2034 786 2097 est,
818 2020 843 2080 si
867 2019 985 2101 jurabit
1017 2020 1206 2101 expurgavit
1238 2019 1425 2098 infamiam3

195 2113 298 2185 Prolatus
321 2125 507 2186 Anthonius
531 2145 596 2186 non
622 2141 792 2188 contentus
817 2126 993 2208 appellavit
1017 2126 1057 2187 ad
1082 2126 1235 2205 seniores,
1260 2141 1368 2188 tamen
1384 2126 1425 2188 ad

195 2219 348 2291 peticionem
373 2233 552 2313 proborum
569 2232 713 2292 virorum
738 2230 894 2313 prefatam
912 2252 1040 2293 causam
1060 2233 1128 2315 ipse
1152 2233 1337 2294 Anthonius
1354 2253 1425 2315 pre·

194 2315 237 2385 iate
251 2331 410 2399 Katherine
424 2338 567 2420 pepercit
584 2353 615 2399 et
631 2339 767 2400 omnino
781 2338 904 2400 sedavit
917 2353 948 2400 et
961 2339 1001 2400 ad
1020 2339 1157 2400 invicem
1176 2340 1424 2402 concordarunt.

270 2440 366 2504 Causa
400 2444 482 2505 inter
515 2444 722 2506 Valentinum
757 2444 950 2528 franiparem
988 2460 1019 2506 et
1051 2446 1207 2507 Jacobum
1238 2445 1424 2529 Bekethych

192 2537 287 2608 lacione
310 2551 476 2612 cuiusdam
503 2550 701 2613 fideiussorie
735 2572 793 2634 pro
826 2553 964 2614 condam
998 2553 1173 2614 Benedicto
1199 2553 1354 2634 Suppano
1385 2573 1423 2614 ex

188 2650 255 2709 parte
275 2658 435 2718 cuiusdam
461 2657 581 2739 (hlorti,
607 2678 704 2739 quem
730 2660 796 2740 ipse
822 2660 1015 2720 Benedictus
1048 2659 1151 2720 eidem
1177 2659 1350 2720 Valentino
1375 2659 1423 2720 in·

185 2741 379 2827 Plssssoraverat
400 2765 576 2827 literatorie
593 2780 624 2827 et
641 2781 753 2847 expost
769 2767 840 2826 aliis
857 2766 990 2826 dederat
1005 2767 1254 2846 gubernandum
1279 2781 1311 2828 et
1327 2767 1422 2828 semi·

182 2859 308 2960 lindum,
332 2872 425 2949 jurati
443 2872 721 2951 adjudicaverunt,
736 2889 770 2934 ut
787 2873 854 2952 ipse
871 2873 1062 2934 Valentinus
1078 2873 1164 2954 juxta
1181 2873 1249 2952 jura
1274 2894 1341 2952 sua,
1358 2894 1421 2955 que

178 2945 329 3038 d'noscitur
354 2978 473 3039 babere
497 2999 592 3058 super
617 2980 755 3040 eundem
789 2979 955 3060 (blastum,
988 2980 1150 3059 possideat
1175 2994 1205 3040 et
1229 3000 1343 3062 prose
1368 3001 1422 3042 oc·

174 3069 272 3156 culien
305 3084 343 3145 de
368 3081 453 3146 facto
478 3104 554 3146 vero
578 3083 778 3146 fideiussorie
811 3086 888 3146 dum
921 3086 989 3167 ipse
1013 3086 1151 3147 lacobus
1183 3102 1213 3148 et
1246 3085 1422 3167 Gregorius

166 3152 279 3318 tp‘lhlto
312 3209 367 3271 per
403 3190 544 3252 eundem
578 3191 786 3252 Valentinum
821 3193 1014 3270 citabuntur,
1050 3193 1187 3253 invicem
1224 3192 1419 3273 respondere

175 3281 357 3358 metuntur.

266 3532 357 3606 Faria
385 3544 485 3606 sexta
513 3538 546 3605 in
575 3536 661 3607 festo
689 3533 853 3625 Jobannis
882 3543 960 3606 ante
989 3544 1122 3624 portam
1152 3533 1302 3606 latinam.

703 3685 749 3767 (6.
773 3687 873 3767 marl).

261 3824 361 3889 Causa
388 3829 471 3889 inter
495 3829 674 3890 Johannem
708 3843 849 3890 sutorem
882 3843 912 3889 et
936 3826 1123 3889 Gurkonem
1157 3829 1257 3905 lokar,
1292 3828 1324 3888 in
1349 3847 1414 3908 qua

151 3913 251 3988 “uba
271 3931 335 4013 ipse
361 3934 523 3995 lohannes
541 3949 650 3997 contra
671 3936 810 3998 eundem
831 3934 1018 3996 Gurkonem
1037 3933 1076 3994 ad
1095 3935 1233 4015 primum
1259 3933 1416 4012 judicium

149 4018 342 4102 re⁸l³ondere
368 4041 541 4103 tenebitur.

256 4142 358 4207 Causa
383 4146 465 4209 inter
481 4148 654 4209 Nicolaum
672 4147 867 4226 lreniparem
893 4162 923 4208 et
941 4147 1080 4208 Katham
1102 4166 1235 4207 uxorem
1254 4145 1417 4207 Gutkonis

148 4229 276 4328 motis,
299 4252 412 4314 citatio
437 4255 552 4336 prima,
578 4275 642 4316 non
669 4255 860 4336 comparuit.

257 4356 359 4421 Causa
392 4360 475 4422 iuter
510 4361 687 4422 Fabianum
720 4360 861 4440 judicem
895 4375 925 4422 et
958 4360 1132 4421 Martinam
1166 4360 1342 4420 institorem
1377 4359 1416 4419 de

153 4425 259 4547 cfrisio
281 4467 409 4530 racione
434 4469 649 4549 quarumdam
675 4488 792 4544 rerum,
815 4488 893 4549 quas
911 4469 977 4549 ipse
1004 4468 1160 4528 Martinus
1184 4467 1223 4526 de
1249 4467 1416 4527 Modrusio

157 4555 229 4623 ‘¹¹¹0
254 4574 329 4634 scitu
363 4575 464 4658 ipsius
496 4574 649 4652 Fabiani,
682 4575 773 4635 cuius
797 4596 845 4635 res
877 4573 1023 4652 luerunt,
1056 4594 1127 4634 cum
1161 4575 1256 4634 rebus
1287 4574 1351 4634 suis
1376 4574 1415 4633 ad

161 4665 278 4740 currum
302 4683 412 4764 posuit
436 4698 467 4744 et
491 4683 523 4743 in
548 4683 597 4743 via
631 4683 780 4743 ducendo
812 4703 867 4764 per
892 4683 1032 4742 latrones
1064 4696 1189 4762 recepte
1213 4693 1297 4758 sunt,
1321 4679 1414 4759 jurati

166 4761 424 4874 {Vindicandum
448 4789 537 4871 quod
563 4811 600 4851 ex
625 4809 690 4870 quo
717 4790 783 4869 ipse
810 4789 966 4850 Martinus
998 4788 1066 4846 sine
1090 4787 1170 4848 scitu
1195 4801 1225 4847 et
1249 4787 1414 4847 voluntate

171 4879 254 4983 {Vilis
273 4892 406 4958 Fabiani
440 4915 514 4956 suas
546 4916 595 4957 res
619 4896 750 4976 recepit,
781 4896 855 4956 ideo
887 4893 1080 4976 judicialiter
1113 4894 1278 4954 inventum
1304 4907 1349 4953 est
1380 4906 1415 4952 ut

177 4990 229 5056 ’με
247 4996 396 5066 Martinus
412 5017 713 5085 quantumcumque
732 5003 835 5065 dictus
851 5003 1015 5066 Fabianus
1033 5001 1066 5066 in
1084 5001 1179 5068 dictis
1194 5004 1294 5068 rebus
1308 5022 1425 5090 passus
