3142 5356
158 559 217 601 100
518 542 605 600 Anno
635 553 727 619 1495.
753 575 798 585 —
821 552 870 618 27.
886 543 1039 618 januam'.

152 765 292 815 mussent
316 766 351 814 ut
375 752 434 834 ipsi
462 751 607 834 Gasparo
632 766 846 834 presentasset
870 754 929 814 sub
961 766 1094 814 secreto.
1120 752 1185 827 Qui
1210 754 1342 815 tandem
1368 754 1422 815 ΑΙ.

153 863 261 923 bertus
274 860 384 921 omnia
408 859 547 940 negavit,
565 859 675 920 dicens
699 859 788 940 quod
806 879 865 921 nec
890 859 957 940 ipse
974 859 1099 941 scripsit
1123 877 1229 940 neque
1248 879 1323 921 cum
1340 859 1421 920 scitu

153 967 298 1029 eiusdem
324 986 382 1028 nec
408 966 515 1027 uxoris
538 984 594 1027 sue
620 984 726 1047 neque
759 966 923 1028 dedomo
952 986 1008 1027 sua
1040 967 1124 1027 dicta
1149 966 1262 1028 cedula
1289 965 1420 1028 infama-

153 1075 255 1137 cionis
279 1072 419 1152 devenit,
443 1073 497 1154 qui
522 1073 652 1134 tandem
672 1072 796 1153 Gaspar
812 1073 850 1134 ad
877 1073 939 1134 hoe
957 1074 1083 1134 nullum
1107 1073 1331 1135 testimonium
1349 1093 1424 1155 pro·

153 1181 297 1242 bacionis
321 1179 433 1241 habuit
455 1179 512 1241 illo
529 1180 604 1261 quia
624 1179 709 1240 idem
730 1178 906 1260 Gregorius
923 1199 987 1241 non
1010 1193 1076 1241 erat
1100 1194 1248 1241 constans
1266 1180 1298 1241 in
1317 1180 1424 1240 verbis

152 1287 207 1349 sed
233 1286 384 1348 hincinde
410 1285 640 1363 balbutizabat,
665 1285 739 1346 ideo
764 1285 857 1365 jurati
875 1285 1150 1366 adjudicaverunt,
1165 1285 1253 1367 quod
1280 1286 1348 1368 ipse
1367 1286 1423 1347 Al·

153 1395 261 1456 bertus
286 1414 393 1476 prose
419 1408 450 1455 et
466 1413 522 1454 sua
548 1412 645 1455 uxore
663 1392 925 1455 tredecimusmet
944 1413 1016 1454 cum
1035 1394 1159 1454 civibus
1175 1406 1230 1454 aut
1255 1393 1424 1454 nobilibus

152 1501 228 1561 viris
252 1501 356 1581 jurare
382 1501 514 1562 habebit
538 1500 576 1561 ad
603 1514 750 1582 quartam
776 1501 887 1562 seriam
916 1515 1036 1562 sextam
1061 1501 1149 1582 quod
1175 1501 1242 1582 ipse
1267 1500 1424 1560 Albertus

152 1627 216 1668 non
241 1609 367 1690 scripsit
391 1627 449 1669 nec
475 1628 512 1669 ex
536 1607 617 1668 scitu
642 1626 700 1668 suo
733 1626 838 1687 neque
864 1607 972 1668 uxoris
996 1627 1051 1667 sue
1084 1607 1138 1668 illa
1164 1606 1277 1667 cedula
1303 1606 1421 1689 scripta

152 1729 199 1776 est
226 1734 284 1776 nec
316 1715 411 1776 missa
444 1733 549 1795 neque
583 1713 702 1774 conscii
734 1727 807 1774 sunt
831 1732 889 1774 nec
923 1713 1061 1774 eundem
1098 1711 1355 1774 informaverunt
1379 1711 1420 1773 ad

152 1821 342 1903 portandam
361 1821 450 1882 illam
474 1820 642 1896 cedulam;
668 1819 741 1881 ideo
766 1820 791 1880 si
810 1820 877 1901 ipse
902 1839 966 1881 non
985 1819 1145 1897 iuraverit,
1170 1832 1285 1879 extunc
1303 1832 1416 1880 contra

152 1927 287 1989 eandem
313 1947 444 1989 uxorem
472 1926 624 2009 Gasparis
656 1926 822 1987 convictus
854 1941 899 1987 est
924 1926 955 1986 in
989 1925 1141 2006 homagio
1166 1925 1259 2000 vivo;
1283 1925 1419 2006 ipseque

132 2027 275 2115 'Gaspar
299 2054 336 2094 ex
361 2054 427 2116 quo
452 2034 591 2095 eundem
625 2032 794 2093 Albertum
828 2033 989 2093 literatum
1020 2032 1201 2093 detinuerat
1224 2030 1329 2111 capite
1361 2050 1421 2092 suo

152 2139 317 2201 convictus
341 2155 386 2201 est
411 2154 520 2201 contra
539 2139 678 2200 eundem
704 2140 736 2199 in
753 2138 906 2218 homagio
924 2139 1018 2214 vivo;
1043 2135 1185 2220 prefatus
1200 2156 1278 2197 vero
1296 2135 1422 2218 Gaspar

151 2265 216 2307 non
240 2261 411 2309 contentus
435 2247 610 2329 appellavit
635 2246 674 2307 ad
700 2247 853 2307 seniores.

269 2481 365 2555 Feria
392 2477 501 2557 tercia
528 2491 606 2574 post
633 2483 756 2555 festum
789 2483 1025 2555 conversionis
1054 2483 1144 2553 beati
1175 2479 1281 2551 Pauli.

668 2639 729 2715 (27.
746 2638 913 2715 januaris).

255 2779 361 2842 Causa
386 2780 467 2841 inter
492 2781 649 2841 Jacobum
667 2779 851 2862 Bekethych
871 2792 902 2841 et
918 2778 1127 2841 Valentinum
1153 2775 1419 2838 Konthowschak

149 2884 287 2966 juratum
314 2887 443 2948 racione
478 2886 645 2948 cuiusdam
678 2886 963 2963 inhonestacionis,
988 2886 1043 2946 ubi
1076 2885 1144 2966 ipse
1168 2883 1360 2944 Valentinus
1384 2883 1418 2943 in

149 2992 339 3054 consistorio
365 2993 518 3074 injuriose
544 3007 574 3055 et
598 3008 706 3054 contra
737 2994 877 3054 honores
908 3012 983 3053 suos
1008 2991 1149 3069 dixisset,
1173 3003 1208 3050 ut
1232 2989 1317 3050 idem
1343 3008 1418 3070 pro·

149 3098 265 3178 posuit,
291 3099 345 3159 ubi
369 3099 448 3159 dixit
473 3119 571 3180 quare
595 3099 674 3160 dicis
701 3114 808 3160 tamen
841 3099 956 3159 venisti
968 3093 1006 3179 (i)
1032 3097 1123 3157 illum
1150 3114 1272 3176 equum
1297 3106 1328 3154 et
1353 3094 1417 3174 jam

149 3204 266 3266 babere
292 3206 349 3282 vis,
375 3205 468 3283 jurati
494 3206 686 3266 invenerunt
710 3220 740 3266 et
772 3205 1050 3286 adjudicaverunt,
1083 3202 1171 3284 quod
1196 3222 1233 3262 ex
1259 3220 1325 3282 quo
1350 3200 1420 3282 ipse

149 3430 259 3478 contra
286 3416 424 3477 honores
448 3437 523 3478 suos
547 3417 636 3495 dixit,
670 3418 757 3498 quod
780 3419 916 3499 probare
942 3437 1006 3478 non
1040 3416 1155 3497 potuit,
1179 3413 1346 3475 convictus
1371 3429 1418 3473 est

149 3521 235 3582 idem
260 3522 451 3584 Valentinus
476 3537 584 3585 contra
618 3524 756 3584 eundem
791 3525 945 3585 Jacobum
972 3525 1004 3583 in
1037 3522 1150 3583 decem
1174 3519 1292 3602 pensis,
1317 3518 1417 3599 judici

150 3628 325 3689 incentum
351 3629 491 3690 denariis
515 3630 599 3710 juxta
625 3630 792 3711 privilegia
818 3646 924 3691 nostre
948 3627 1207 3703 communitatis;
1224 3627 1417 3688 Valentinus

149 3754 214 3796 non
239 3749 409 3796 contentus
432 3737 607 3817 appellavit
632 3737 671 3796 ad
696 3738 848 3798 seniores.

256 3841 361 3903 Causa
387 3843 469 3902 inter
491 3843 699 3903 Valentinum
719 3843 857 3924 juratum
876 3858 906 3904 et
923 3843 1085 3903 Andream
1106 3842 1262 3905 famulum
1282 3840 1420 3922 Georgii

150 3945 229 4008 labri
243 3949 372 4008 racione
397 3949 622 4029 percussionis,
640 3950 694 4009 ubi
718 3950 785 4030 ipse
803 3950 992 4010 Valentinus
1010 3964 1120 4010 contra
1138 3946 1279 4010 eundem
1297 3967 1419 4029 propo-

149 4054 256 4130 nebat,
273 4054 360 4134 quod
379 4054 445 4135 ipse
463 4055 601 4115 eundem
620 4056 819 4136 percusisset,
838 4057 903 4136 ipse
922 4075 997 4116 vero
1014 4053 1156 4116 famulus
1181 4056 1329 4135 negabat,
1356 4053 1419 4114 Va·

148 4159 289 4220 lentinus
312 4173 419 4220 tamen
444 4160 665 4221 testimonium
691 4181 785 4241 super
810 4161 872 4221 hoc
900 4181 964 4221 non
991 4162 1113 4238 habuit,
1141 4161 1214 4221 ideo
1240 4159 1335 4237 jurati
1361 4158 1417 4218 ad·

148 4263 389 4345 judicaverunt,
420 4267 509 4346 quod
543 4267 608 4347 ipse
643 4267 786 4327 Andreas
816 4269 1000 4329 terciusmet
1036 4269 1096 4328 sibi
1129 4267 1289 4328 similibus
1314 4264 1421 4345 jurare

148 4370 279 4432 habebit
302 4371 341 4432 ad
368 4370 479 4433 leriam
503 4387 622 4433 sextam
649 4388 720 4454 post
753 4374 949 4434 dominicam
976 4374 1077 4448 Quasi
1100 4375 1210 4452 mod0,
1236 4372 1326 4454 quod
1352 4373 1421 4455 ipse

148 4477 286 4538 eundern
311 4496 376 4538 non
404 4480 576 4559 percussit;
609 4479 694 4539 idem
725 4480 921 4542 Valentinus
953 4501 1017 4542 non
1052 4495 1221 4542 contentus
1245 4479 1423 4561 appellavit

147 4584 188 4646 ad
213 4584 366 4646 seniores.
