3142 5356
216 343 273 424 196
743 344 942 421 Ann01430.

210 554 373 616 Valentini
398 553 514 615 sutoris
532 551 590 614 filii
608 554 705 614 Blasii
723 568 770 614 est
786 554 960 616 literatorie
985 568 1111 633 statuta,
1129 553 1219 615 cuius
1243 554 1361 615 domus
1378 554 1474 616 aliam

210 661 416 722 medietatem
442 658 619 740 Gregorius
642 659 852 721 Corintianus
876 660 1053 721 dinoscitur
1077 660 1252 741 possidere.
1275 676 1287 706 ⁸

316 767 395 828 ltem
421 767 574 829 Clemens
598 780 629 827 et
654 766 837 828 Demetrius
868 765 926 827 filii
959 765 1078 828 Mathei
1112 767 1186 828 dicti
1213 767 1374 829 Truntich
1399 767 1478 829 duas

212 874 356 956 ipsorum
380 888 481 936 rectas
505 888 536 935 et
560 873 691 955 equales
713 873 884 955 porciones
913 873 1080 934 cuiusdam
1101 874 1219 936 domus
1242 888 1274 937 et
1298 873 1402 952 fundi,
1427 895 1477 936 ce·

210 979 347 1061 lariique
371 979 569 1041 subterranei
594 998 630 1041 ac
648 977 870 1041 hedificiorum
896 979 928 1040 in
953 979 1036 1041 dicta
1056 980 1183 1042 civitate
1208 981 1290 1043 inter
1314 981 1431 1043 domos
1448 996 1478 1042 et

212 1087 331 1149 fundos
355 1086 484 1148 Martini
518 1086 642 1168 pridem
675 1086 769 1167 jurati
794 1085 852 1148 filii
884 1087 1013 1148 Thome
1038 1100 1069 1148 et
1093 1086 1225 1149 alterius
1256 1089 1386 1150 Martini
1419 1087 1477 1150 filii

213 1193 346 1275 Georgii
370 1193 489 1273 habite,
523 1193 607 1254 iwan
631 1191 699 1253 filio
731 1192 831 1274 ipsius
855 1192 974 1261 Mathei
1008 1191 1095 1254 fratri
1120 1213 1179 1255 suo
1204 1195 1331 1256 uterino
1357 1210 1387 1257 et
1411 1215 1478 1256 car·

213 1300 280 1362 nali
304 1300 524 1362 vendidissent
548 1313 704 1382 perpetuo
728 1297 967 1381 possidendam,
985 1299 1075 1359 cuius
1099 1299 1216 1361 domus
1240 1298 1344 1378 fundi,
1369 1301 1478 1362 celarii

214 1421 245 1469 et
268 1405 492 1468 hedificiorum
515 1407 645 1468 terciam
671 1418 793 1486 partem
817 1405 882 1486 ipse
908 1405 995 1466 Iwan
1020 1405 1195 1467 literatorie
1220 1406 1416 1488 possidebat.

322 1513 399 1574 Item
416 1527 482 1574 tota
507 1511 721 1573 communitus
737 1511 833 1572 simul
851 1511 883 1570 in
909 1530 1010 1572 unum
1028 1511 1118 1573 dives
1134 1525 1166 1574 et
1189 1531 1312 1594 pauper
1329 1513 1368 1574 de
1385 1515 1479 1575 vinea

215 1618 432 1680 condicionali
465 1618 590 1679 Nicolai
623 1618 699 1679 dicti
733 1618 808 1701 Mylr
842 1616 898 1678 lilii
933 1617 1063 1700 Endrey
1095 1618 1134 1678 de
1160 1620 1375 1702 Nogaryewo,
1400 1621 1481 1681 inter

216 1725 325 1784 vineas
349 1724 496 1785 similiter
516 1723 757 1785 condicionales
774 1723 937 1784 Valentini
955 1725 1222 1788 molendinatoris
1246 1741 1278 1788 et
1301 1727 1477 1791 liberorum

218 1830 356 1890 condam
382 1829 534 1911 Stephani
558 1830 668 1910 generi
700 1829 785 1890 lwan
814 1829 947 1891 Obalise
979 1832 1037 1891 sita
1074 1845 1105 1893 et
1129 1846 1211 1892 terra
1244 1834 1351 1895 eidem
1376 1837 1480 1917 subja-

219 1951 309 1997 cente
334 1936 457 2013 arabili,
483 1955 612 1996 censum
638 1936 715 1996 sexti
741 1936 849 1996 cubuli
876 1937 907 1997 in
929 1957 1059 1998 censum
1078 1938 1172 1998 unius
1196 1938 1267 2001 flor.
1292 1942 1361 2001 auri
1386 1957 1416 2002 et
1441 1944 1479 2003 de

216 2058 298 2103 terra
322 2043 449 2122 triginta
475 2042 618 2123 quinque
644 2042 848 2103 denariorum
867 2062 998 2104 censum
1019 2044 1138 2105 amodo
1163 2064 1290 2126 semper
1313 2049 1479 2109 annuatim

217 2150 312 2210 nobis
332 2168 389 2209 seu
408 2149 579 2209 comitibus
604 2149 720 2209 nostris
736 2162 808 2209 ante
830 2149 1026 2210 vindemiam
1044 2150 1282 2231 persoluturum
1302 2156 1481 2215 communi·

217 2255 273 2315 tati
300 2255 353 2332 ita,
378 2253 465 2335 quod
490 2254 549 2335 ipsi
568 2254 757 2315 Valentinus
782 2268 813 2314 et
837 2254 989 2316 Nicolaus
1004 2256 1122 2317 liberas
1145 2256 1212 2316 vias
1236 2260 1400 2321 curruales
1417 2275 1479 2321 tam

217 2379 234 2420 a
259 2360 489 2441 septemtrione
514 2379 610 2441 quam
636 2379 653 2420 a
679 2359 858 2422 meridione
883 2361 922 2422 ad
954 2360 1082 2422 easdem
1105 2381 1178 2422 suas
1202 2362 1312 2424 vineas
1338 2384 1480 2426 commu·

218 2466 299 2526 niter
324 2466 441 2526 liberas
466 2466 497 2526 in
523 2486 617 2528 evum
643 2466 816 2528 habebunt.

324 2573 400 2634 Item
427 2574 565 2654 quedam
592 2573 709 2634 domus
734 2573 828 2634 unius
853 2589 964 2654 quarte
992 2575 1088 2635 simul
1113 2594 1185 2636 cum
1211 2574 1314 2637 fundo
1339 2590 1370 2638 et
1394 2576 1479 2638 hedi·
1509 2629 1513 2636 .

217 2678 297 2741 ficiis
321 2679 353 2739 in
379 2678 506 2740 civitate
531 2680 613 2740 inter
637 2679 752 2740 domos
776 2680 918 2740 virorum
942 2681 1151 2762 providorum
1176 2681 1339 2743 Valentini
1359 2683 1480 2764 pridem

218 2784 311 2866 jurati
337 2783 394 2845 filii
420 2785 483 2845 lwlr
508 2799 539 2846 et
564 2785 732 2847 Laurencii
765 2805 801 2847 ac
830 2785 979 2867 Gregorii
1011 2801 1193 2849 nostrorum
1219 2789 1404 2851 concivium
1429 2790 1479 2851 ha-

218 2891 295 2965 bita,
320 2909 376 2972 per
400 2888 611 2951 sufficientem
636 2891 684 2951 sui
709 2893 1012 2973 comprobacionem
1042 2893 1073 2953 in
1100 2893 1164 2955 alio
1188 2908 1299 2956 nostro
1325 2909 1479 2977 quaterno

219 2997 384 3058 communi
410 2998 628 3078 consignatam
654 3012 700 3060 est
724 2998 898 3060 literatorie
922 3013 1047 3062 statuta.

325 3102 402 3162 Item
428 3102 617 3163 Dominicus
641 3101 726 3164 filius
751 3105 840 3165 Pauli
866 3105 1019 3167 directam
1045 3120 1076 3168 et
1100 3108 1249 3188 equalem
1274 3104 1478 3170 medietatem

220 3208 385 3270 cuiusdam
412 3208 538 3286 domus,
563 3207 666 3286 fundi,
690 3211 799 3272 celarii
827 3213 1024 3273 subterranei
1050 3227 1081 3275 et
1104 3212 1328 3275 hedificiorum
1356 3215 1387 3275 in
1412 3216 1479 3275 vico

220 3328 329 3375 nostro
355 3315 502 3375 exteriori
541 3315 647 3375 lutoso
681 3316 761 3377 inter
793 3317 918 3394 domos,
950 3314 1067 3380 fundos
1091 3334 1122 3380 et
1154 3319 1302 3381 hedificia
1329 3321 1478 3403 Stephani

221 3419 468 3481 Skerchkowich
494 3435 524 3480 et
550 3420 655 3500 Egidii
681 3421 837 3482 carnificis
854 3443 888 3483 ac
912 3424 1073 3485 Valentini
1090 3426 1207 3488 sutoris
1231 3425 1339 3487 habite
1364 3444 1395 3488 et
1420 3428 1478 3488 erri-

220 3526 342 3604 stentis,
370 3527 555 3606 porcionem
594 3527 744 3589 videlicet
772 3548 903 3589 suama
935 3544 1022 3609 parte
1049 3531 1190 3611 ipsorum
1224 3531 1333 3612 Egidii
1366 3547 1397 3593 et
1422 3533 1478 3593 Va·

219 3632 332 3693 lentini
355 3631 508 3708 habitam,
534 3651 629 3693 unam
663 3648 820 3714 quartam,
851 3635 958 3694 Marco
991 3635 1130 3697 carnifici
1157 3636 1224 3697 hlio
1249 3636 1395 3720 Georgii,
1428 3639 1479 3720 qui

220 3738 361 3798 eiusdem
389 3737 504 3797 domus
529 3739 624 3798 aliam
649 3755 794 3819 quartam
813 3741 989 3801 dinoscitur
1010 3742 1172 3823 possidere
1197 3743 1384 3824 literatorie,
1410 3765 1478 3807 cum

219 3845 283 3904 suis
307 3844 512 3924 pertinenciis
537 3845 642 3905 eidem
669 3847 862 3907 vendidisset
886 3861 1042 3928 perpetuo
1067 3848 1307 3930 possidendam.

326 3951 401 4011 Item
427 3952 561 4032 provida
587 3953 702 4014 mulier
728 3954 802 4014 Jalsi
832 3968 943 4015 vocata
976 3953 1040 4015 lilia
1066 3956 1173 4038 Erney
1209 3957 1319 4018 relicta
1345 3959 1481 4020 condam

219 4055 354 4134 Franch,
379 4058 510 4118 totalem
536 4078 624 4118 suam
644 4059 830 4140 porcionem
855 4060 885 4120 in
912 4061 1051 4141 quadam
1069 4061 1169 4122 domo
1194 4062 1226 4122 in
1244 4062 1328 4124 dicte
1347 4064 1481 4125 civitatis

219 4163 289 4223 vico
307 4163 454 4223 exteriori
479 4184 535 4225 seu
552 4164 655 4245 platea
680 4154 914 4227 theuthonicali
926 4167 1007 4228 inter
1024 4165 1152 4247 fundos,
1172 4169 1288 4230 domos
1305 4191 1362 4232 seu
1380 4172 1482 4233 curias

219 4269 382 4329 Ambrosii
400 4268 567 4352 freniparis
592 4285 621 4332 et
639 4272 800 4361 colendini
822 4272 1090 4336 confraternitatis
1107 4275 1310 4337 sacerdotum
1329 4277 1481 4354 habitam,

219 4374 359 4435 mediam
385 4376 504 4436 curiam
539 4377 569 4437 in
594 4397 626 4439 se
659 4379 855 4457 continente,
887 4400 904 4440 a
935 4394 1024 4461 parte
1057 4381 1139 4442 dicte
1174 4381 1292 4444 domus
1316 4384 1480 4446 colendini

218 4480 421 4542 sacerdotum
447 4480 599 4561 habitam,
625 4483 753 4544 Thome
778 4483 845 4546 filio
864 4484 995 4567 Georgii
1020 4507 1141 4567 genero
1166 4502 1197 4550 et
1215 4489 1395 4553 Scolastice
1420 4491 1481 4553 filie

217 4587 282 4648 suis
306 4587 438 4648 donavit
462 4604 617 4670 perpetuo
642 4591 870 4671 possidendam
900 4594 953 4669 ita,
978 4593 1066 4674 quod
1091 4594 1192 4676 ipsam
1218 4595 1293 4656 Jalsi
1313 4597 1478 4659 mulierem

218 4712 318 4774 usque
344 4693 384 4753 ad
409 4694 506 4754 vitam
524 4715 613 4755 suam
639 4697 670 4756 in
696 4698 808 4759 eadem
826 4700 979 4779 porcione
1001 4713 1109 4761 tenere
1126 4698 1259 4782 pacifice
1276 4704 1480 4780 tenebuntur,

218 4799 303 4859 salva
318 4800 379 4860 alia
394 4800 548 4881 porcione
564 4802 679 4863 domus
693 4804 848 4885 eiusdem,
866 4825 963 4886 quam
984 4806 1103 4867 Malina
1117 4806 1296 4870 dinoscitur
1309 4808 1479 4891 possidere.
