3156 5364
545 432 632 490 Anno
654 442 740 506 r5rr.
764 465 808 478 -
830 445 882 504 ²9·
907 435 1034 506 augusti.

621 641 766 703 Thomas
794 657 894 705 sutor.

623 750 785 811 Fabianus
810 749 958 813 Odeuen.

624 854 804 938 Stephanus
826 856 1037 939 Sthephycza,

623 961 784 1024 lohannes
809 961 1065 1045 Thyslarychne.

621 1068 768 1129 Thomas
791 1083 889 1130 sutor.

623 1172 798 1254 Gregwrelt
823 1187 920 1238 sutor.

621 1279 768 1341 Thomas
792 1280 918 1342 Kerela.

622 1386 791 1448 Ladislaus
814 1399 913 1449 sutor.

622 1493 734 1555 Petrus
761 1512 859 1574 gener
885 1494 1004 1555 Renak.

621 1598 759 1661 Michael
783 1597 934 1681 frenipar.

620 1705 713 1767 Vltus
742 1706 896 1768 Kranecz.

620 1812 766 1873 Andreas
794 1810 893 1874 faber.

621 1917 805 1980 Anthonius
828 1933 927 1981 sutor.

513 2043 516 2052 ·
621 2025 766 2086 Thomas
792 2024 886 2086 frater
910 2024 1068 2087 Thothur.

152 2230 250 2302 Feria
279 2237 377 2301 sexta
406 2227 438 2300 in
459 2238 579 2300 octava
600 2225 853 2317 Assumpeionis
873 2229 969 2300 beate
989 2227 1093 2300 llorie
1112 2249 1244 2318 semper
1263 2233 1424 2318 virginis.

664 2384 727 2453 (22.
751 2380 897 2461 auguste).

260 2506 365 2568 Causa
390 2506 472 2566 inter
496 2504 661 2565 dominam
687 2503 923 2584 Margaretham
956 2504 1100 2566 relictam
1125 2503 1262 2565 condam
1288 2504 1418 2566 Paulini

153 2612 338 2696 Mylethych
353 2627 383 2673 et
396 2611 540 2673 nobilem
560 2608 738 2691 Georgium
757 2609 859 2671 filium
878 2610 1015 2671 condam
1029 2608 1182 2691 Stephani
1201 2609 1424 2694 Berizlawych

152 2734 183 2783 et
207 2719 352 2782 relictam
378 2717 523 2779 eiusdem
542 2716 696 2798 Stephani
722 2717 850 2778 racione
868 2731 899 2777 et
915 2731 1060 2799 pretextu
1078 2716 1245 2777 cuiusdam
1270 2716 1424 2778 chatlrme

152 2839 263 2888 vocate
288 2825 328 2887 de
345 2844 485 2907 purpura
504 2821 596 2902 facte,
615 2823 653 2883 de
671 2824 832 2903 rebusque
849 2822 930 2900 aliis,
948 2842 1007 2884 nec
1024 2842 1088 2883 non
1107 2821 1274 2884 cuiusdam
1293 2824 1418 2903 quanti·

151 2933 224 2994 tatis
248 2932 326 3010 vini,
360 2931 414 2992 ubi
446 2928 587 3011 prelatus
618 2928 755 2990 condam
789 2928 970 3010 Stephanus
1003 2928 1222 3012 Berizlawych
1254 2929 1287 2989 in
1321 2929 1420 2991 domo

152 3039 297 3100 eiusdem
323 3038 454 3100 domine
480 3036 578 3097 Lucie
597 3035 662 3096 illic
680 3035 710 3096 in
737 3035 863 3096 civitate
889 3035 920 3096 in
940 3034 1122 3096 infirmitate
1140 3035 1328 3114 laborasset,
1345 3051 1419 3097 tunc

152 3145 236 3206 idem
263 3145 399 3205 condam
428 3141 608 3224 Stephanus
633 3141 714 3202 inter
747 3155 847 3202 certas
871 3161 943 3202 suas
975 3161 1023 3201 res
1054 3139 1210 3222 prefatam
1236 3141 1417 3203 chathmam

152 3252 236 3312 dicte
262 3251 393 3311 domine
419 3248 620 3329 Margarethe
637 3247 778 3328 reliquit,
802 3247 856 3308 ubi
875 3246 968 3327 jurati
987 3267 1085 3329 penes
1105 3247 1328 3309 testimonium
1347 3268 1417 3330 pro·

151 3358 284 3419 ductum
309 3355 534 3436 adjudicarunt
558 3367 588 3414 et
620 3373 719 3436 penes
750 3366 903 3414 statutum
933 3353 1069 3416 civitatis
1099 3353 1208 3414 omnia
1234 3373 1330 3435 posse
1363 3355 1417 3414 do-

152 3483 228 3524 nare
253 3477 283 3524 et
301 3461 466 3544 presertim
485 3481 534 3521 res
551 3460 699 3538 mobiles,
724 3460 766 3519 ob
783 3459 844 3520 hoc
862 3458 1017 3541 prefatam
1038 3458 1219 3520 chathmam
1246 3473 1277 3521 et
1295 3461 1415 3522 dictum

151 3571 262 3631 vinum
288 3568 400 3629 eedem
426 3567 558 3628 domine
583 3565 784 3647 Margarethe
816 3565 1040 3647 adjudicarunt
1072 3585 1170 3648 penes
1193 3566 1416 3628 testimonium

151 3676 354 3758 productum.

152 3844 247 3916 Ferla
276 3854 375 3916 sexta
403 3842 482 3916 ante
511 3843 633 3914 festum
656 3840 855 3912 Nativitatis
874 3840 970 3911 beate
991 3834 1094 3912 llarie
1114 3861 1244 3930 semper
1262 3840 1415 3931 virginis.

657 4004 695 4071 (5.
720 3994 903 4068 septembris).

257 4120 380 4181 Relicta
406 4120 510 4180 Katha
535 4119 639 4201 primo
672 4118 766 4178 citata
798 4117 837 4177 ad
863 4116 1051 4177 instanciam
1084 4115 1210 4176 Nicolai
1243 4117 1418 4197 pulsatoris

152 4245 216 4287 non
242 4227 432 4308 comparuit.

203 4409 299 4482 Feria
328 4421 424 4482 sexta
454 4415 486 4480 in
515 4411 601 4480 festo
629 4407 856 4480 Decolacionis
885 4407 974 4479 beati
1003 4407 1166 4497 Johaunis
1196 4407 1363 4496 baptiste.

651 4548 718 4626 (29.
749 4546 889 4619 augusti).

706 4687 853 4762 (Scheria).

258 4811 405 4885 Quedam
432 4831 526 4872 causa
557 4830 620 4892 que
645 4811 726 4871 inter
758 4809 947 4891 jobagiones
981 4823 1106 4872 nostros
1137 4809 1177 4870 de
1201 4808 1352 4872 Grachan
1387 4829 1419 4875 et

148 4918 337 5002 jobagiones
361 4917 564 4999 episcopatus
580 4917 619 4977 de
645 4915 784 4977 lwanich
801 4916 956 4978 ventilata
980 4929 1011 4978 et
1035 4930 1133 4995 mota,
1157 4915 1190 4976 in
1214 4918 1417 4998 quaquidem
