3142 5356
488 1341 615 1442 (Anno
642 1341 799 1432 Domini
828 1338 1115 1440 dccccxxx)

751 1576 853 1583 .—

172 1717 208 1793 ln
238 1718 380 1791 nomine
410 1716 564 1792 Domini.
597 1717 721 1792 Amen.
751 1716 856 1791 Anno
891 1713 1104 1791 Natiuitatis
1133 1715 1294 1791 eiusdem
1325 1717 1433 1791 mille-

172 1842 263 1916 simo
292 1841 645 1939 quadringentesimo
666 1841 862 1933 tricesimo,
892 1839 983 1915 teria
1004 1848 1133 1938 quarta
1160 1840 1326 1939 proxima
1354 1850 1438 1938 post

173 1965 305 2040 festum
332 1965 429 2039 beati
449 1963 618 2039 Anthonii
640 1963 802 2039 monachi
832 1973 870 2039 et
890 1963 1125 2055 confessoris,
1153 1971 1321 2063 tempore
1347 1963 1435 2060 judi-

173 2096 275 2165 catus
303 2088 367 2162 viri
404 2088 541 2187 providi
576 2098 614 2163 et
651 2088 900 2188 circumspecti
939 2088 1071 2163 domini
1099 2086 1284 2163 Michaelis
1308 2087 1435 2186 judicis

172 2211 288 2287 nostri
317 2210 477 2285 moderni
515 2210 573 2285 filii
603 2208 822 2304 Sebastiani,
860 2235 1011 2312 presens
1048 2211 1237 2288 katemum
1275 2221 1435 2287 nostrum

173 2357 359 2411 commune
397 2345 455 2408 est
492 2336 734 2434 conscriptum
764 2347 801 2411 et
835 2336 971 2412 iactum
1008 2359 1117 2436 super
1154 2336 1434 2435 consignacione

172 2460 353 2535 literarum
390 2468 594 2534 nostrarum
633 2484 697 2535 seu
736 2461 892 2536 civitatis
921 2465 1116 2560 prenotate
1154 2460 1433 2560 privilegiatum,

101 2663 103 2667 ,
172 2607 281 2683 super
317 2583 610 2682 possessionibus
649 2586 775 2660 civium
805 2598 843 2661 et
877 2586 1120 2662 habitatorum
1154 2584 1315 2661 eiusdem
1354 2586 1432 2661 civi·

171 2708 258 2782 tatis
287 2707 321 2781 in
351 2706 447 2781 dicta
476 2708 622 2783 civitate
652 2710 794 2784 eteius
824 2711 1011 2786 territorio
1040 2709 1181 2802 habitis,
1219 2710 1285 2785 sub
1315 2710 1431 2810 sigillo

173 2831 439 2906 communitatis
467 2854 579 2906 aureo
609 2832 784 2908 confectis
808 2844 845 2910 et
874 2835 1049 2910 emanatis
1080 2857 1146 2934 pro
1175 2834 1301 2909 maiori
1331 2834 1430 2909 certi·

497 2955 619 3030 tudine
648 2965 686 3030 et
714 2956 857 3056 refugio
887 2957 1105 3033 eorumdem.

681 3221 744 3296 (18.
760 3227 927 3301 januarii).

278 3366 356 3426 Item
381 3366 500 3427 nobilis
524 3365 655 3426 dominu
674 3371 783 3446 Agnes
805 3367 913 3427 relicta
931 3367 1086 3428 iohannis
1109 3364 1241 3441 Pehern,
1259 3384 1345 3427 nunc
1361 3384 1427 3426 con·

172 3493 240 3534 sors
265 3471 461 3548 Melchioris‚
486 3472 649 3553 quandam
673 3473 807 3535 domurn
831 3492 920 3534 suam
947 3474 1043 3534 simul
1068 3491 1140 3534 curn
1165 3469 1268 3532 fundo
1292 3486 1324 3533 et
1347 3470 1431 3533 hedi-

172 3577 251 3639 ficiis
276 3578 307 3638 in
332 3578 460 3639 civitate
486 3579 567 3638 inter
591 3578 687 3639 aliurn
723 3579 856 3640 domum
882 3598 972 3640 suam
1000 3591 1158 3640 muratam
1183 3592 1214 3639 et
1238 3576 1376 3639 fundum
1399 3594 1431 3637 ac

171 3683 330 3761 neutricia,
355 3685 394 3744 ab
413 3704 474 3745 una
500 3697 599 3766 parte,
624 3687 664 3746 ub
682 3685 779 3746 altera
801 3705 877 3746 vero
895 3687 976 3746 inter
1000 3687 1135 3746 domum
1153 3683 1310 3745 Johannis
1327 3683 1431 3745 Theu-

171 3792 304 3869 thonici‚
329 3791 422 3871 jurati
448 3791 594 3853 moderni
632 3791 786 3869 habitam,
819 3792 959 3854 medium
985 3792 1105 3853 curium
1130 3805 1161 3852 et
1185 3790 1327 3852 mediam
1352 3803 1431 3851 octu-

172 3917 244 3959 vam
270 3918 341 3959 curn
368 3899 433 3959 suis
458 3898 665 3980 pertinenciis
690 3899 773 3959 inse
799 3900 1029 3978 continentem,
1055 3898 1189 3959 Hertico
1213 3897 1308 3959 Pater
1332 3910 1431 3959 noster

172 4005 270 4082 dicto,
295 4005 419 4065 concivi
445 4017 565 4082 nostro,
592 4024 649 4086 pro
668 4005 778 4067 decem
798 4020 828 4066 et
852 4020 927 4067 octo
952 4005 1021 4068 flor.
1047 4005 1141 4088 plene
1166 4005 1338 4087 persolutis
1362 4023 1431 4065 ven·

171 4111 252 4173 didit
276 4125 431 4192 perpetuo
456 4112 694 4192 possidendam.

278 4234 354 4295 item
380 4235 532 4296 Nicolaus
557 4234 641 4296 filius
667 4233 799 4316 Georgii
824 4236 864 4296 de
890 4236 1008 4313 Mloka,
1037 4235 1242 4297 medietatem
1268 4237 1428 4297 cuiusdam

170 4342 286 4403 domus
310 4355 433 4402 mutate
458 4362 493 4402 ac
516 4341 668 4402 stacionis
692 4342 751 4401 sub
777 4341 888 4402 eadent
907 4342 976 4418 site,
1001 4356 1032 4402 et
1055 4339 1146 4402 fundi
1169 4361 1227 4403 nec
1252 4361 1319 4404 non
1343 4340 1427 4404 fundi

170 4462 200 4509 et
225 4447 447 4509 hedificiorum
473 4449 504 4508 in
530 4448 657 4508 civitate
683 4448 823 4528 predicto
849 4449 931 4509 inter
955 4447 1089 4510 domum
1114 4461 1145 4510 et
1167 4448 1346 4511 stacionem
1364 4467 1427 4511 mu·

170 4567 270 4616 ratam
295 4554 409 4616 Briccii
433 4554 558 4636 pridem
584 4553 699 4632 judicis
728 4552 783 4615 tilii
810 4553 975 4616 Benedicti
1001 4575 1017 4615 a
1042 4567 1131 4637 purte
1155 4555 1320 4634 anteriori,
1345 4570 1428 4639 porte

170 4680 246 4723 vero
271 4661 439 4742 posteriori
472 4680 570 4741 penes
601 4658 749 4736 fundum,
782 4661 915 4722 domum
948 4674 979 4722 et
1012 4658 1159 4722 hedificia
1184 4661 1350 4724 Benedicti
1374 4660 1428 4723 filii

170 4766 298 4849 Gyuoni
325 4781 355 4828 et
378 4767 553 4828 liberorum
588 4766 677 4827 Pauli
711 4765 814 4826 fratris
847 4768 945 4849 ipsius
971 4766 1135 4828 Benedicti
1167 4769 1207 4828 ab
1232 4768 1368 4847 oriente,
1391 4769 1428 4829 ab
