3142 5356
153 319 211 379 166
342 319 344 323 ’
680 319 765 376 Anno
788 312 880 394 1428.

959 422 1127 429 ---—-
1140 424 1329 429 .-.-..---.-.-.
1349 425 1365 429 -
1378 424 1417 430 ——

148 548 272 590 cessum
295 527 381 608 juxta
398 526 665 608 adjudicatoriam
690 527 952 589 commissionem
971 541 1124 606 nostram,
1149 527 1181 589 in
1199 526 1304 589 literis
1323 527 1420 609 privi-

148 633 319 715 legialibus
342 653 535 716 expressam,
561 633 666 696 eidem
691 633 831 696 lohanni
855 633 954 694 actori
972 632 1069 694 vendi
1094 631 1210 695 luisset
1234 634 1421 711 commissa,

149 760 222 803 cum
254 740 406 802 omnibus
437 739 503 801 suis
534 739 727 802 utilitatibus
767 754 797 800 et
828 739 1034 820 pertinenciis
1068 739 1227 801 universis
1262 753 1422 801 annotato

148 845 286 909 lohanni
301 846 437 908 institori
452 865 510 928 pro
528 845 656 907 duobus
673 844 743 909 flor.
760 845 829 906 auri
845 844 991 907 vendidit
1003 859 1159 927 perpetuo
1174 845 1421 927 possidendam.

254 952 331 1013 ltem
356 952 510 1032 providus
534 952 582 1012 vir
606 951 796 1013 Valentinus
831 949 918 1012 filius
943 951 1108 1033 Stephani,
1133 952 1274 1014 concivis
1299 967 1422 1028 noster,

148 1058 311 1140 quandam
336 1059 525 1140 particulam
551 1057 643 1119 fundi
676 1058 780 1136 vacui,
815 1077 899 1119 nunc
923 1056 1082 1118 hedificiis
1114 1057 1265 1136 decorati,
1292 1073 1420 1140 partem

148 1165 267 1226 scilicet
291 1165 539 1241 anteriorem,a
573 1163 678 1246 platea
712 1164 878 1225 communi
911 1163 941 1224 in
967 1163 1170 1243 longitudine
1202 1163 1334 1244 triginta
1359 1164 1420 1225 tria

148 1269 303 1351 (brachia)
337 1268 438 1331 ferrea
470 1269 701 1347 continentem,
736 1270 768 1330 in
801 1270 928 1332 civitate
965 1269 1047 1330 inter
1077 1266 1214 1331 fundum
1239 1270 1420 1331 liberorum

150 1375 288 1438 condam
314 1375 469 1437 iohannis
493 1375 672 1437 Hermanni
705 1390 736 1436 et
760 1375 894 1436 domum
929 1375 1078 1456 Gregorii
1103 1395 1139 1437 ac
1163 1375 1293 1437 Thome
1327 1395 1420 1439 arcu·

148 1502 262 1566 parum
288 1481 439 1560 habitam,
465 1501 562 1543 unam
595 1495 744 1563 quartam
777 1483 865 1543 curie
890 1482 922 1544 in
948 1503 981 1544 se
1014 1482 1245 1561 continentem,
1277 1484 1419 1565 provido

149 1589 217 1650 viro
243 1587 385 1668 Georgio
410 1586 480 1649 filio
505 1587 604 1649 Blasii
628 1607 686 1669 pro
714 1602 788 1649 octo
812 1589 920 1670 pensis
944 1589 1149 1651 denariorum
1176 1590 1323 1652 vendidit
1349 1612 1419 1673 per-

149 1709 249 1778 petuo
272 1695 512 1778 possidendam.

255 1800 1419 1884 lmfflfflmmfflmmfflwmfflmoemmfflmfflb

150 1906 328 1990 prauinich,
353 1906 515 1987 quandam
534 1920 650 1968 terram
667 1927 780 1969 eorum
805 1908 958 1969 arabilem
976 1908 1008 1968 in
1034 1928 1148 1990 campo
1174 1909 1314 1970 civitatis
1330 1909 1416 1988 juxta

150 2013 285 2075 fluvium
312 2012 552 2075 Chernomerch
576 2029 606 2074 et
631 2015 712 2075 inter
741 2028 856 2074 terram
892 2013 1019 2075 claustri
1046 2015 1128 2076 beati
1154 2015 1316 2076 Francisci
1341 2035 1416 2077 con·

151 2120 278 2182 sessoris
302 2119 455 2199 habitam,
481 2134 618 2201 quatuor
642 2121 744 2182 dietas
769 2121 800 2180 in
826 2139 859 2180 se
884 2120 1114 2199 continentem,
1139 2121 1247 2183 lwano
1272 2120 1341 2183 filio
1366 2122 1414 2182 Ja-

153 2227 225 2289 cobi
250 2226 289 2286 de
315 2225 446 2310 Dedyclr
472 2246 530 2308 pro
555 2226 668 2307 viginti
693 2227 763 2288 flor.
796 2226 864 2286 auri
890 2226 1104 2289 vendiderunt
1135 2243 1292 2311 perpetuo
1317 2229 1414 2310 possi·

151 2333 302 2395 dendam.

257 2438 333 2499 ltem
360 2437 479 2499 Mathai
505 2439 722 2520 carpentarius
738 2437 823 2501 filius
853 2441 994 2523 Dragoy,
1018 2439 1224 2502 medietatem
1250 2441 1410 2502 cuiusdam

152 2544 268 2605 domus
292 2563 347 2605 sue
372 2544 404 2604 in
438 2544 577 2622 civitate,
611 2545 693 2605 inter
725 2543 862 2607 fundum
889 2546 1014 2608 Nicolai
1047 2546 1208 2607 Baldoniu
1241 2560 1273 2607 et
1306 2546 1410 2607 Jacobi

152 2651 228 2713 dicti
253 2651 385 2730 Konyar
408 2649 527 2728 habite,
552 2649 690 2711 mediam
717 2652 838 2712 curiam
865 2653 895 2712 in
925 2672 956 2712 se
982 2652 1185 2730 continentis,
1209 2651 1410 2713 medietatem

151 2757 301 2819 videlicet
325 2769 443 2819 rectam
469 2771 500 2818 et
526 2757 673 2838 equalem
700 2757 739 2817 de
759 2759 823 2819 alto
849 2773 879 2820 et
903 2762 1007 2837 basso,
1032 2778 1128 2820 unam
1154 2773 1302 2839 quartam
1328 2760 1410 2820 inse

152 2865 381 2941 continentem,
407 2862 568 2925 Clementi
592 2863 740 2944 piscatori
766 2863 834 2926 filio
861 2866 935 2926 Jure
970 2886 1028 2948 pro
1052 2885 1106 2926 sex
1130 2866 1246 2927 marcis
1271 2866 1413 2928 vendidit

152 2985 309 3054 perpetuo
334 2970 581 3051 possidendam
605 2970 762 3051 reliquam
781 2984 887 3033 autem
907 2972 1114 3034 medietatem
1132 2972 1276 3033 eiusdem
1303 2973 1413 3034 domus

153 3098 210 3160 pro
235 3097 268 3138 se
293 3077 464 3137 reservavit
487 3075 725 3157 possidendam.

259 3184 336 3246 ltem
362 3184 517 3245 medietas
540 3184 706 3244 cuiusdam
732 3183 848 3246 domus
874 3185 905 3245 in
939 3184 1022 3246 dicta
1047 3184 1174 3245 civitate
1199 3185 1231 3245 in
1255 3185 1328 3247 vico
1352 3205 1413 3246 car-

153 3291 283 3353 nificum
298 3292 379 3352 inter
396 3291 511 3351 domos
528 3291 671 3351 virorum
684 3291 893 3371 providorum
920 3290 1052 3372 Georgii
1071 3291 1262 3352 successoris
1280 3293 1412 3353 condam

153 3401 263 3482 Zupan
283 3397 412 3480 Mathye
437 3419 473 3458 ac
498 3396 626 3458 Thome
652 3397 726 3457 dicti
751 3396 961 3476 Goczlenich,
985 3399 1025 3458 ab
1043 3417 1107 3458 una
1131 3412 1231 3479 parte,
1256 3400 1296 3459 ab
1321 3399 1414 3459 altera
1457 3440 1472 3451 Α

153 3526 229 3566 vero
254 3518 342 3587 parte
374 3503 490 3565 domus
522 3503 677 3563 Demetrii
710 3502 816 3584 Sepko
849 3503 967 3581 habite,
1000 3503 1143 3564 mediam
1168 3505 1289 3565 curiam
1322 3505 1352 3566 in
1384 3523 1414 3564 se
1435 3517 1472 3557 ε

153 3612 358 3688 continentis,
384 3610 537 3672 medietas
568 3622 650 3668 recta
684 3608 835 3670 videlicet
860 3623 890 3671 et
922 3610 1056 3690 equalis,
1082 3629 1181 3671 unam
1215 3625 1360 3691 quartam
1384 3611 1412 3670 in
1431 3621 1472 3665 t

152 3738 185 3779 se
210 3719 389 3795 continens,
408 3716 504 3777 Gallo
522 3716 607 3777 dicto
626 3713 737 3774 Zuden
755 3712 822 3775 filio
841 3715 994 3777 Demetrii
1013 3735 1049 3776 ex
1075 3714 1248 3777 sufficienti
1274 3717 1472 3778 eiusdem:

153 3825 422 3907 comprobacione
441 3824 470 3884 in
490 3823 554 3884 alio
572 3835 681 3882 nostro
700 3822 856 3904 (katerno)
874 3822 1040 3883 communi
1058 3837 1272 3905 expressatam
1297 3838 1327 3885 et
1342 3843 1452 3885 con‘

153 3933 321 4013 signatam,
339 3931 443 3992 eidem
470 3928 566 3991 Gallo
591 3941 707 3988 statuta
732 3943 778 3988 est
803 3929 975 3990 literatorie
992 3929 1185 4010 possidenda
1210 3944 1363 4011 perpetuo
1385 3942 1472 3988 er:

154 4037 312 4100 habenda.
